2709 4417
316 325 358 397 74
561 330 724 400 Disputatur
737 333 847 400 bipsiac
863 333 960 389 habita
978 349 1004 388 a.
1025 335 1085 388 xlx

315 526 450 597 namen,
473 519 611 581 nondum
631 520 711 581 anim
734 521 913 599 confutavit,
933 521 1112 606 morbidam
1124 523 1212 588 dacre-

315 607 378 665 tum
388 603 522 682 cepham
546 605 763 682 interpretatur
778 612 879 684 caput,
901 623 979 684 quae
1001 607 1125 668 inscitia
1143 615 1211 674 tanto

315 686 454 747 Pontifici
476 706 541 747 non.
560 693 608 747 est
628 686 797 758 tribuenda,
819 690 996 768 praesertim
1019 708 1057 750 eo
1081 697 1211 774 temporo,

314 769 365 831 ubi
386 769 553 831 floruerunt
542 770 698 849 tlinguae
720 779 751 830 et
782 769 972 832 ludaeorum
987 772 1155 835 habebatur
1173 795 1211 838 co·

314 854 373 934 pia.
402 853 464 914 Sed
484 854 545 913 boo
566 859 703 930 constat,
732 853 839 914 librum
862 855 1069 916 Decretorum.
1092 859 1210 921 nondun

316 937 784 1116 ωθῐῖιξιξιῐῖξίἃιιιιιιιωςιιιίιιι
775 990 941 1082 insectatus
963 1027 1030 1097 ast,
1052 1022 1134 1118 quod
1154 1023 1211 1105 diri,

314 1104 415 1184 pluras
438 1123 508 1164 essa
528 1103 739 1163 criminatores
754 1103 969 1177 Bohemorum,
992 1123 1084 1183 quam
1105 1107 1211 1169 insinuo

205 1224 211 1243 ι
313 1192 406 1250 toras
449 1187 571 1248 Utinam
594 1185 787 1246 mendacium
809 1186 936 1247 fuissem
956 1186 1087 1253 locutus.
1129 1190 1210 1253 Video

313 1269 435 1353 quidem
458 1270 554 1330 multa
585 1267 645 1328 dici
674 1276 705 1328 et
732 1268 823 1329 scribi
846 1277 953 1330 eona-a
974 1288 1047 1346 eoa
1071 1271 1131 1332 sed
1151 1276 1211 1334 satis

312 1353 490 1432 infeliciter,
519 1350 602 1430 quod
630 1370 693 1412 uon
716 1353 912 1412 nominentur
934 1319 1067 1414 fraterno
1089 1357 1209 1437 nomine

313 1435 396 1515 quod
418 1443 521 1497 tamen
543 1433 655 1494 Patulus
673 1431 710 1515 ²¹⁸)
735 1433 863 1495 (inlatos
885 1419 1022 1514 lapsos
1013 1456 1044 1496 ιιι
1068 1406 1209 1515 pertidiani

232 1545 235 1551 ·
311 1518 499 1579 iudaeorum
534 1536 595 1577 non
625 1515 818 1596 dedignatur
862 1517 962 1581 Orcdo
992 1538 1052 1600 ago
1075 1521 1210 1582 Bohemos

312 1621 381 1662 esse
402 1602 542 1663 homines
559 1605 590 1660 et
612 1600 731 1661 blandis
752 1601 944 1661 sermonibus
966 1609 998 1661 et
1020 1606 1212 1664 concessioni-

312 1684 367 1745 bus
390 1703 484 1763 posse
501 1683 624 1780 attrabi,
646 1685 698 1762 qui
720 1684 980 1745 criminationibus
1002 1691 1047 1746 et.
1055 1686 1210 1765 opprobriis

310 1768 456 1828 baeretici
478 1767 611 1828 nominis
632 1767 730 1846 magis
752 1767 939 1827 indurantur
979 1767 1121 1829 Nont
1073 1775 1121 1829 ast
1141 1789 1210 1850 ergo

313 1850 395 1928 quod
418 1869 600 1911 excusemur
621 1869 685 1910 non
713 1868 783 1909 esse
805 1849 988 1911 narrandam
1010 1850 1143 1911 fabulam
1164 1873 1212 1912 aur-

311 1932 361 2009 dcu
383 1953 451 1994 curn
474 1933 681 2014 praecipiente
702 1932 800 1994 Paulo
814 1932 868 2004 **)
901 1933 1078 1993 instandum
1107 1936 1178 1994 sit
1172 1955 1212 1994 rn-

312 2023 456 2096 portuno
479 2024 661 2112 opportune

395 2100 441 2160 De
462 2100 582 2180 graecis
605 2097 725 2158 Sanctis
751 2098 873 2177 saepius
897 2096 1038 2160 diriimus.
1076 2099 1152 2159 lllud
1178 2119 1217 2160 au·

313 2188 374 2242 tem
396 2180 586 2242 tractandum
602 2188 659 2257 est
681 2179 764 2260 quod
786 2180 824 2241 au
847 2182 1063 2241 concitandam
1083 2182 1221 2279 invidiam

312 2264 440 2325 multum
462 2265 620 2340 clamavit
651 2228 840 2324 lrorrendum
864 2273 932 2324 esse
955 2265 1097 2326 omnibns
1121 2242 1221 2329 Christi

312 2346 473 2423 fidelibus,
502 2346 584 2426 quod
623 2353 731 2407 contra
757 2353 819 2406 tarn
849 2354 987 2407 sanctum
1018 2355 1049 2408 et
1071 2347 1219 2408 laudabile

312 2430 409 2491 Gonst
397 2432 549 2490 tantiensa
572 2429 745 2490 Concilium
786 2447 847 2488 non
877 2435 997 2489 vereret
997 2449 1032 2489 ur
1053 2429 1084 2504 1)
1117 2430 1220 2508 dicere,

312 2513 430 2590 aliquot
450 2512 684 2572 articulosHuss
707 2512 801 2570 fuisse
814 2511 1082 2573 christianissimos
1098 2521 1221 2574 etevan-

309 2595 443 2676 gelicos,
475 2613 552 2673 quos
574 2614 636 2653 non
665 2594 764 2672 possit
791 2594 971 2654 universalis
994 2596 1128 2656 ecclesia
1148 2596 1221 2656 dam·

311 2697 394 2738 nare.
436 2677 639 2756 Respondent
674 2677 757 2736 lnter
776 2677 923 2737 articulos
939 2677 1025 2737 ¹Huss
1047 2686 1095 2738 est
1116 2687 1148 2740 et
1167 2679 1221 2756 ille,

311 2760 381 2822 Una
402 2760 434 2835 ²)
468 2766 516 2820 cst
536 2766 645 2819 sancta
676 2759 856 2820 universalis
886 2760 1037 2839 ecclesia,
1067 2781 1148 2840 quas
1183 2770 1221 2822 est

309 2842 606 2924 praedestinatorum
628 2843 821 2904 universitas.
836 2842 928 2904 liam
950 2844 1047 2903 aliusz:
1068 2845 1221 2906 Universa

309 2925 351 2986 lis
377 2933 484 2986 nancta
510 2925 643 2985 ecclesia
669 2931 787 2985 tantum
815 2932 863 2985 est
891 2944 970 3000 una,
998 2928 1077 2987 sicut
1110 2935 1221 2988 tantum

275 3015 278 3020 '
310 3028 390 3069 unus
425 3015 474 3069 est
506 3027 651 3068 numerus
680 3009 815 3068 omnium
843 3009 1148 3087 praedestinatorum.
1190 3011 1221 3070 lu

311 3090 372 3153 duo
395 3111 457 3152 non
477 3097 548 3151 sunt
569 3091 658 3170 Huss,
681 3090 736 3151 sed
758 3090 921 3170 Augustini
943 3111 1035 3171 super
1055 3092 1221 3154 iohannem

311 3175 350 3235 ad
372 3175 500 3236 verbum
521 3193 638 3254 prope,
667 3183 697 3234 et
719 3181 904 3253 repetuntur
924 3194 980 3254 per
999 3174 1177 3256 Magistrum
1199 3178 1219 3238 4

311 3260 530 3319 sententiarum
552 3257 591 3317 do
621 3275 708 3317 sacra
731 3257 863 3317 Euchar.
894 3258 1014 3318 Tertius
1036 3266 1097 3318 est:
1141 3260 1221 3321 Duas

312 3348 450 3419 naturae,
473 3341 616 3400 divinitas
640 3348 671 3400 et
693 3340 874 3419 hnmanitas,
898 3347 968 3400 sunt
989 3360 1067 3400 unus
1081 3341 1218 3402 Christus

311 3424 376 3483 Hos
398 3423 543 3484 articulos
567 3422 660 3482 credo
684 3422 848 3483 confitetur
870 3443 989 3484 mecum
1011 3424 1048 3484 D.
1069 3425 1221 3485 lohannes

311 3507 431 3568 Eccius.
474 3505 621 3580 Quartus:
666 3506 784 3565 Divisio
814 3506 992 3566 immediata
1026 3507 1221 3570 humanoruu

570 3680 709 3687 -.-.-.
721 3681 728 3684 ,

334 3798 531 3868 *inarato
576 3784 810 3860 'ramma

210 3884 216 3901 ¹
321 3868 364 3940 1‘)
377 3873 412 3930 In
435 3875 483 3933 ed
495 3870 605 3946 nrl'g.t
628 3876 759 3930 verettrr
795 3868 834 3939 2]
853 3840 1095 3923 turcomannis„
