2709 4417
220 346 289 425 250
474 350 566 419 Rosci.
585 350 613 416 L.
632 366 716 423 super
735 351 924 420 Proposition.

227 539 419 615 stantiensis,
441 531 571 619 ns'gem,
605 539 656 616 qui
682 537 813 605 babeam
841 537 905 608 boc
925 535 1123 601 munimentum

227 628 259 683 et
279 621 359 685 hanc
381 621 623 698 excusationem,
653 620 735 700 quod
753 621 888 685 concilio
908 615 1056 681 incumbit
1074 637 1124 697 pro

225 704 301 767 bare
324 723 380 765 sua
401 703 524 764 decreta
534 709 565 764 et
586 703 759 781 ostendere,
781 723 816 765 se
831 724 894 766 non
915 720 1043 778 arasse,
1060 706 1125 780 post

228 787 495 867 quamoonstitit,
527 787 624 866 ipsum
648 786 814 867 aliquando
837 805 959 849 errasse
989 790 1019 844 et
1044 802 1126 845 erran

248 888 329 931 osse.
1101 893 1112 907 ⁸

224 889 246 951 p
312 950 390 1026 Quid
415 971 489 1032 ergo
512 959 601 1032 putas
623 953 714 1014 nobis
742 957 901 1033 praestant
921 950 1052 1012 vicariae
1071 948 1126 1010 illae

229 1034 429 1097 conciliorum
453 1036 549 1095 nostri
573 1036 671 1097 seculi
695 1024 968 1097 diterminationes
990 1038 1021 1092 et
1040 1050 1126 1112 repro

228 1116 388 1195 bationcs,
422 1118 481 1179 nisi
511 1118 593 1197 quod
619 1138 677 1179 nos
709 1117 842 1183 reddunt
865 1119 910 1192 (si
931 1118 963 1177 in
986 1114 1052 1175 illas
1078 1115 1126 1174 niri

228 1199 391 1276 fuerimus)
420 1201 572 1278 incertos,
605 1201 656 1262 ubi
688 1201 812 1265 tandem
850 1197 1043 1280 quaerendus
1063 1197 1126 1272 sitl)

229 1282 377 1358 Christus,
401 1283 543 1362 ecclesia,
565 1285 745 1360 concilium,
767 1284 897 1364 Spiritus
920 1285 1059 1356 sanctus,
1079 1298 1126 1340 ou·

227 1366 340 1445 niaque
362 1366 453 1445 plane
474 1367 506 1436 in
528 1368 657 1446 primum
670 1367 778 1428 chaos
800 1365 1036 1438 confundantur.

157 1512 160 1519 ,
313 1447 372 1509 Sed
398 1448 437 1508 ad
460 1448 699 1512 Constantiense
720 1457 867 1525 revertor,
889 1467 951 1528 quo
976 1445 1070 1527 magis
1088 1445 1126 1509 in-

227 1537 327 1673 petor,
352 1532 436 1591 cuius
449 1531 678 1594 damnationem
700 1534 731 1595 in
753 1531 881 1594 articulo
903 1530 958 1592 illo
978 1528 1126 1590 Hussitico:

251 1633 311 1692 apa
334 1633 394 1673 non
423 1621 471 1675 est
498 1615 563 1677 iure
595 1615 700 1676 divino
739 1634 832 1695 super
857 1633 967 1676 omnes
989 1610 1127 1672 ecclesias.

208 1697 320 1756 etiam
343 1696 414 1757 ideo
436 1698 571 1776 iniquam
586 1717 704 1773 assero,
727 1697 810 1777 quod
822 1699 872 1758 sit
892 1696 1048 1759 contraria
1058 1692 1127 1752 Nice

228 1797 269 1838 no
281 1779 415 1839 concilio
428 1788 458 1839 et
473 1779 629 1858 Africano,
651 1787 683 1842 et
696 1782 751 1841 toti
774 1781 915 1843 orientali
938 1786 971 1839 et
983 1777 1127 1837 Africanae

229 1861 391 1940 ecclesiae,
415 1881 482 1923 oum
505 1882 567 1923 non
590 1864 749 1925 nisisexta
769 1862 897 1943 Synodo
920 1859 1127 1923 Calcedonensi

228 1943 348 2004 oblatus
371 1945 411 2004 sit
430 1945 578 2024 primatus
605 1953 684 2014 (non
708 1947 773 2007 iure
795 1943 932 2028 divino),
955 1942 1009 2004 sed
1037 1940 1072 2003 ab
1092 1959 1128 1999 ec·

230 2025 324 2086 clesia
344 2026 434 2089 Rom.
459 2027 671 2108 pontificibus,
698 2049 757 2089 neo
779 2030 824 2089 sic
845 2034 951 2090 tamum
973 2024 1011 2089 ab
1034 2025 1075 2086 eis
1093 2042 1127 2082 as-

228 2114 374 2189 sumptus,
397 2116 430 2171 ut
452 2111 557 2171 scribit
578 2111 799 2193 S.Grsgorius.
842 2111 920 2171 Nam
945 2110 971 2170 si
993 2110 1056 2169 iure
1072 2105 1128 2167 divi·

227 2210 268 2250 no
294 2197 389 2251 staret
409 2193 565 2272 primatus,
588 2194 737 2255 Nicenum
753 2215 820 2256 oum
845 2200 977 2274 quatuor
997 2189 1128 2270 sequenti·

228 2272 284 2332 bus
307 2279 389 2335 esset
409 2275 605 2353 haereticum,
628 2297 798 2357 omnesque
817 2279 847 2337 in
871 2275 1003 2336 ecclesia
1023 2271 1129 2334 orientis

231 2354 385 2435 haeretici,
406 2358 552 2420 haeretici
570 2359 658 2422 Rom.
678 2359 851 2440 pontifices,
873 2359 925 2439 qui
944 2357 1077 2417 oblatum
1094 2373 1127 2412 re·

228 2447 383 2518 spuerunt.
406 2438 506 2514 Quare
520 2441 592 2503 volo
600 2444 756 2504 autoritati
769 2441 1013 2504 Constantiensis
1026 2436 1128 2498 concilii

228 2520 259 2580 in
288 2522 346 2581 huo
374 2529 461 2602 parte
490 2523 562 2585 nihil
587 2524 705 2586 cedere.
748 2526 822 2585 Non
852 2525 932 2585 euim
961 2522 1059 2603 patiar
1083 2519 1129 2578 ulla

227 2604 348 2665 ratione
378 2607 522 2666 maiorem
546 2610 662 2686 partem
686 2607 837 2669 ecclesiae
864 2606 1052 2667 haereticam
1079 2601 1127 2662 ficri

229 2694 357 2764 propter
366 2687 603 2750 Constantiense
615 2691 790 2766 concilium,
813 2689 895 2769 quod
910 2707 1030 2750 errasse
1047 2684 1128 2766 palan

230 2775 285 2831 est.
328 2769 394 2829 Neo
407 2772 524 2849 mirum,
547 2790 616 2832 cum
638 2773 850 2834 administrata
872 2772 951 2832 haec
975 2771 1036 2831 siut
1056 2768 1134 2849 potis·¹

229 2851 338 2911 simum
363 2852 505 2915 machina
526 2856 738 2933 inquisitorum
769 2864 800 2916 et
831 2856 985 2916 sociorum
1016 2869 1129 2912 suorum.

312 2934 389 2995 Sunt
420 2943 450 2995 et
479 2936 565 2998 multi
597 2937 648 2998 alii
680 2938 799 2998 articuli
821 2938 966 2998 Hussitici
1001 2934 1130 2995 verissimi

234 3016 349 3076 ibidem
374 3017 526 3095 damnati,
549 3039 626 3098 quos
648 3020 831 3100 expediam,
863 3040 931 3080 cum
956 3017 1130 3081 adversarius

230 3119 279 3158 me
310 3102 506 3177 excitaverit,
539 3122 608 3162 nam
641 3099 704 3163 hoc
739 3100 879 3184 ipsius2)
904 3102 1028 3164 concilii
1050 3098 1131 3160 verbis

232 3181 390 3243 evidenter
415 3183 570 3263 probabo,
596 3186 746 3246 iohannis
768 3185 858 3247 Hussi
880 3185 1065 3249 sententiam
1086 3204 1130 3245 non

231 3263 343 3340 fuisse,
366 3266 448 3344 quod
471 3267 569 3327 malus
586 3268 735 3348 pontifex,
756 3276 809 3329 aut
829 3270 858 3327 in
882 3276 1013 3348 peccato
1031 3266 1131 3328 mortali

229 3347 383 3422 existens,
412 3369 474 3408 non
505 3350 545 3409 sit
572 3351 711 3430 pontifex
733 3350 920 3430 habendus„
935 3350 1010 3410 licet
1032 3351 1131 3430 sangui·

230 3430 306 3489 narii
328 3431 523 3508 inquisitores
548 3433 659 3494 multos
682 3433 826 3496 articulos
858 3434 885 3494 ei
914 3434 945 3493 in
975 3433 1057 3495 hanc
1085 3451 1130 3493 ren

230 3511 390 3591 impositos
408 3513 546 3577 damnari
559 3517 701 3579 curarint.
742 3514 869 3579 Nschio
890 3535 974 3591 auro,
998 3516 1078 3594 quod
1097 3535 1131 3576 me

231 3592 419 3663 Boemorum
449 3603 612 3677 patronum
635 3599 858 3678 vociferantur,
890 3599 987 3679 ipsius
1010 3598 1131 3667 Concili,

231 3676 314 3754 quod
336 3684 445 3739 contra
467 3700 516 3740 me
538 3683 668 3759 iactant,
699 3681 830 3744 ostendo
862 3689 892 3742 et
913 3701 1028 3760 sequor
1048 3681 1130 3746 verba,

230 3797 325 3804 n—-—..
537 3801 654 3808 ..--——-

255 3885 292 3957 1)
315 3887 345 3944 ln
370 3887 415 3944 ed.
438 3890 534 3964 ogig&
555 3891 608 3941 est.
644 3883 681 3970 Ἰ)
700 3883 740 3936 ln
756 3879 825 3934 edd.
841 3879 934 3942 cr'rgx
949 3891 990 3926 ex
1002 3878 1106 3938 ipsius,
