2709 4417
262 355 325 433 204
493 358 651 426 Disputatio
670 358 779 426 Lipsiae
796 359 891 417 habita
910 374 933 410 a.
951 359 1014 412 xlx

211 444 219 472 r

325 544 408 607 sed
438 548 462 606 si
484 547 670 608 reverendus
693 548 797 622 Pater,
828 546 907 609 sieut
931 548 963 607 iu
985 548 1163 613 Resolutorio
1209 536 1212 593 Ϊ

265 637 296 692 et
317 630 409 704 alias,
451 631 664 709 meoquidem
689 651 795 707 sensu,
817 630 919 690 facere
940 632 1066 711 nititur,
1095 636 1164 694 satis
1202 646 1210 677 ·'

264 714 429 791 factionem
460 713 543 776 illam
576 714 639 774 lieri
671 714 843 783 ecclesiae,
875 712 930 773 sed
957 715 1057 774 Deum
1089 716 1164 777 talen

265 816 399 878 poenam
411 817 472 857 non
497 799 661 876 requirere,
685 805 715 858 et
728 816 817 876 quam
825 797 909 856 Deus
925 798 1068 876 requirat,
1088 798 1164 862 homo

235 878 238 883 ’
264 899 328 945 non
350 881 482 956 auferat;
505 887 613 941 oontm
634 900 694 961 ego
719 899 864 960 oppono:
893 880 996 941 Primo
1020 881 1101 960 quod·
1119 883 1164 943 Au-

259 963 398 1044 gustinus
421 963 452 1023 in
475 961 652 1025 Euchiridio
674 964 789 1042 inquit,
818 983 885 1042 cap.
907 967 959 1027 71.
987 964 1117 1043 loquitur
1135 965 1162 1028 de

261 1047 400 1107 oratioue
423 1046 594 1107 dominica:
624 1047 714 1108 Delet
742 1047 867 1107 omniuo
896 1047 976 1107 haec
1008 1050 1103 1108 oratio
1124 1051 1162 1110 ni·

263 1130 345 1193 nima
367 1136 398 1190 et
420 1129 600 1208 quotidiana
620 1137 763 1210 peccata,
792 1129 875 1190 delet
897 1130 1013 1207 stilla,
1035 1131 1161 1208 aquibus

263 1213 325 1273 vita
357 1211 492 1273 fidelium
523 1214 672 1274 scelerate
708 1219 816 1292 gesta,
848 1212 902 1272 sed
933 1214 1117 1292 poenitendo
1139 1217 1160 1276 iu

263 1295 371 1356 melius
395 1302 510 1357 mutata
533 1296 671 1356 discedit.
693 1296 752 1357 Ubi
776 1301 912 1374 constat,
935 1297 1102 1358 orationem
1123 1298 1160 1360 do·

263 1379 405 1441 minicam
439 1377 542 1439 delere
572 1379 705 1440 venialia
724 1385 770 1438 ·et
807 1379 898 1439 etiam
927 1380 1081 1456 mortalia,
1113 1401 1158 1442 nou
1210 1456 1212 1461 Ι

263 1461 365 1539 quoad
387 1463 518 1541 culpam,
538 1462 591 1522 sed
607 1462 709 1541 quoad
732 1479 874 1541 poenam,
897 1463 968 1540 quia
992 1464 1158 1540 poenitendo
1207 1518 1212 1541 ,

263 1550 398 1618 mutata,
443 1563 522 1622 quae
557 1546 684 1605 mutatio
713 1544 876 1624 Augustini
905 1544 1035 1624 intelligi
1067 1549 1157 1626 nequit
1207 1604 1209 1609 .

262 1627 319 1687 nisi
352 1625 390 1686 de
415 1629 583 1688 mutatione
605 1646 727 1707 poenae
750 1633 895 1688 aeternae
916 1629 947 1686 in
969 1629 1157 1707 temporalem.
1203 1678 1212 1697 ‚4

344 1709 425 1784 Eos,
453 1711 503 1788 qui
530 1710 651 1770 fuerunt
682 1730 701 1769 a
723 1709 954 1790 quadringentis
986 1712 1087 1790 anuis,
1113 1732 1157 1774 uon
1207 1786 1212 1794 Ι

263 1789 383 1853 adduco
406 1792 474 1852 huo.
496 1793 687 1855 Vuilhelmus
704 1792 1158 1869 Parisieusis,Vuilhelmusdlti·
1198 1816 1201 1829 ¹

262 1873 351 1949 aiod,
374 1874 474 1953 quiid
497 1876 589 1954 pleno
613 1895 666 1936 ore
689 1875 850 1936 affirmant.
894 1875 1033 1936 Accedat
1054 1876 1179 1957 Cypria,

261 1976 318 2018 nus
339 1959 369 2017 in
393 1956 534 2036 Epistola
554 1958 594 2018 ad
615 1957 733 2035 Fidum,
756 1958 807 2018 uhi
825 1959 870 2020 sic
887 1960 949 2019 ait:
981 1959 1119 2038 Legimus
1134 1961 1157 2019 li-

260 2045 342 2101 teras
364 2046 446 2118 tuas,
476 2043 630 2101 carissime
652 2042 765 2117 frater,
793 2041 902 2120 quibus
916 2065 920 2077 ·
933 2040 1109 2121 significasti
1131 2043 1158 2103 de
1207 2102 1212 2122 ,

261 2123 395 2202 quodam
417 2123 597 2203 presbytero
609 2125 745 2205 Victore,
768 2123 849 2204 quod
873 2125 911 2200 ei,
934 2131 1100 2203 antequam
1114 2125 1159 2204 ple
1199 2162 1211 2186 ·.

169 2261 171 2267 ,
261 2225 332 2267 nam
355 2207 574 2285 poenitentiam
599 2209 723 2288 egisset,
746 2208 918 2267 etDomino
940 2207 1020 2286 Deo,
1042 2209 1072 2267 in
1088 2227 1160 2286 quen

163 2328 166 2335 -
262 2288 451 2367 deliquerat,
481 2290 698 2365 satisfecisset,
725 2297 840 2350 temere
860 2290 1030 2369 Therapius
1059 2291 1161 2370 collega

260 2390 467 2452 praepropere
489 2393 593 2452 pacem
617 2372 754 2436 dederat.
787 2373 844 2432 Hic
867 2372 897 2433 S.
921 2371 1092 2452 Cyprianus
1114 2392 1161 2433 uon

261 2453 336 2519 dicit
358 2455 514 2515 Victorem
536 2456 687 2516 ecclesiae
714 2477 775 2517 non
810 2455 1013 2532 satisfecisse,
1041 2456 1095 2525 sed
1116 2456 1162 2516 Do·
1210 2512 1212 2517 .

268 2537 351 2599 mino
374 2537 452 2600 Deo.
707 2588 710 2601 ,.

343 2619 427 2679 ldem
452 2620 623 2699 Cyprianus
645 2620 684 2681 ad
707 2620 882 2682 Cornelium
905 2620 1020 2697 Papam
1050 2619 1089 2679 de
1109 2619 1164 2680 hac

262 2701 364 2762 retieis
376 2703 431 2762 ait:
460 2703 640 2781 Elaborant,
662 2711 695 2764 ut
717 2722 794 2783 opus
816 2723 902 2763 suum
926 2701 1042 2762 diaboli
1064 2702 1166 2762 malitia
1210 2724 1212 2735 ⁴

262 2792 485 2859 consumment,
507 2805 546 2846 ne
568 2787 745 2847 vulneratos
768 2786 872 2846 divina
893 2785 1058 2847 clementia
1079 2786 1110 2844 in
1129 2803 1166 2844 ec

262 2867 357 2927 clesia
378 2887 434 2928 sua
444 2875 537 2953 curet.
560 2869 740 2929 Miserorum
761 2868 982 2949 poenitentiam
1005 2867 1167 2928 mendacio·

213 2964 216 2977 '
261 2971 326 3010 rum
348 2950 455 3011 fraude
476 2958 683 3031 corrumpunt,
704 2970 744 3010 ne
757 2952 824 3012 Deo
845 2950 1019 3030 indignanti
1040 2949 1168 3011 satisfiat.

262 3033 462 3112 Apertissime
491 3054 579 3095 sacer
605 3040 719 3114 martyr
739 3034 912 3094 haereticos
941 3034 1096 3112 increpat,
1127 3033 1168 3112 qui

261 3117 482 3195 poeniteutiam
497 3117 535 3179 ab
552 3117 684 3177 eeclesia
695 3115 862 3177 iniunctam
879 3113 1098 3177 existimabant
1117 3135 1170 3176 non

262 3217 331 3259 esse
353 3200 594 3261 satisfactionem
618 3200 687 3260 Dei,
1180 3256 1189 3272 ,

345 3280 491 3356 Quamvis
513 3281 796 3344 reverendusPater
818 3282 893 3341 eitra
915 3278 1100 3342 modestiam
1115 3299 1173 3340 sae-

261 3365 328 3443 pius
350 3366 422 3427 mihi
443 3366 640 3446 improperet,
663 3365 749 3444 quasi
762 3362 983 3443 scripturarum
1005 3370 1174 3423 sanctarum

261 3447 493 3527 intelligentiam
515 3468 577 3510 uon
599 3448 712 3509 idonee
733 3452 877 3521 tractem,
900 3444 939 3505 de
961 3464 1022 3524 quo
1045 3445 1175 3506 iudicent

158 3527 164 3538 “
262 3529 355 3590 hodie
377 3530 528 3610 designati
550 3530 683 3607 iudices,
713 3537 780 3590 uter
800 3530 911 3589 rectius
935 3528 974 3588 de
996 3526 1060 3588 fide
1082 3539 1113 3589 et
1133 3549 1175 3588 sa

263 3631 381 3672 crarum
403 3612 623 3691 scripturarum
647 3632 739 3673 seusu
757 3612 887 3671 sentiat:
909 3617 1063 3688 attamen,
1087 3630 1176 3690 quan·

260 3701 323 3757 tum
353 3715 412 3778 ego
444 3695 567 3774 video,
593 3697 731 3759 universi
773 3710 929 3754 sacrarum
958 3692 1177 3770 sessanum

249 3783 437 3849 tractatores
462 3783 495 3843 in
517 3782 604 3844 hanc
616 3779 810 3841 seutentiam
830 3772 1035 3832 descendunt.
1060 3773 1112 3828 ed
1131 3773 1201 3842 exuo

238 3866 327 3929 enim
351 3868 500 3931 ecclesia
522 3866 628 3929 vellet
649 3866 824 3946 imponam
842 3854 912 3917 lili
931 3866 1133 3924 <lm-&W
1148 3863 1213 3918 W·
