2709 4417
241 344 307 427 215
432 345 587 414 Disputatio
606 344 714 413 Lipsiae
731 345 828 411 habita
845 358 872 398 s.
892 341 955 396 xlx
1007 380 1009 386 .
1056 302 1059 310 ¹

239 531 330 593 euim.
344 530 484 610 quaestio
507 537 570 609 cst,
602 548 641 589 en
664 530 747 589 Deus
774 536 937 610 peccatum
964 528 1083 588 inultum
1099 530 1127 590 di·

239 616 355 692 mittat,
388 612 470 692 quod
498 613 572 673 satis
604 614 732 693 copiose
753 612 898 693 probavi,
931 612 987 673 sed
1013 631 1050 672 an
1069 633 1128 708 pape

160 698 163 703 ’
240 697 289 759 vel
317 697 452 758 ecclesia
476 697 612 757 remittet
621 743 629 774 ‚
668 715 744 776 quas
778 714 897 776 poenas
925 696 1026 756 Deus·
1040 697 1128 776 exigat.

238 780 289 841 De
307 780 369 842 hoc
388 780 465 841 uihil
488 778 645 858 probavit,
676 779 760 859 quod
782 779 923 858 relinquo
947 779 1057 839 iudicio
1076 779 1128 877 iudi·

224 881 308 924 cnm
332 869 363 924 et
385 864 522 924 omnium
544 863 727 923 auditorum.

312 947 435 1045 Tertio,
458 945 586 1007 obticuit
605 946 699 1007 hodie
721 945 893 1026 Scripturas
916 953 1054 1023 sanctus,
1079 945 1128 1006 ideo

239 1031 318 1090 sto
310 1049 342 1090 ιιι
365 1030 430 1090 eius
453 1027 637 1108 probatione
658 1029 804 1090 besterna
823 1030 931 1108 prima,
955 1047 994 1088 ex
1015 1027 1128 1105 (irenei,

238 1111 291 1174 ubi
312 1112 464 1192 probavit,
486 1131 603 1192 poenas
625 1114 738 1191 requiri
760 1132 780 1173 a
798 1113 879 1189 Deo,
902 1130 979 1190 quas
1000 1111 1041 1171 ibi
1056 1111 1128 1192 Scrip-

239 1202 308 1256 tura
329 1194 465 1256 ostendit
485 1195 719 1257 irremissibiles.
759 1196 871 1272 Doleo,
893 1193 976 1274 quod
997 1195 1033 1254 D.
1053 1195 1085 1253 D.
1100 1197 1130 1254 its

239 1277 391 1374 profunde
417 1284 560 1358 penetrat
586 1279 777 1359 Scripturas,
812 1279 891 1339 sicut
926 1277 1025 1356 ti'pula
1049 1295 1130 1358 aqum.

239 1362 302 1422 imo
323 1360 444 1422 videtur
469 1361 575 1442 fugere
606 1382 625 1422 a
650 1363 729 1422 facie
751 1381 872 1438 earum,
909 1361 989 1420 sicut
1016 1359 1130 1421 diabolus

175 1491 178 1495 .
240 1462 369 1505 crucem
412 1443 524 1540 Quare,
546 1444 639 1505 salvis
660 1445 841 1506 reverentiis
862 1444 1008 1522 Petrum,
1018 1444 1130 1522 praefero

241 1546 301 1608 ego
323 1521 519 1589 autoritatem
541 1528 643 1609 Script
643 1547 733 1606 urae,
769 1527 850 1607 quod
876 1525 1059 1588 commendo
1077 1526 1130 1585 iudi-

241 1609 326 1671 cibus
347 1610 465 1671 tuturis.

588 1778 813 1840 Ecoius.

323 1928 403 2004 Quia
435 1929 598 2009 impatiens
636 1930 807 1990 monachus
840 1929 978 1989 scurrilia
1009 1928 1130 2022 quaedau

234 2009 368 2115 eddidit,
388 2019 513 2108 praeter
533 2014 665 2093 gravitat
666 2032 715 2072 em
733 2011 951 2092 theologicam,
974 2011 1012 2071 de
1034 2012 1129 2089 quoin

234 2091 319 2175 ‘tegri
341 2096 397 2154 viri
417 2095 563 2172 iudicent,
542 2104 626 2156 tan
649 2103 733 2156 recte
703 2095 925 2156 tinduxerim
950 2100 1056 2154 contra
1076 2112 1130 2152 eum

241 2177 357 2237 iudices
378 2177 565 2239 iudicabunt.
610 2178 671 2239 Sed
700 2178 781 2238 hanc
807 2177 903 2237 fuisse
925 2197 976 2236 ma
978 2177 1080 2237 teriam
1098 2195 1130 2235 uo

241 2266 349 2338 stram,
381 2267 472 2340 petet
495 2280 534 2320 ex
556 2260 815 2326 Conclusionel.
837 2259 960 2338 ιιιιιιι,
995 2260 1087 2318 Deum
1104 2278 1130 2318 re

240 2342 392 2403 mittendo
416 2344 538 2423 culpam
567 2345 722 2404 remittere
743 2362 878 2438 poenam
901 2349 960 2403 etc
1006 2342 1072 2401 Hoc
1088 2361 1130 2400 era

240 2445 347 2486 ιιιιιιιιι
370 2445 426 2504 per
447 2445 504 2486 nos
527 2426 732 2501 volvendum,
769 2433 799 2486 et
827 2425 898 2505 quia
920 2425 1053 2520 praefert
1071 2433 1129 2489 autu

240 2509 361 2568 ritatem
384 2526 492 2570 sacrae
515 2509 689 2588 Sonpturae
701 2508 855 2587 Patribus,
880 2498 973 2586 quasi
989 2509 1056 2587 ipse
1075 2506 1130 2566 velu

240 2589 370 2650 alterum
394 2591 551 2652 oraculum
568 2591 722 2673 Apollinis
752 2592 837 2652 solus
859 2590 973 2651 habeat
993 2590 1130 2670 Scriptura

195 2708 197 2713 ·
240 2691 307 2732 rum
329 2673 581 2756 intelligentiam,
614 2674 745 2738 ultraS
768 2674 893 2753 Patres,
923 2682 955 2733 et
976 2679 1130 2752 apparente

240 2755 358 2816 inducit
379 2758 574 2818 autoritatem
596 2757 662 2817 heri
684 2777 740 2837 per
757 2777 806 2817 me
829 2758 856 2816 ci
858 2764 963 2816 tatem.
986 2757 1063 2816 Dico
1085 2755 1130 2815 dut

322 2837 424 2900 Primo
457 2859 506 2900 me
527 2840 728 2900 adduxisse
720 2859 751 2899 ιιι
779 2859 847 2899 eum
870 2839 979 2925 finem,
1002 2844 1036 2897 ut
1058 2846 1130 2898 oster

240 2920 328 2981 deret
315 2926 373 2990 t‚ur
396 2940 464 2981 cum
488 2923 599 3002 impius
621 2924 784 2983 avertisset
805 2941 840 2982 se
861 2908 900 2982 ab
922 2922 1071 2981 iniustitia
1091 2939 1130 2980 sut

221 3005 339 3065 ‘Deum
368 3003 469 3065 adhuc
498 3005 669 3085 recordari,
702 3024 765 3066 non
797 3004 900 3084 quoad
932 3003 1071 3100 culpam,
1101 3023 1129 3062 ιι

239 3086 343 3165 quoad
365 3106 509 3166 poenam,
532 3087 616 3167 quod
637 3089 711 3148 facit
731 3107 788 3167 pro
802 3086 954 3149 Scholast'
933 3089 1002 3148 trois
1026 3095 1057 3146 et
1071 3087 1130 3146 Prat

240 3167 421 3233 dicentibus.

322 3251 483 3332 Secundo,
512 3272 580 3313 oum
602 3251 789 3314 reverendus
810 3252 901 3312 Pater
921 3251 1053 3313 reflectit
1074 3258 1130 3323 ιιιιι

238 3335 359 3395 ritatem
382 3335 467 3396 illam
490 3343 597 3408 contra
618 3357 684 3413 me,
713 3338 786 3415 quia
807 3354 929 3414 poenae
950 3337 1030 3395 istae
1052 3355 1071 3394 a
1088 3335 1130 3401 De

241 3426 369 3498 peccato
391 3417 480 3479 Adae
506 3419 672 3499 impositae
702 3421 762 3480 sint
782 3417 1007 3479 irremissibiles
1036 3437 1052 3477 ι
1075 3419 1130 3497 Pap

240 3500 434 3580 ethomme,
468 3521 572 3562 verum
595 3511 657 3577 ιιι,
687 3508 719 3562 ιι
739 3502 846 3562 fateor.
890 3499 969 3575 Quia
989 3502 1068 3561 istae
1089 3521 1130 3560 ιιιι

240 3600 380 3679 poenae,
412 3602 491 3663 quae
521 3604 584 3645 uon
607 3585 707 3645 solum
731 3590 960 3662 consequuntur
985 3602 1130 3663 personas

240 3665 296 3726 sed
320 3667 413 3727 etiem
435 3675 665 3748 consequuntur
686 3675 848 3744 naturam„
877 3673 908 3726 ιι
931 3685 1004 3744 ergo
1028 3685 1128 3727 none

230 3750 363 3834 mirum,
399 3751 486 3834 quod
515 3753 599 3814 istae
626 3769 754 3833 poenae
786 3751 863 3806 sunt
885 3748 1129 3803 promissiones

218 3799 377 3922 bomine,
399 3838 463 3905 sed
485 3858 546 3925 per
567 3836 638 3900 hoc
649 3844 732 3896 ‘uon
749 3827 928 3912 pronatus„
943 3840 1073 3899 poenas
1088 3837 1130 3892 pc·
