2709 4417
431 329 500 385 x111.
520 331 554 384 de
572 336 709 400 potestate
727 330 827 401 Papae.
1024 329 1086 396 337

192 518 348 596 raacipere
370 517 439 578 illis.
483 518 529 578 Ita
541 519 662 578 Petrum
678 520 809 579 fatemur
824 521 993 600 principem
1015 540 1087 601 apo·

192 599 330 676 olorum,
352 602 482 680 primum
497 601 647 661 ecclesiae
661 603 838 681 membrum,
852 611 943 683 caput
965 603 1087 684 collegii

192 683 358 762 postolici,
381 691 412 743 ct
433 683 508 759 alia,
533 684 670 762 quaeda
693 704 731 745 eo
754 685 784 746 S.
806 685 912 745 Patres
935 685 1085 745 dixerunt.

192 783 213 823 ‚a
236 764 378 825 videmus
411 775 442 826 ct
463 766 620 826 Romanos
654 767 816 846 pontifices
832 804 835 812 »
849 787 970 847 semper
993 769 1087 828 luisse

192 856 357 925 onoratos,
381 856 414 908 ut
434 867 629 909 successores
651 851 748 925 Petri,
770 860 802 910 et
822 853 924 931 primo.
943 851 1014 912 loco
1036 851 1087 911 ha·

191 931 259 994 itos.
304 930 344 990 Et
365 933 395 989 in
418 932 478 990 hoc
499 939 584 992 recte
617 939 647 992 et
681 932 874 993 laudabiliter
902 942 1002 993 actum
1031 943 1088 1009 est,

191 1019 201 1071 t
222 1014 334 1092 agitur,
357 1012 572 1093 agendumque
596 1017 731 1075 estsine
754 1017 888 1094 querela.

253 1096 342 1155 Alter
364 1105 465 1156 autem
488 1100 633 1175 primatus
667 1101 829 1177 potestatis
858 1117 1010 1177 nurrquam
1034 1099 1089 1158 suit

191 1183 261 1238 *etro
284 1178 391 1257 datus,
414 1181 485 1257 quia
506 1180 633 1258 quilibet
656 1183 866 1259 apostolurum
890 1184 956 1240 sine
978 1182 1088 1240 autori·

191 1267 233 1320 ate
249 1260 332 1320 Petri
346 1262 535 1341 praedicavit
547 1264 750 1342 evangelium,
774 1265 938 1343 episcopos
955 1273 986 1323 et
1008 1283 1088 1342 pres·

191 1351 298 1422 yteros
312 1344 465 1412 ordinavit
486 1346 516 1403 in
529 1344 606 1404 loeis
628 1348 701 1406 suis.
744 1347 858 1406 Omnes
880 1366 899 1406 a
920 1347 988 1406 solo
1006 1345 1088 1406 Chri-

190 1436 219 1484 to
244 1434 316 1485 sunt
337 1428 506 1506 aequaliter
529 1429 622 1503 missi,
646 1435 677 1486 et
694 1429 878 1489 immediate.
920 1429 1010 1488 Hunc
1032 1430 1089 1508 pri·

190 1516 286 1568 ratum
311 1510 361 1568 isti
377 1511 586 1570 honestissimi
601 1511 744 1571 Oenones
767 1513 913 1589 ambiunt,
937 1519 967 1571 et
990 1510 1088 1571 verbis

190 1593 227 1650 tei
251 1593 382 1652 abuntur
403 1594 433 1652 in
455 1591 535 1651 hanc
556 1593 747 1672 tyrannidem
761 1594 984 1655 stabiliendam.
1028 1594 1088 1652 No·

189 1682 237 1733 rnt
261 1676 343 1734 enim
383 1675 477 1733 ullum
511 1677 691 1755 episcopum
719 1678 749 1735 in
774 1684 839 1738 tcto
873 1676 986 1737 mundo
1014 1675 1089 1752 fleri,

190 1757 230 1817 isi
253 1758 379 1837 pallium
415 1765 446 1817 ct
477 1760 671 1819 autoritatem
691 1760 749 1819 lto.
781 1759 936 1838 pontilicis
969 1758 1089 1819 habeat.

189 1840 210 1898 tt
233 1840 285 1900 ubi
307 1841 413 1900 Petrus
436 1860 505 1900 sese
527 1860 590 1900 uon
612 1842 722 1901 extulit
737 1862 829 1922 super
850 1842 1025 1921 apostolos,
1047 1841 1088 1900 ibi

190 1924 260 1982 nius
283 1923 419 2003 apostoli
441 1942 615 2001 successor,
649 1925 742 2004 longe
764 1927 864 1986 minor
885 1944 940 1984 suo
963 1924 1089 2004 praede-

189 2025 299 2065 essore
323 2007 419 2084 (sicut
440 2006 604 2086 episcopus
626 2008 808 2087 apostolo),
838 2027 899 2067 non
928 2014 1090 2067 contentus

191 2089 300 2148 onoris
322 2089 469 2168 primatu,
503 2091 637 2149 omnium
672 2090 883 2169 apostolorum
906 2091 1088 2149 successori·

192 2190 228 2230 us
258 2171 325 2230 vult
354 2170 505 2231 dominari
526 2173 557 2231 in
590 2179 744 2250 potestate
767 2180 798 2232 et
819 2172 981 2244 violentia,
1018 2171 1089 2253 [sed

192 2274 235 2314 on
258 2255 351 2319 etiam
373 2254 432 2333 ipsi
453 2273 581 2332 pascere
603 2252 679 2335 etc]

277 2335 368 2397 Hauc
402 2339 553 2396 rationem
592 2338 737 2396 invictam
771 2357 896 2417 oppono
938 2336 1089 2410 omnibus,

188 2423 224 2498 ,ui
246 2420 388 2479 Romano
411 2417 550 2498 pontifici
571 2419 735 2480 adulantur
757 2440 849 2501 super
871 2421 963 2482 totius
986 2419 1089 2477 mundi

188 2503 323 2577 ominio,
346 2510 376 2560 et
398 2509 545 2580 exspecto
569 2521 635 2562 cum
660 2503 787 2581 fiducia,
816 2504 960 2582 quidnam
985 2510 1092 2560 contra

188 2586 295 2646 tossint
317 2603 452 2661 movere,
475 2591 527 2644 aut
548 2586 685 2664 gannire.
709 2586 776 2661 Qua
798 2586 885 2646 simul
901 2585 1005 2658 fretus,
1026 2592 1089 2643 tan-

188 2688 264 2748 quam
301 2667 490 2744 certissima,
521 2677 552 2727 et
584 2671 725 2730 omnibus
763 2669 924 2728 notissima
955 2668 1090 2744 veritate,

188 2771 241 2810 um
261 2749 375 2809 fiducia
397 2751 568 2828 proclamo:
604 2750 694 2825 Quod
718 2753 861 2826 Decreta,
892 2768 1090 2830 quaecunque

188 2833 263 2894 ,liter
275 2840 421 2910 statuunt,
435 2853 497 2893 non
513 2832 604 2893 modo
621 2834 816 2915 frigidissima
828 2844 906 2908 sunt,
930 2833 983 2892 sed
999 2834 1089 2891 etiam

187 2917 330 2977 rontraria
352 2915 473 2975 divinae
496 2915 685 2996 Scripturas,
716 2917 879 2997 evangelio
903 2922 933 2976 ct
954 2914 1091 2988 Actibus,

187 2999 317 3080 rpistolis
340 2999 560 3077 apostolorum.
603 2999 635 3058 ln
660 2999 768 3078 quibus
792 3009 852 3059 turn
876 2997 996 3074 crebro,
1030 3005 1090 3056 tam

187 3090 291 3164 aperte,
317 3082 528 3162 apostolorum
551 3083 702 3161 aequalis,
726 3091 757 3142 et
779 3085 809 3141 in
835 3081 948 3141 mundo
972 3080 1092 3140 diversa

187 3168 344 3240 commissa
365 3167 522 3244 provincia
544 3165 733 3242 describitur,
756 3173 789 3224 ut
810 3185 868 3244 ego
892 3184 953 3225 non
975 3166 1090 3244 possim

187 3251 249 3310 ratis
270 3249 424 3326 admirari,
442 3268 509 3308 esse
524 3249 660 3328 potuisse
678 3268 809 3327 unquam
830 3257 890 3307 tam
914 3249 1091 3307 temerarius

186 3333 370 3409 idulatores,
410 3333 459 3410 qui
482 3339 588 3391 contra
610 3331 687 3390 haec
709 3331 834 3389 fulmina
857 3330 1029 3410 Scripturae
1052 3329 1066 3388 f
1085 3366 1093 3374 -

186 3436 260 3476 num
284 3435 371 3474 suum
396 3422 546 3474 terrenum
572 3415 674 3474 levare
696 3413 858 3488 auderent,
893 3413 953 3472 boo
975 3431 1092 3472 succes-

186 3501 238 3560 rori
262 3499 343 3559 Petri
367 3499 514 3577 episcopo
538 3505 733 3577 arrogantes,
763 3497 845 3575 quod
871 3515 927 3555 nec
948 3495 1092 3574 apostolo

186 3583 269 3643 ‚³etro
293 3581 524 3661 praedecessori
553 3600 685 3659 unquam
716 3580 896 3658 permissum
933 3588 986 3637 est.
1029 3578 1094 3637 Nec

186 3685 281 3727 amen
306 3666 450 3740 mirarer,
483 3664 507 3723 si
531 3662 561 3722 id
588 3663 688 3722 solum
718 3670 912 3740 arrogarent,
946 3681 1004 3720 nec
1034 3661 1094 3721 hoc

186 3767 333 3825 quererer,
370 3746 425 3805 sed
461 3746 542 3823 quod
577 3746 649 3805 huic
671 3744 867 3827 arrogantiae
887 3751 1096 3825 repugnantes

186 3829 340 3903 'empturas
379 3827 547 3889 maluerint
587 3849 817 3915 corrumpere,
865 3848 964 3910 quam
1003 3844 1115 3906 repug-

185 3937 274 3975 numeri
288 3948 339 3986 opp·
358 3940 382 3979 V.
395 3942 421 3980 Α,
437 3945 469 3984 ad
484 3947 525 3986 ras.
543 3949 596 3990 bist.
615 3951 630 3991 l.
648 3965 666 4003 p.
688 3955 742 3995 Vol·
755 3954 803 3994 iu.
921 3918 971 3979 Ὤ
