2709 4417
242 344 284 409 14
396 353 398 356 ’
423 345 583 417 capsace
598 351 627 400 a
642 346 794 400 axonam
809 347 920 401 nusum

242 531 454 615 fidelium-par
469 531 608 612 italiam,
641 532 856 614 Germaniam,
878 526 1028 613 Galliam,
1050 534 1162 615 Hispa

241 616 340 694 niam,
367 617 526 698 Angliam,
560 616 699 696 aliasque
720 619 871 697 regiones.
917 617 1014 678 Unum
1037 626 1160 678 tantum

241 718 261 759 a
283 699 416 761 Domino
440 716 563 780 precor,
584 719 625 759 ne
647 718 781 779 unquam
803 701 884 761 sinat
905 720 954 760 mc
975 701 1080 760 dicere
1104 707 1160 760 aul

241 783 372 859 sentiro,
406 782 488 862 quod
517 781 631 859 Eccio,
663 784 715 862 qui
743 802 824 843 nunc
852 788 917 859 ast,
948 786 1086 864 placeat,
1120 803 1160 843 ne

240 863 319 929 farte
339 884 395 945 pro
417 864 514 926 libero
535 865 661 926 arbitrio
684 865 834 925 Christum
856 866 951 925 lilium
975 867 1033 925 Dei
1056 874 1159 926 osteu-

241 947 446 1025 tui-habeam,
468 955 501 1006 et
520 966 576 1028 pro
598 949 688 1008 Rom.
711 948 850 1008 Ecclesia
872 949 1024 1008 Christum
1054 951 1084 1008 in
1112 949 1158 1008 ln—

241 1029 293 1090 dia
307 1038 345 1091 ‘et
365 1031 490 1091 Oriente
511 1032 614 1090 vivere
636 1037 667 1090 et
686 1050 816 1110 regnare
838 1051 958 1112 negem,
982 1050 1047 1108 seu,
1073 1040 1107 1091 ut
1129 1040 1160 1092 et

151 1173 156 1193 ,
241 1131 300 1193 ego
321 1114 393 1192 quid
416 1113 649 1193 aenigmaticam
671 1112 781 1173 festivo
799 1113 869 1174 huic
882 1115 1099 1194 aenigmatisti,
1119 1132 1158 1174 ne

240 1214 308 1255 cum
341 1197 436 1257 Eccio
468 1197 606 1256 cloacam
643 1195 1021 1276 constantinopolitanam
1052 1196 1155 1257 denuo

239 1279 411 1358 recludam,
445 1287 476 1339 el
504 1278 543 1338 de
570 1280 703 1358 antiquis
724 1279 846 1339 Africae
873 1278 1046 1339 homicidiis
1074 1297 1156 1339 nova

242 1361 393 1422 celebrem
416 1361 566 1422 ecclesiae
588 1363 742 1440 martyria.

320 1445 398 1505 Nam
421 1452 456 1504 ut
475 1446 619 1504 venenati
641 1445 688 1503 sui
711 1446 893 1524 aenigmatis
915 1444 1063 1504 scandalo
1092 1462 1154 1504 non

239 1526 386 1606 laedaris,
409 1529 506 1605 scias,
529 1528 569 1586 mi
591 1526 705 1605 lector,
737 1530 816 1587 inter
836 1527 981 1587 articulos
1003 1526 1153 1586 iohannis

239 1608 320 1669 Huse
352 1611 470 1670 censeri
503 1611 594 1670 etiam
624 1628 644 1669 a
665 1611 821 1671 nonnullis
849 1611 939 1686 hunc,
961 1608 1045 1688 quod
1065 1611 1152 1671 Rom.

239 1691 396 1753 Pontificio
418 1693 558 1772 papalem
582 1693 795 1754 excellentiam
809 1712 828 1752 a
843 1694 976 1752 Caesare
998 1710 1068 1753 esse
1092 1692 1153 1750 dix-

240 1776 310 1851 erit,
349 1775 431 1854 qaod
459 1786 490 1835 et.
511 1775 629 1835 Platiua
651 1777 812 1836 manifeste
833 1775 947 1837 scribit.
990 1775 1058 1854 Ego
1083 1793 1154 1834 vero

239 1876 303 1917 non
321 1859 491 1936 caesareis,
521 1857 577 1918 sed
599 1859 764 1938 pontificiis
786 1857 916 1917 decretis
939 1858 1069 1917 eandem
1093 1870 1154 1916 mo

238 1939 393 2000 nuchiam
416 1942 538 2020 probari
562 1942 660 2020 posui.
707 1946 748 2001 lla
769 1959 844 2001 sane
870 1943 1001 2020 ipsamet
1022 1939 1155 2000 ecclesia

237 2023 451 2084 lateranensis
473 2025 504 2084 ln
528 2025 602 2084 urbe
624 2024 663 2083 de
685 2025 793 2086 frontis
805 2042 884 2083 auae
900 2024 1073 2102 peripheria
1085 2042 1154 2082 can

239 2114 293 2185 tat,
314 2107 458 2187 dogmate
481 2108 583 2186 papali
605 2108 694 2167 simul
716 2116 748 2167 et
767 2107 922 2185 imperiali·
945 2125 980 2165 se
1001 2125 1070 2166 esse
1093 2123 1153 2164 ma·

239 2197 314 2249 trem
341 2186 539 2250 ecclesiarum
567 2197 626 2250 etc.
678 2190 750 2250 Noti
766 2232 768 2236 -
783 2196 854 2249 sunt
879 2189 1029 2254 versiculi.
1073 2187 1154 2262 Quid

237 2272 345 2352 igitur?
387 2273 523 2332 Necesse
543 2280 600 2351 est,
622 2280 656 2332 ut
676 2275 744 2352 ipsa
765 2290 889 2352 quoque
910 2272 1042 2331 eeclesia
1059 2270 1154 2331 Eccio

238 2356 279 2414 sit
296 2355 430 2433 Hassita,
452 2364 483 2415 el
503 2357 600 2435 igniat
622 2359 749 2433 cineres,
771 2355 891 2430 deinde,
915 2356 986 2433 quia
1007 2353 1154 2413 mandato

237 2456 339 2520 popae
359 2457 512 2499 consensu
534 2438 733 2500 cardinalium
762 2439 854 2498 totius
876 2439 995 2497 Romae
1027 2444 1062 2496 et
1090 2437 1155 2496 uui·

238 2522 365 2580 versalia
387 2523 557 2600 ecclesiae,
577 2521 632 2581 illa
653 2523 698 2582 nic
720 2530 840 2601 cantat,
872 2521 946 2580 nihil
969 2522 1094 2597 mirum,
1130 2520 1155 2578 ai

238 2602 348 2663 Facias
370 2604 504 2665 fastidiat
525 2607 667 2682 antiquos
681 2606 810 2680 cineres,
832 2611 864 2663 et
884 2621 941 2682 pro
959 2601 1064 2662 officio
1083 2621 1155 2662 con·

238 2688 417 2747 secretionis
445 2705 519 2746 suae
550 2705 732 2747 consecrare
764 2687 888 2769 anhelet
919 2704 1032 2745 novum
1068 2685 1155 2745 holo·

137 2803 138 2807 =
238 2777 375 2829 mustum
398 2771 463 2830 sedi
485 2771 690 2850 apostolicae,
715 2769 810 2830 semel
832 2788 959 2849 papam,
982 2767 1155 2827 cardinales

237 2852 398 2932 ipsamque
418 2853 580 2913 ecclesiam
599 2852 835 2914 Lateranensem
858 2855 889 2911 in
912 2853 1032 2911 cineres
1054 2868 1154 2910 novos

237 2934 422 2995 redacturus.
467 2937 534 2996 Deo
557 2937 671 3016 gratia,
702 2936 782 3014 quod
805 2956 882 2995 unns
911 2933 1020 2994 saltem
1042 2933 1154 2993 Eccius

236 3017 372 3097 reliquus
395 3027 457 3097 ast,
492 3020 543 3098 qui
575 3019 725 3079 catholice
747 3020 862 3098 sapiat,
894 3015 1154 3097 singularissimus

237 3100 289 3160 ille
318 3101 535 3181 singularitatis
566 3112 758 3181 persecutor,
790 3103 900 3162 ceteris
929 3099 1071 3162 omnibus
1099 3117 1176 3180 per.

237 3184 319 3244 virus
343 3184 488 3245 Boemiae
509 3184 643 3264 perditis.
969 3226 971 3230 -
1134 3208 1138 3214 ·

252 3300 257 3311 ·
320 3267 379 3327 Sed
403 3267 475 3347 quid
499 3269 616 3338 mirum,
639 3266 722 3347 quod
746 3266 903 3346 sophistae
924 3264 1078 3327 eiusmodi
1111 3265 1154 3324 hi-

237 3350 347 3411 storias
369 3351 522 3429 ignorent,
545 3351 667 3429 quando
691 3350 1007 3429 suus-propositiones
1025 3356 1153 3428 catego-

235 3435 314 3493 ricas
336 3452 398 3493 non
419 3433 614 3515 intelligunt?
656 3432 726 3513 Ego
749 3433 872 3512 quidem
895 3434 974 3492 hano
994 3430 1153 3491 materiam

237 3535 391 3596 nunquam
420 3520 546 3578 tractavi
583 3536 641 3577 nec
670 3518 804 3597 cogitavi
838 3516 1011 3595 disputare,
1046 3534 1152 3574 verum

236 3599 363 3678 Eccios,
396 3602 457 3661 iam
488 3601 538 3660 diu
560 3603 742 3681 gravissima
768 3601 799 3658 in
821 3618 871 3659 me
892 3599 1087 3659 exulceratus
1111 3600 1152 3657 in·

231 3682 319 3759 vidia,
343 3684 401 3743 has
424 3684 550 3745 odiosas
574 3705 643 3746 esse
664 3684 1022 3766 propositionesscieus,
1039 3683 1152 3740 cumin

212 3768 330 3826 ceteris
353 3767 543 3851 desperaret
566 3772 756 3847 victoriam,
784 3769 841 3827 hic
867 3765 981 3826 saltem
1000 3763 1079 3823 mihin
1097 3779 1169 3818 esn-

196 3844 313 3912 efflare
337 3858 491 3933 speravit
504 3859 805 3943 indignationem,
828 3853 945 3914 dossas
966 3842 1109 3907 wislam
1138 3847 1206 3917 &aa
