2709 4417
264 356 327 420 348
503 360 594 413 Resol.
617 361 644 414 L.
663 376 747 429 super
764 362 962 428 Proposltiona

267 551 323 621 est,
347 549 400 602 tua
421 544 516 602 solius
537 545 636 624 gratia
656 544 735 604 haec
756 548 818 604 ta'rn
836 543 940 605 subito
954 561 1085 617 cassare,
1105 560 1167 620 quae

267 644 325 704 noe
347 645 410 687 non
439 627 608 688 statuimus.
651 626 702 687 Sic
724 629 804 687 enim
826 646 889 706 pax
918 633 953 686 et
986 625 1094 684 caritas
1119 625 1168 686 ale·

266 716 364 786 retur,
387 715 419 767 at
440 709 499 768 ista
520 708 690 769 Decretalis
713 729 828 770 meram
851 709 1029 789 superbiam
1049 712 1080 766 at
1099 726 1168 785 prae

267 791 392 850 tractam
416 789 556 850 fiduciam
580 792 728 871 spiratll.

353 871 556 947 [Adiiciamus
580 881 612 934 et
632 873 757 935 alteram
771 873 978 947 Decretalem,
1000 890 1060 951 quo
1073 871 1170 931 firmius

267 955 445 1035 probemus,
473 975 535 1017 non
558 976 627 1017 esse
654 958 728 1017 solis
750 956 946 1037 pontificibus
969 954 1114 1016 Romanis
1133 955 1169 1013 ins

268 1037 485 1116 interpretandi
506 1057 609 1099 sacras
632 1040 752 1117 literas,
781 1059 840 1100 nec
869 1046 1016 1119 oportere
1048 1036 1169 1116 captivos

266 1123 336 1180 c'sse
356 1120 546 1181 Christianos
574 1124 605 1181 in
634 1141 739 1182 eorum
762 1122 872 1201 verba,
906 1120 963 1182 sad
992 1139 1061 1181 cum
1088 1119 1169 1179 libero

266 1203 379 1263 iudicio
403 1205 507 1265 omnia
529 1223 633 1265 eorum
656 1205 798 1284 legenda.

348 1286 394 1346 Da
415 1289 589 1348 majoritate
611 1295 641 1347 et
665 1287 842 1349 obedientia
859 1307 886 1348 c.
904 1287 1028 1365 solitae,
1051 1285 1100 1345 ubi
1114 1304 1168 1344 cum

267 1369 438 1448 imperator
465 1372 825 1450 Constantinopolitanae
853 1370 1023 1431 obiecisset
1045 1368 1168 1429 Romano

268 1451 404 1532 pontifici
427 1453 551 1513 verbum
576 1455 672 1514 Petri:
707 1454 824 1515 Subditi
851 1460 952 1514 estote
976 1452 1061 1513 omni
1081 1450 1168 1511 huma·

267 1553 326 1594 nae
347 1542 504 1596 creaturae
526 1545 594 1614 etc,
617 1555 678 1614 quo
696 1537 794 1598 voluit
811 1536 1016 1616 patriarcham
1035 1534 1167 1594 Constar-

269 1617 504 1696 tinopolitanum
528 1619 584 1678 sibi
606 1619 779 1679 inferiorem
802 1620 921 1698 lacere,
950 1617 1117 1698 respondet
1132 1617 1167 1677 ln·

268 1702 428 1759 nocentius
449 1700 499 1761 lll.
522 1703 603 1776 sive,
633 1703 768 1780 quisquis
791 1702 897 1778 suerit,
930 1701 1089 1761 familiaris
1118 1701 1166 1760 eius

268 1781 376 1858 scriba,
400 1801 523 1862 prorsus
545 1785 669 1863 ignarus
692 1803 846 1843 sacrarum
870 1784 1038 1858 literarum,
1064 1782 1165 1843 dicens:

352 1865 478 1942 Verum,
501 1867 524 1924 si
547 1885 710 1945 personam
735 1867 904 1945 loquentia,
938 1874 970 1926 et
1004 1885 1107 1926 eorum
1135 1865 1163 1924 ad

267 1966 344 2026 quos
367 1946 562 2026 loquebatur,
597 1968 634 2008 ac
656 1951 717 2008 vim
745 1949 910 2010 locutionis
933 1948 1116 2012 attendisses
1134 1947 1165 2006 di·

267 2030 425 2170 pigentius,
458 2030 550 2091 talem
587 2031 746 2091 scribentis
780 2052 841 2092 non
865 2033 1072 2112 expressisses
1093 2031 1164 2090 iutel-

278 2119 387 2172 ectum.

349 2195 442 2274 Vide,
465 2216 597 2275 quaeso,
629 2205 786 2276 pastorem
821 2194 903 2256 hunc
936 2197 1041 2258 ovium
1064 2195 1166 2271 Christi,

268 2278 318 2420 pul
344 2279 595 2358 interpretaturus
622 2279 746 2339 verbum
770 2280 825 2340 Dei
864 2286 952 2359 parat
984 2297 1165 2358 personarum

288 2359 454 2422 ifferenlias
477 2361 600 2439 afferre,
635 2380 702 2421 cum
732 2363 856 2423 verbum
889 2361 945 2420 Dei
979 2361 1053 2420 nihil
1086 2379 1167 2438 acque

268 2443 441 2524 impugnet,
476 2453 567 2524 atque
594 2454 766 2523 respectum
788 2464 1002 2525 personarum.
1044 2442 1112 2502 Non
1131 2449 1168 2501 est

266 2528 346 2586 enirn
370 2528 509 2606 acceptio
532 2547 730 2606 personarum
761 2527 840 2607 apud
863 2528 981 2602 Deum,
1015 2526 1068 2586 aed
1098 2526 1167 2604 quid·

268 2609 337 2687 qnid
361 2611 523 2690 praecipit,
557 2609 697 2669 omiiibus
722 2612 885 2691 praecipit,
919 2610 1041 2690 magnis
1064 2618 1095 2668 et
1115 2629 1168 2688 par-

267 2817 446 2825 ——-—·--›
453 2818 643 2824 --m-
654 2818 656 2822 .

341 2939 364 2992 ¹l
384 2938 413 2989 ln
435 2937 555 2990 editione
575 2937 666 3004 priore
686 2935 730 2986 hic
751 2939 789 2987 ita
808 2937 898 3004 pergit
918 2936 1066 2989 lutherus:
1097 2936 1173 2999 „Sunt

268 3015 376 3076 praeter
394 3009 465 3061 hanc
485 3014 511 3061 et
530 3008 601 3059 allae
620 3007 773 3076 quaedam,
798 3010 960 3075 pracsertim
979 3008 1029 3059 illa
1048 3008 1082 3060 de
1101 3008 1174 3058 maio·

269 3081 350 3132 ritate
370 3087 396 3131 ct
418 3080 575 3132 obedientia
594 3097 615 3132 e.
635 3079 734 3131 solitae
754 3079 823 3131 adeo
843 3082 902 3130 sinc
923 3079 1075 3146 theologia,
1094 3085 1122 3130 ut
1138 3093 1174 3128 me

268 3154 397 3204 misereat
415 3152 546 3204 ecclesiae
565 3151 638 3202 illius
659 3158 764 3202 tantum
782 3153 809 3201 in
825 3149 1020 3203 traditionibus
1041 3151 1174 3202 hominnm

268 3231 432 3290 occupatae,
462 3231 492 3273 nt
511 3225 688 3289 purissimum
715 3238 827 3274 sensum
848 3222 982 3290 evangelii
1015 3222 1106 3274 videre
1129 3235 1174 3272 non

267 3296 448 3362 permittatur.
475 3293 527 3345 Sed
547 3295 671 3346 abstineo
693 3294 745 3345 hoc
765 3301 889 3360 tempore
909 3302 953 3345 sot
972 3294 1079 3346 habens
1098 3302 1176 3345 osten·

266 3365 348 3431 disse,
369 3382 416 3416 eur
435 3382 487 3433 ego
508 3381 550 3417 ine
570 3367 735 3417 sufficienter
749 3365 903 3417 honorasse
917 3366 1011 3417 videor
1029 3367 1175 3418 Romanuin

268 3436 436 3504 Pontificem,
456 3439 478 3488 si
499 3438 556 3488 eius
577 3437 687 3488 decreta
708 3437 805 3500 tulero,
825 3452 883 3488 non
902 3443 993 3488 autern
1015 3453 1111 3488 eorum
1127 3451 1177 3486 san·

267 3524 327 3559 suni
349 3515 478 3576 tanquam
500 3508 588 3559 solnm
610 3518 636 3560 et
656 3525 750 3558 verum
771 3516 880 3560 secutus
901 3511 989 3568 luero,
1010 3526 1044 3560 ne
1065 3512 1141 3572 torta,
1157 3507 1188 3562 six

268 3579 391 3646 pluribus
424 3596 457 3630 ea
491 3581 663 3643 examinem,
694 3581 837 3630 existimer
868 3579 959 3631 studio
993 3580 1177 3632 delectationis

267 3653 333 3702 tanti
361 3652 469 3703 verticis
498 3651 570 3701 dicta
596 3653 740 3718 carpsisse.
785 3650 854 3702 Nolo
883 3666 915 3700 ea
944 3650 1091 3717 damnare,
1119 3649 1177 3702 nolo

266 3723 347 3775 etiarn
369 3725 407 3774 eia
428 3724 490 3792 cogi
511 3729 608 3775 contra
625 3721 784 3789 Scripturas
801 3721 972 3772 ueritateml‘
1001 3751 1032 3759 -—
1072 3723 1179 3785 Reliqua

257 3812 331 3867 quae
349 3805 517 3868 sequuntur
537 3811 629 3865 usque
657 3793 695 3846 ad
712 3793 780 3843 illa:
820 3790 867 3840 hd
887 3790 1056 3848 tertium,
1079 3790 1121 3834 aa
1144 3802 1196 3833 rs-

249 3873 391 3944 tiones,
411 3877 484 3928 sunt
505 3869 609 3927 addita
627 3862 659 3920 in
677 3864 808 3919 editions
819 3855 1009 3922 locupletata.
