2709 4417
291 351 335 421 66
494 353 650 420 Disputatio
669 351 778 422 Lipsiae
796 352 891 406 habita
906 367 930 404 ι.
949 351 1010 405 XIX

293 537 358 601 Sed
379 556 469 618 quam
493 535 633 598 modeste
661 545 694 597 ot
724 535 877 597 humiliter
907 534 1093 620 reverendus
1119 536 1184 600 Petu

295 622 534 702 Augustinianus
551 619 759 700 responderit,
780 619 1118 700 oliorumsitindioium,
1137 639 1184 682 ors

295 725 372 765 unus
394 725 428 765 se
450 702 623 784 promiserit
641 710 688 763 tot
708 704 821 763 sanctis
842 701 980 763 Patribus
1000 721 1036 762 se
1057 706 1184 782 opposito

294 806 368 849 rum.
404 787 473 848 Hoc
493 793 542 847 est
562 806 668 848 verum
689 786 883 864 Boemicum,
912 784 980 865 plus
1002 785 1083 845 velle
1101 787 1184 847 intelli·

294 889 368 951 gers
390 889 508 931 scoram
532 869 728 949 Scripturam,
750 887 842 948 quarn
865 869 975 928 summi
995 867 1184 948 pontificatu.

227 978 231 999 ·
296 952 444 1030 Gonoilia,
466 953 617 1014 Doctores
639 960 671 1013 et
684 953 907 1014 Universitotes
928 952 961 1011 in
972 971 1085 1032 magno
1104 953 1184 1033 vigor

296 1036 480 1112 existentes,
509 1054 577 1095 curn
605 1043 707 1096 temen
737 1035 865 1115 Spiritus
892 1035 1184 1097 sanem00eoelesisr

296 1137 382 1179 suam
406 1138 466 1179 non
490 1118 666 1198 deseruerit.
689 1118 729 1178 Et
746 1119 854 1179 mitum
876 1125 969 1196 esset,
986 1118 1012 1177 si
1034 1117 1113 1177 illam
1132 1120 1183 1178 r'sri

296 1208 390 1263 tatem
406 1201 489 1262 Deus
512 1209 558 1262 tot
570 1200 690 1261 Sanctis
712 1208 744 1261 et
763 1201 946 1280 Martyribus
969 1200 1183 1261 occultassetru

295 1303 356 1365 que
384 1284 422 1345 ed
453 1283 617 1345 adventurn
644 1283 805 1343 reverendi
826 1284 932 1343 Patris.
965 1283 1073 1362 Neque
1101 1285 1183 1356 eviuoi

285 1365 452 1448 ¹quippiam
474 1367 509 1428 B.
529 1367 615 1427 Pauli
635 1366 783 1443 inductio,
806 1367 887 1444 quod
904 1368 975 1427 'eius
997 1366 1080 1426 dicta
1099 1365 1128 1428 S.
1151 1366 1183 1427 Pr

296 1450 390 1513 tribus
413 1457 444 1511 et
465 1449 649 1511 Ductoribus
673 1451 798 1509 minime
818 1448 1028 1511 adversentur.
1054 1449 1109 1508 Est
1127 1449 1183 1509 Chri

296 1541 361 1594 stus
381 1541 478 1614 petra,
501 1539 548 1592 est
568 1530 810 1611 fundamentum,
826 1541 873 1593 est
889 1533 967 1612 lapis
982 1532 1142 1614 angularis,
1159 1551 1184 1592 es

296 1615 561 1697 ceput⁵ecclesiae
582 1614 794 1679 indubitatum.

378 1699 473 1759 Porro
494 1698 548 1760 illo
570 1717 632 1758 non
654 1698 768 1759 debere
780 1698 903 1759 attribui
918 1698 983 1757 eius
996 1699 1121 1773 noerio,
1140 1717 1184 1758 con

296 1789 343 1842 tra
363 1781 397 1843 S.
416 1782 539 1842 Petrum
561 1788 593 1841 ct
613 1782 777 1861 Martyrum
800 1782 1041 1858 attestationem,
1062 1800 1123 1841 non
1141 1799 1184 1841 ess

295 1865 529 1946 acceptandum.
546 1863 778 1924 .Ratiunculam
800 1864 913 1924 adiecit
935 1865 1030 1924 etiarn
1059 1883 1152 1943 nuper
1172 1865 1184 1923 i

297 1948 570 2028 vulgariserrnone
582 1946 827 2007 disseminatam:
850 1946 882 2008 Si
899 1953 1184 2027 super·petram,quo

297 2030 389 2091 modo
411 2049 503 2111 super
524 2018 645 2090 Petrum
676 2029 809 2090 ecclesie
836 2028 990 2107 aedificari
1023 2030 1135 2110 potuit,
1159 2048 1184 2108 qr

296 2113 336 2174 ad
357 2113 446 2173 unius
469 2112 633 2174 ancillulae
654 2131 764 2173 vocem
786 2112 940 2173 Christum
963 2119 995 2174 et
1015 2111 1107 2172 fidem
1128 2111 1184 2173 Ghn'

296 2197 427 2257 stianam
450 2195 627 2277 abnegaret.
669 2195 780 2257 Pereat
809 2196 882 2255 mihi
908 2194 1096 2256 reverendus
1117 2195 1184 2255 Pate

297 2298 365 2340 oum
388 2279 615 2359 philosophiam
625 2278 852 2340 Aristotelicum
874 2278 1053 2340 oontemriat
1073 2286 1106 2339 et
1118 2298 1184 2359 gran

296 2365 438 2423 rusticam
461 2363 538 2422 tanti
560 2362 661 2440 sociat,
684 2380 738 2422 cur
759 2362 810 2422 hio
830 2362 948 2442 lynceis
960 2364 1022 2422 suis
1044 2362 1184 2422 oculisve

298 2444 689 2526 bum,Aedificabo,fi1turi
710 2430 858 2526 teinporis
879 2464 942 2506 non
965 2447 1130 2526 perspexit,
1148 2463 1183 2506 no

297 2531 376 2588 enirn
400 2547 516 2609 sponso
533 2534 717 2608 praesento,
746 2527 798 2590 ubi
826 2527 880 2588 filii
900 2528 1108 2606 laetabantur,
1136 2546 1184 2608 opu

297 2618 362 2671 eret
382 2613 508 2688 vicario,
528 2631 628 2691 neque
650 2619 723 2672 tuno
745 2611 882 2673 Christus
905 2614 933 2672 ei
954 2617 1141 2691 potestatem
1160 2610 1184 2670 ds

296 2693 342 2754 dit
363 2695 513 2773 clavium,
542 2695 596 2756 sed
624 2696 726 2775 potius
753 2697 902 2775 promisit.
945 2695 1027 2755 Ante
1058 2694 1184 2776 ergoet

297 2780 377 2837 vium
400 2784 433 2838 et
452 2779 613 2858 potestatis
642 2778 797 2839 dationem
828 2778 866 2838 sb
897 2779 1022 2838 ostiaria
1043 2777 1184 2857 interpelli

295 2866 343 2921 tus
371 2861 428 2920 luit
456 2860 487 2922 Β.
513 2861 637 2941 Petrus,
667 2862 750 2941 quod
778 2867 810 2923 et
835 2860 1014 2923 Ambrosius
1047 2867 1080 2922 et
1105 2860 1184 2921 dehis

295 2942 463 3024 Gregorius
486 2950 646 3005 testantur.

274 3068 276 3071 ψ
377 3026 427 3086 Ad
450 3027 703 3107 Ohrysostomum
724 3027 898 3107 respondit,
926 3027 1048 3088 Petrum
1081 3025 1184 3107 superi(

294 3129 358 3169 rem
386 3108 480 3170 fuisse
509 3111 644 3187 honore,
670 3130 743 3170 nam
772 3117 803 3171 et
830 3110 942 3172 Paulus
970 3109 1074 3191 plures
1099 3127 1184 3190 parer

295 3192 571 3269 ecclesias-Quasi
598 3194 784 3255 reverendus
805 3194 895 3254 Peter
923 3211 984 3253 non
1007 3194 1077 3274 plns
1099 3190 1183 3273 proed

296 3277 421 3354 caverit,
444 3295 535 3356 quem
550 3279 609 3336 iarn
635 3295 770 3337 summus
792 3277 943 3350 Pontifex,
965 3283 996 3338 et
1018 3277 1058 3338 ob
1073 3277 1133 3337 hoc
1150 3292 1183 3334 no

296 3360 335 3418 sit
364 3358 510 3420 dicendus
545 3362 644 3423 meior
665 3366 772 3441 pastor
800 3379 887 3439 quam
916 3379 1005 3440 pape.
1049 3360 1101 3421 Sic
1126 3357 1184 3417 nini

295 3441 446 3502 subtiliter
467 3462 501 3502 se
523 3449 645 3522 torquet
666 3443 854 3522 indictione,
876 3450 994 3521 vertex,
1017 3444 1105 3522 quasi
1121 3441 1184 3518 Chr)

191 3553 197 3564 ·
295 3530 451 3586 sostomus
474 3545 536 3586 non
559 3528 722 3606 primatum
746 3524 844 3585 voluit
861 3526 1042 3607 intelligere.
1065 3525 1124 3586 Sed
1144 3523 1184 3604 qui

293 3608 355 3668 hoc
375 3609 463 3689 ieret,
487 3629 554 3670 curu
577 3609 780 3691 symbolicum
802 3611 850 3689 sit,
872 3614 903 3670 et
925 3615 1033 3681 vertex
1054 3627 1111 3689 pro
1131 3623 1184 3669 sum

345 3866 376 3937 l)
392 3866 423 3921 ln
442 3867 486 3924 ed.
509 3871 597 3940 origo
632 3867 786 3939 pontificis.
804 3867 935 3950 moestia.
