2709 4417
288 339 351 407 306
531 341 625 398 Boset
644 341 672 394 Is
692 355 778 410 super
795 339 997 410 Propositions

289 529 474 611 respondet,
512 534 544 590 et
583 533 778 590 constantem
811 527 951 592 obsolvit
978 534 1011 589 et
1032 532 1186 608 pronuntiet

289 613 363 674 tidei
393 613 637 688 oonfessionem,
675 617 710 670 ut
740 630 846 672 veram
868 610 982 673 Christi
1005 613 1185 692 cognitionem

289 697 320 757 in
344 697 461 756 unitate
484 702 517 757 et
536 693 680 754 tirmitste
690 695 871 774 consistere,
892 713 958 755 non
970 693 1185 777 multorumopi·

290 778 450 855 ninnibus,
473 778 558 838 velut
578 775 757 836 arundinem
780 778 906 857 agitari,
936 776 1074 841 deseret.
1111 775 1185 841 Videt

290 879 364 941 ergo
386 860 486 921 adhue
507 860 582 920 nihil
604 858 643 918 ad
667 859 789 920 Petrum
811 861 938 940 proprie
960 862 1125 940 pertinere,
1143 864 1184 923 nisi

290 943 375 1022 quod
397 962 561 1005 commune
583 960 733 1022 organum
755 949 803 1002 est
825 944 964 1003 omnium
988 942 1184 1023 apostolorum

372 1027 436 1087 lam
457 1026 532 1087 illud
556 1024 636 1103 vide,
659 1025 743 1103 quod
757 1033 788 1086 et
801 1045 820 1085 a
832 1024 920 1087 laiois
935 1025 1127 1087 observatum
1135 1029 1184 1108 ipse
1220 1050 1221 1068 ι

290 1108 382 1170 didici
409 1109 476 1191 (est
496 1106 632 1182 etiam¹)
657 1109 689 1167 in
713 1108 800 1168 laieis
822 1109 948 1188 spiritus
971 1108 1117 1189 Christi),
1135 1129 1183 1173 ver·

289 1193 360 1255 bum
384 1193 448 1253 hoo
466 1192 578 1254 Christi
600 1210 662 1251 non
675 1189 821 1269 possead
834 1191 936 1252 solunr
949 1192 1073 1253 Petrum
1095 1191 1182 1255 dietrtn

288 1275 430 1356 intelligi,
453 1277 525 1355 quia
547 1274 685 1335 Christus
707 1292 771 1334 non
794 1273 895 1335 solum
913 1274 1050 1353 Petrum,
1070 1275 1121 1336 sed
1138 1295 1182 1339 on·

290 1377 344 1419 nes
368 1357 529 1438 apostolos
550 1357 709 1436 requisivit
729 1355 850 1419 dieens:
887 1357 955 1419 Vos
976 1363 1095 1436 autem,
1114 1378 1182 1439 quen

289 1461 339 1502 me
360 1460 429 1501 esse
451 1440 571 1501 diuitis?
607 1458 670 1500 non
694 1439 784 1500 dixit:
816 1438 879 1519 Tu,
903 1439 1013 1520 Petne,
1049 1460 1133 1520 quem
1149 1462 1183 1505 ue
1215 1464 1221 1479 ¹

289 1543 359 1585 esse
380 1523 481 1584 dieis?
513 1523 579 1583 Nisi
602 1541 677 1602 ergo
694 1541 750 1603 per
771 1522 894 1583 Petrum
930 1542 1040 1585 omnes
1069 1523 1183 1606 discipuli

288 1606 536 1687 respondissent,
559 1613 643 1666 oerte
664 1604 806 1684 discipuli
828 1624 891 1667 non
913 1605 1056 1686 fuissent,
1077 1627 1182 1669 neone

286 1692 415 1770 gistrum
449 1688 623 1766 audissent,
657 1707 715 1748 nee
742 1688 967 1750 satisfecissent
995 1691 1182 1772 interrogaui,

290 1772 373 1852 quod
396 1781 444 1834 est
464 1773 591 1852 impium
615 1770 654 1830 de
674 1771 826 1851 apostolis
849 1773 973 1835 sentire.
1219 1828 1221 1832 .

373 1857 565 1934 Relinquitur
577 1872 662 1934 ergo,
681 1853 764 1932 quod
777 1853 915 1915 Christus
932 1874 1113 1935 responsum
1124 1857 1183 1917 Petn'

283 1930 466 2020 ‘sooeptarit
488 1957 551 1998 non
574 1955 630 2017 pro
654 1935 722 1996 solo
744 1937 847 2016 Petro,
870 1936 926 1998 sed
945 1957 1004 2018 pro
1029 1945 1094 2000 tuto
1114 1939 1184 2001 oolle

289 2024 341 2103 gio
362 2021 577 2102 apostolorum
600 2026 631 2079 et
653 2018 889 2099 discipulorum,
917 2021 1056 2101 alioquin
1078 2029 1109 2083 et
1126 2022 1185 2082 elios

288 2125 412 2185 quoque
435 2105 536 2165 denuo
558 2104 791 2184 interrogasset.

369 2189 416 2247 Ex
440 2187 549 2266 quibus
571 2184 697 2245 ulterius
713 2186 859 2265 sequitur,
883 2186 966 2265 quod
980 2187 1185 2251 sicutchristu

287 2289 450 2351 personam
473 2268 692 2350 respondentis
714 2268 794 2328 Petri
815 2288 871 2348 pro
890 2270 1035 2331 omnibus
1056 2279 1185 2353 aooeptut,

285 2355 330 2414 its
350 2361 514 2433 sequenter
536 2370 659 2431 quoque
693 2369 756 2410 non
786 2351 825 2412 ad
854 2352 954 2412 solum
976 2353 1113 2434 Petrum,
1145 2354 1185 2416 sed

287 2435 326 2496 ad
350 2456 471 2516 omnes,
501 2455 627 2515 quorum
650 2452 785 2515 persona
805 2434 913 2495 Petrus
934 2435 1083 2515 loquitur,
1109 2437 1185 2499 diost:

285 2519 331 2579 Tu
354 2540 386 2580 es
402 2520 517 2598 Petrus,
539 2518 608 2578 Tibi
628 2516 710 2578 dabo
724 2516 827 2577 claves
842 2524 900 2578 ete.
941 2518 1089 2599 Alioquin
1106 2521 1185 2600 Serip-

286 2609 353 2662 tura
381 2621 443 2663 nnn
470 2608 556 2663 reete
589 2599 785 2679 intelligitur,
818 2601 875 2660 nisi
914 2603 1131 2681 praesedentia
1163 2610 1186 2663 et

286 2688 446 2765 sequentia
466 2692 550 2746 reete
571 2682 777 2744 conferantur.

370 2769 472 2847 Atque
493 2774 527 2827 ut
545 2767 608 2827 hoe
629 2784 666 2826 eo
691 2766 731 2825 sit
751 2766 880 2844 certius,
902 2787 965 2828 non
988 2769 1048 2830 soli
1071 2769 1185 2831 Petrus

285 2851 406 2912 Christo
429 2849 545 2930 aliquid
564 2848 677 2909 dietum
701 2867 780 2927 esse,
802 2851 932 2929 exponit
952 2869 987 2911 se
1003 2852 1102 2931 ipsum
1118 2853 1185 2915 Gliti-
1220 2926 1221 2931 γ

285 2941 360 3012 stus,
383 2935 431 2994 eui
451 2934 602 3013 loquetur,
626 2938 657 2992 et
678 2932 728 2991 oui
750 2931 853 2993 tradat
868 2934 982 3012 eleves,
1005 2933 1122 2996 disens:
1141 2937 1184 2996 Be

286 3024 354 3077 etus
377 3036 411 3077 es
433 3016 540 3078 Simon
562 3016 622 3076 Bar
643 3014 739 3092 dona,
774 3032 846 3076 earo
869 3022 900 3076 et
927 3019 1053 3098 sanguis
1074 3037 1134 3079 non
1150 3039 1184 3079 re·
1213 3014 1221 3023 ”

285 3100 400 3160 velavit
421 3100 493 3176 tibi,
517 3097 572 3159 sed
591 3098 682 3157 Peter
703 3116 799 3173 meus,
821 3099 873 3175 qui
897 3105 945 3160 est
966 3100 998 3159 in
1013 3101 1116 3166 coelis.
1138 3100 1183 3163 Ob·

284 3201 393 3259 seoro,
421 3182 493 3262 quid
515 3182 566 3241 hie
586 3187 691 3260 potest
711 3185 820 3240 eontra
840 3181 890 3241 vel
910 3179 1002 3262 tingi,
1025 3183 1096 3263 quid
1116 3205 1183 3266 aper-

284 3267 342 3325 tius
366 3266 442 3342 dioi,
477 3284 568 3343 quern
600 3261 683 3342 quod
706 3262 812 3323 Petrus
844 3264 875 3323 in
903 3263 963 3325 hae
983 3286 1116 3346 persona
1133 3287 1181 3328 nou

167 3410 172 3419 ,
283 3356 331 3408 est
351 3348 473 3425 Petrus,
495 3367 558 3408 non
581 3352 629 3407 est
649 3363 739 3423 earo,
769 3364 870 3424 neque
891 3350 1040 3429 sanguis?
1071 3350 1129 3412 Sed
1146 3357 1180 3411 est

283 3432 319 3507 is,
344 3433 393 3491 oui
414 3432 531 3491 revelat
547 3430 648 3506 Pater,
673 3429 800 3489 omnino
813 3430 922 3492 Petrus
938 3439 1026 3492 extra
1043 3433 1178 3495 hominem

282 3516 420 3592 ponitur,
448 3521 479 3574 et
500 3516 561 3573 iarn
584 3531 646 3573 non
669 3517 718 3572 est
740 3511 803 3572 ulle
825 3533 959 3592 persona
980 3536 1036 3598 per
1057 3537 1108 3598 se,
1137 3516 1176 3577 sed

281 3597 447 3658 revelantis
469 3597 567 3657 Patris
589 3593 719 3657 auditor.
1219 3600 1221 3669 j

364 3680 435 3741 Non
457 3679 565 3742 Simon
599 3680 661 3738 Bar
694 3677 777 3738 Jona
809 3677 888 3740 haee
916 3687 1099 3767 respondet,
1129 3706 1172 3746 non

310 3880 344 3953 l)
371 3881 401 3938 lu
424 3879 496 3939 edit.
516 3879 634 3950 priores
653 3880 702 3930 est
720 3877 803 3928 erum
818 3873 917 3925 ettam.
