2709 4417
276 358 339 425 334
524 357 616 413 Rosci,
637 359 666 411 L.
685 373 769 426 snper
788 356 986 426 Propooitione

359 545 563 606 sacrosancta
584 545 726 605 Romana
751 542 887 603 ecclesia
911 545 1005 622 (quia
1033 543 1110 603 aliae
1126 564 1174 606 nor

274 637 409 706 sanctae,
432 635 485 687 aut
506 634 723 688 sacrosanctae
735 633 815 704 sunt,
837 627 932 686 etiam
955 629 980 686 si
995 627 1102 686 eadem
1121 626 1175 706 fids,

274 713 379 788 verbu,
402 718 607 790 sacramento,
630 711 747 790 spiritu,
769 727 959 789 prorsusque
981 709 1089 769 eadem
1110 727 1177 770 sanc

274 797 360 855 titate
383 791 629 875 sanctificantur)
654 812 718 853 non
740 792 779 852 ab
802 792 966 871 apostolis,
989 792 1046 852 sed
1067 791 1177 872 abipso

275 878 407 937 Domino
438 883 469 935 et
497 877 658 937 Salvatore
686 877 849 955 primatum
878 873 1031 953 obtinuit,
1064 876 1136 934 sicut
1153 875 1178 935 B.

274 960 365 1019 Petro
389 958 479 1017 dicit:
503 959 550 1036 Tu
572 978 604 1018 es
626 958 734 1017 Petrus
756 965 815 1017 etc.

358 1040 390 1100 Si
413 1041 523 1119 aliquis
552 1041 712 1121 gentilium
742 1042 787 1099 sic
818 1041 934 1119 exponi
968 1038 1064 1099 verba
1085 1038 1179 1099 Ohnsti

274 1124 408 1199 audiret,
442 1123 564 1201 quando
588 1124 778 1182 Christianus
812 1121 924 1182 tieret?
959 1123 1056 1202 Igitur
1089 1129 1117 1180 et
1141 1121 1180 1180 hit

275 1209 438 1286 primatum
461 1207 605 1286 intelligit
625 1225 681 1285 per
702 1205 846 1265 verbum:
869 1205 917 1264 Tu
939 1224 972 1264 es
996 1205 1115 1280 Petrus,
1135 1223 1179 1263 seu
1218 1260 1221 1281 ε

278 1288 434 1369 perhanc
456 1296 585 1366 petram.
627 1289 754 1368 Eligant
767 1294 869 1346 antem
890 1288 1067 1362 (utiterum
1088 1285 1180 1346 eadem

274 1378 443 1450 repetam),
466 1378 564 1430 utrum
588 1371 750 1431 voluerint.
793 1369 884 1429 Petra
898 1370 1044 1430 hocloco
1065 1377 1115 1428 eut
1133 1369 1179 1448 sig-

275 1452 380 1513 nificat
401 1451 492 1512 fidem
508 1453 648 1533 Spiritus,
671 1461 724 1512 aut
738 1454 900 1532 primatum
916 1453 1065 1529 exterius,
1085 1457 1179 1510 utrun-
1218 1458 1221 1483 ¹

276 1554 336 1615 que
359 1537 440 1594 enirn
463 1537 552 1595 simul
573 1537 681 1615 nequit
702 1533 886 1615 significare.

358 1620 390 1680 Si
411 1617 513 1696 fidem,
535 1619 596 1678 iam
620 1636 728 1678 omnes
743 1617 894 1678 ecclesiae
915 1636 1010 1696 super
1032 1635 1098 1675 eam
1119 1624 1175 1675 sunt

275 1700 471 1777 aedificatae,
496 1703 567 1780 quia
585 1701 722 1760 Christus
745 1701 833 1760 dicit:
857 1699 956 1779 Super
977 1699 1060 1758 hanc
1078 1707 1177 1778 petron
1218 1714 1221 1745 ὲ

275 1783 446 1844 aedificabo
470 1785 632 1843 ecclesiam
654 1802 765 1845 meam.
807 1782 892 1862 Ergo
921 1783 1094 1860 cuicunque
1120 1799 1176 1841 oon·

275 1868 360 1927 venit
380 1865 438 1925 dici
461 1886 480 1924 a
502 1866 638 1926 Christos
661 1866 803 1925 Ecclesia
819 1884 899 1942 mea,
920 1865 961 1925 ad
975 1864 1105 1924 eandem
1125 1883 1176 1943 per
1216 1873 1221 1881 '

276 1950 354 2009 tinet
379 1953 466 2028 petra
495 1956 526 2008 et
547 1956 668 2027 petrus,
693 1966 896 2028 superquam
919 1946 1106 2007 aedificatur.
1142 1946 1175 2005 ltr
1218 1952 1221 1957 ’

276 2031 352 2091 nihil
373 2032 529 2110 proprium
551 2032 693 2092 Romana
714 2032 847 2091 ecclesia
868 2030 979 2106 habet,
1014 2029 1070 2089 sed
1093 2029 1175 2088 omnir

276 2121 347 2174 sunt
370 2115 555 2191 communia,
579 2115 649 2192 quia
672 2114 722 2174 ubi
745 2113 853 2172 eadem
875 2111 963 2191 fides,
986 2111 1094 2172 eadem
1114 2129 1175 2189 quo

277 2214 337 2276 que
359 2203 496 2275 potestas
519 2197 666 2274 clavium,
702 2195 773 2256 fidei
804 2197 885 2255 enim
918 2203 950 2254 et
977 2202 1084 2273 petrae
1104 2194 1176 2252 datae

277 2288 348 2339 suut
369 2279 473 2338 claves
495 2286 528 2338 ut
561 2287 654 2358 patet.
699 2279 731 2339 si
766 2285 969 2358 potestatem,
1003 2279 1066 2336 iam
1087 2279 1176 2336 itemn

278 2380 385 2422 omnes
418 2368 489 2420 suut
526 2363 672 2441 aequales
709 2363 874 2438 ecclesiae,
913 2362 986 2439 quia
1026 2361 1177 2437 cuicunque
1219 2370 1221 2387 ¹

280 2444 390 2504 dicitur
412 2465 430 2502 a
443 2444 580 2504 Christo:
602 2444 744 2504 Ecclesia
756 2463 834 2521 mea,
857 2444 946 2502 simul
960 2443 1082 2502 dicitur:
1103 2440 1178 2501 Aedi-

276 2525 376 2587 ficabo
400 2537 430 2586 te
451 2546 544 2605 supra
565 2535 694 2607 petram,
716 2526 747 2585 id
770 2533 831 2603 est,
853 2533 1053 2605 potestatem.
1094 2524 1178 2598 Quare

278 2609 432 2688 quaelibet
460 2610 593 2669 ecclesia
625 2610 686 2670 hoc
713 2609 805 2669 verbo
843 2610 900 2668 erit
927 2610 1066 2668 omnium
1087 2609 1178 2686 prima

276 2694 349 2772 quia
370 2692 462 2750 habet
496 2692 624 2752 eandem
642 2699 776 2772 petram,
808 2710 869 2770 qua
889 2692 1035 2751 Romana
1065 2689 1179 2750 ecclesia

277 2776 425 2856 gloriatur
447 2793 515 2834 esse
538 2795 571 2834 se
585 2777 725 2854 primam.
772 2776 817 2834 lta
839 2773 1005 2853 quoquo²)
1031 2781 1062 2834 te
1084 2782 1179 2848 vertas,

277 2877 399 2936 semper
421 2860 552 2917 occurrit
573 2865 604 2917 et
625 2859 740 2918 resistit
760 2858 815 2918 tibi
836 2858 984 2935 Christus,
1006 2857 1079 2916 dum
1100 2855 1179 2915 eccle·

276 2942 352 3001 siam
371 2959 457 2998 suam
479 2961 571 3020 supra
592 2940 750 3020 petram²t
777 2939 934 3019 aedificat,
967 2958 1027 3000 nec
1049 2940 1119 2998 sinit
1136 2937 1179 2995 ulli
1219 2980 1221 3013 ἰ

277 3023 453 3104 particulari
477 3025 632 3084 ecclesiae
653 3024 734 3083 hanc
755 3032 872 3104 petram
896 3023 1099 3102 appropriari,
1119 3019 1178 3079 ideo
1219 3020 1221 3025 '

276 3125 335 3166 nec
356 3106 488 3165 Petrum.

361 3187 453 3246 Vides
493 3209 586 3269 ergo,
626 3189 709 3268 quod
743 3191 865 3250 unicum
898 3189 974 3250 illud
1014 3205 1180 3267 pronomen,

276 3271 393 3347 Meam,
429 3280 572 3351 tanquam
608 3273 769 3351 crystallus
800 3273 962 3350 coelestis,
997 3289 1105 3331 omnes
1134 3269 1179 3327 has

276 3353 454 3413 Decretales
477 3354 647 3434 infrigidat,
684 3362 717 3414 ut
746 3364 818 3417 ante
842 3357 952 3415 faciem
981 3354 1103 3433 frigoris
1127 3353 1180 3411 eius

276 3437 360 3497 nulla
374 3439 524 3498 sustinere
537 3441 645 3517 possit,
667 3440 739 3499 dum
754 3458 948 3501 communem
963 3444 1091 3516 petram,
1112 3452 1180 3494 com·

275 3541 399 3580 munem
413 3530 623 3601 potestatem,
654 3542 833 3586 communes
856 3524 976 3598 claves,
999 3535 1180 3581 communem

435 3704 696 3712 ...m-m-.

305 3802 338 3868 1)
362 3803 392 3857 In
415 3801 460 3858 ed.
480 3799 563 3856 Jen.·.
594 3810 785 3866 quocunque,
802 3793 880 3843 etin
896 3791 943 3840 eu.
956 3791 1072 3852 smeret
1098 3803 1197 3850 sparsus

263 3884 363 3937 vertas
383 3886 422 3936 te.
462 3878 495 3946 3)
517 3875 551 3928 ln
571 3871 641 3927 cuit.
660 3867 779 3937 prioret
795 3873 883 3926 super
899 3862 1025 3921 petrum.
