2709 4417
549 352 704 405 Posideum
720 348 804 403 Eceii.
854 382 863 399 .
1091 346 1129 412 11

234 541 345 618 pesesto
369 533 518 611 debitam,
538 554 594 615 per
608 535 824 615 indulgentius,
847 552 939 595 error.
970 533 1035 595 l'mo
1050 551 1131 595 erro

234 636 310 681 neum
329 626 393 692 est,
422 636 491 679 eum
517 637 578 680 non
600 637 695 698 posse
716 617 878 679 absolvere
899 636 918 676 e
938 616 1047 696 poeuis
1069 616 1132 676 eui·

235 721 285 762 nus
305 701 335 761 in
356 701 533 780 purgatorio
562 701 738 763 existentes.
782 699 924 761 Omnium
946 706 1046 759 eutem
1070 717 1131 759 ms

181 818 184 841 Ι,
236 770 374 845 rineiuou
390 783 564 862 reeipimus,
586 783 670 862 quod
687 784 834 859 morituri,
856 780 977 854 infirmi,
995 780 1132 860 legitime

181 886 187 923 ,ε
234 865 371 946 impediti,
392 884 456 927 non
479 867 607 926 erimine
627 865 750 946 publioe
772 865 939 941 hebentes,
972 863 1131 943 indulgen·

181 970 188 1005 s
237 951 273 1011 tiis
291 967 351 1009 uon
373 960 498 1028 egeant.

181 1050 184 1084 τ
280 1033 317 1094 13
325 1050 334 1100 s
357 1031 530 1091 Romanam
555 1031 716 1091 ecelesiam
739 1049 801 1090 nou
823 1029 917 1089 fuisse
944 1029 1131 1107 superiorem

236 1115 286 1175 aliis
306 1115 445 1174 eeclesiis
466 1120 539 1174 ente
560 1120 701 1192 tempore
709 1111 857 1186 silvestri,
878 1130 1036 1191 negemus.
1070 1108 1132 1171 Sed

235 1216 303 1271 sum,
336 1197 387 1274 qui
415 1195 522 1257 sedem
544 1196 712 1257 beatissimi
732 1195 813 1256 Petri
846 1194 952 1255 hebuit
979 1201 1010 1253 et
1030 1191 1132 1270 fidem,

234 1297 426 1340 suooessorem
464 1279 544 1339 Petri
572 1285 604 1339 et
630 1279 775 1339 visorium
808 1276 919 1339 Christi
954 1275 1130 1356 generalem

181 1379 184 1415 τ
236 1381 341 1440 semper
361 1363 567 1441 agnovimus.
1117 1366 1119 1371 '

281 1444 506 1522 Contreximum
527 1442 630 1522 quood
651 1441 720 1503 fleri
741 1447 860 1522 potest,
889 1441 1132 1521 propositiones,

232 1534 255 1586 st
271 1524 325 1586 hee
344 1545 461 1606 peuces
483 1528 668 1606 eeeepimus‚
690 1534 723 1587 et
743 1524 825 1604 quod
849 1523 911 1586 elis
932 1522 970 1584 eb
992 1523 1040 1583 his
1059 1540 1131 1603 pen-

232 1609 320 1673 desut.

593 1728 758 1739 ——m-

299 1776 353 1836 His
369 1776 455 1838 Eeoii
478 1777 613 1838 thesibus
628 1775 859 1839 Oerolostedius
880 1775 909 1836 d.
925 1777 975 1839 26.
991 1795 1031 1835 m.
1044 1774 1131 1853 Apri·

190 1884 194 1891 ¹
231 1860 262 1920 lis
280 1878 307 1920 e.
329 1863 410 1933 ‚1519
433 1859 640 1940 septendecim
664 1860 809 1939 opposuit
830 1859 1053 1919 Oouolusiones
1074 1855 1131 1918 sub

227 1943 279 2002 hoo
289 1941 393 2005 titulo:
415 1942 639 2011 Conelusiones
649 1942 854 2003 Cerolostsdii
869 1948 978 2002 oontre
990 1941 1025 1999 D.
1037 1940 1131 1999 Joeu·

229 2043 289 2085 uem
309 2024 424 2085 Eeesrm
435 2026 557 2104 Lipsiee
569 2028 617 2089 27.
632 2025 716 2086 Junii
738 2025 871 2085 tuendae
894 2023 950 2098 (ef.
967 2021 1132 2083 Loesoheri

227 2107 351 2172 Reform.
373 2107 442 2169 Aet
464 2108 516 2186 ΙΙΙ,
538 2129 568 2188 p.
583 2109 644 2172 284
667 2126 734 2187 sqq.
768 2127 798 2188 p.
819 2110 888 2172 56³.
923 2105 1042 2167 Weleh.
1064 2104 1132 2181 XV,

220 2192 280 2253 tto
311 2208 388 2268 sqq„
420 2190 621 2268 Seidemenn‚
656 2190 707 2251 die
735 2189 894 2272 Leipziger
935 2188 1130 2268 Disputedon

228 2275 246 2333 i.
264 2273 289 2332 J.
312 2276 398 2337 1519.
432 2273 572 2334 Dresdeu
595 2292 623 2336 u.
645 2273 772 2353 Leipzig
795 2275 884 2337 1843.
907 2292 937 2352 p.
958 2275 1028 2347 stt.
1070 2269 1131 2330 Eo·

231 2353 349 2434 demque
371 2357 435 2416 iere
457 2363 596 2435 tempore
624 2356 680 2431 (of.
702 2355 789 2418 Luth.
802 2355 880 2436 Epp.
904 2354 952 2416 ed.
976 2353 1014 2414 ds
1027 2351 1132 2414 Wette

233 2441 249 2514 i,
266 2435 321 2501 278
342 2441 428 2518 sqq.)
472 2438 620 2503 Lutherus
652 2445 761 2498 oontre
783 2439 867 2499 Eooii
886 2437 1132 2517 Disputationem

233 2519 521 2664 {teuExeusetionem
555 2530 613 2581 ete
643 2540 730 2581 suum
766 2521 862 2582 edidit
891 2521 922 2580 in
958 2519 1066 2598 vulgus
1099 2517 1133 2578 li·

285 2623 347 2661 um:

265 2685 480 2765 Disputatio
515 2693 552 2746 et
571 2686 789 2747 exeusatio
817 2687 870 2748 Fr.
893 2684 1050 2746 Martini
1071 2683 1132 2742 Lu·

266 2768 343 2828 ther
363 2768 556 2828 adversus
579 2768 891 2830 Criminetioues
911 2769 947 2831 Ι).
969 2767 1051 2829 doh.
1068 2765 1131 2825 Eo·

268 2850 316 2911 eii.
358 2851 532 2911 Adiunetee
554 2860 625 2911 sunt-
646 2851 790 2913 tredeoim
814 2852 916 2912 theses
940 2852 985 2911 sio
1007 2850 1131 2928 inserip-

266 2938 324 2993 tee:
374 2933 520 2995 Contra
558 2953 686 2995 novos
720 2942 756 2995 et
787 2942 943 2995 veteres
979 2949 1133 2993 errores

267 3014 445 3076 desendet
471 3014 660 3076 Martinus
689 3016 895 3077 Lutherius
935 3016 1002 3075 hee
1035 3015 1131 3095 poei-

267 3098 390 3158 tiouee
413 3107 641 3176 sequentes,
661 3098 699 3158 in
720 3099 849 3161 studio
871 3099 1059 3178 Lipsensi.

265 3261 269 3273 Ι
291 3178 363 3273 ΙΙΙοει
384 3181 414 3239 iu
438 3186 524 3240 textu
538 3178 695 3241 reddendo
719 3182 815 3242 secuti
837 3200 941 3242 eumue
964 3181 1131 3242 editionem

240 3262 781 3441 ondldsadirud’stcddusetiudldzddtetio
813 3346 846 3407 F.
875 3346 1033 3407 Martini
1063 3345 1131 3404 Lu·

181 3456 185 3547 p
268 3424 549 3567 {hertedversus
572 3426 1131 3492 orimrnstioneeD.dohennis
1163 3439 1166 3444 ’

294 3527 378 3571 sert

181 3550 191 3619 d
301 3590 333 3651 ln
356 3592 434 3653 tituli
455 3594 579 3673 pagine,
601 3593 693 3653 nullis
716 3594 811 3673 signis
834 3593 1062 3674 typogmphiois
1084 3613 1130 3654 or-

240 3678 300 3750 uste,
320 3693 376 3735 neo
399 3675 487 3735 lomus
509 3694 567 3735 neo
586 3695 687 3737 eunus
699 3675 859 3752 indicetur,
882 3677 913 3737 in
927 3675 989 3738 flue
1002 3675 1129 3758 legitur:

227 3750 300 3809 Auso
322 3755 483 3817 MMJX.
526 3757 650 3821 Penzer
681 3761 713 3822 in
750 3763 835 3828 Anu.
866 3769 995 3848 typogr.
1021 3759 1143 3837 imis,

212 3828 396 3908 ‘W'aefflfs
417 3833 655 3923 thflobergso
693 3848 845 3930 prodiiss
874 3849 968 3917 huno
994 3847 1157 3929 tusum.
