2709 4417
270 349 334 416 340
523 351 618 406 Rssol.
638 351 665 405 L.
684 367 769 420 super
786 353 985 422 Proposidone

273 536 373 597 solnm
396 535 490 596 fuisse
512 555 568 616 per
589 555 739 596 summum
762 543 794 597 et
815 555 910 596 unum
931 533 1107 616 pontificem
1127 539 1169 618 sig·

272 618 438 680 nificatum.

355 703 395 762 Ut
416 701 477 761 hoc
493 702 642 774 omittam,
665 701 747 781 quod
766 700 826 760 illis
840 702 948 761 omnia
964 702 997 760 iu
1013 699 1171 781 fignracon·

272 786 379 864 tigisse
401 785 530 860 scimus,
553 785 636 843 etin
658 803 740 844 novo
763 783 966 844 Testamento
989 781 1115 863 figuram
1133 783 1173 845 ille

271 867 374 927 denuo
396 873 541 943 revocat,
574 873 607 925 ut
635 867 741 927 similis
774 865 876 947 figura
909 867 1068 945 utriusqus
1087 865 1174 926 Testa

272 952 382 1026 menti,
415 949 489 1008 nihil
521 950 581 1008 iam
616 957 775 1029 utrumque
808 949 846 1010 ab
883 955 1017 1028 utroque
1038 948 1173 1013 differens.

272 1032 352 1092 Uror
373 1051 450 1111 ego,
479 1032 598 1091 divinas
621 1032 725 1092 literas
746 1032 784 1091 ab
806 1033 855 1091 his
884 1032 990 1113 porcis
1013 1040 1074 1091 tam
1095 1033 1172 1112 impu·

272 1114 381 1174 denter
403 1113 595 1189 conculcari,
629 1115 809 1194 praesertim
831 1114 888 1175 sub
912 1115 1040 1175 nomine
1062 1115 1173 1175 Romani

272 1196 426 1276 pontilicis
451 1205 481 1256 et
502 1197 662 1257 Romanae
684 1198 845 1260 ecclesiae.

356 1277 441 1353 Quid
457 1289 559 1338 antem
583 1280 643 1339 hoc
659 1289 721 1358 est,
744 1279 826 1359 quod
849 1280 928 1340 duos
952 1281 1070 1359 primos
1091 1299 1172 1341 sacer·

273 1361 361 1422 dotes
383 1363 413 1420 in
437 1363 531 1421 veteri
553 1362 751 1423 Testamento
774 1364 894 1439 statuit,
927 1381 1043 1442 magno
1066 1364 1110 1422 sui
1129 1366 1173 1443 pn'·

273 1453 371 1503 matus
394 1443 600 1505 detrimento?
621 1445 744 1506 Imitare
757 1446 840 1525 quod
860 1445 939 1505 dicis
953 1447 1000 1527 (et
1015 1447 1041 1504 si
1062 1445 1173 1524 falsum)

273 1533 334 1586 stet
354 1526 530 1603 similitudo,
555 1534 586 1588 et
607 1528 647 1587 da
661 1531 751 1588 etiam
764 1548 846 1588 nunc
868 1529 946 1588 daos
960 1529 1087 1608 primos.
1109 1528 1175 1603 Quo·

273 1608 366 1669 modo
397 1629 490 1669 unum
525 1611 654 1688 primum
686 1612 830 1691 probabis
865 1631 920 1690 per
954 1611 1034 1670 dnos
1056 1608 1175 1690 primos?

274 1691 369 1752 Vides
392 1711 467 1772 ergo
490 1692 548 1752 hos
559 1693 701 1753 homines
725 1714 779 1755 eos
803 1695 907 1771 fuisse,
930 1695 983 1773 qui
995 1694 1176 1773 simplicitate

274 1774 345 1835 fidei
367 1784 492 1835 nostrae
514 1775 601 1835 abusi
623 1778 689 1836 ausi
711 1785 782 1837 sunt
801 1785 948 1856 statuere,
974 1777 1118 1856 quidquid
1136 1778 1176 1838 vel
1217 1850 1219 1857 Ι

273 1860 426 1919 somniare
449 1867 623 1938 potnerunt.

354 1941 386 2000 ln
409 1940 469 2000 line
499 1941 655 2002 concludit
684 1949 715 2002 et
736 1943 845 2004 eadem
867 1943 1055 2010 dexteritate
1077 1943 1177 2004 Roma·

273 2043 342 2083 nam
367 2024 528 2084 ecclesiam
552 2026 706 2084 cardinem
730 2034 836 2105 vocat,
866 2028 896 2085 in
930 2045 992 2105 quo
1014 2045 1120 2086 omnes
1139 2047 1177 2087 ec·

273 2107 385 2166 clasiae
407 2114 561 2187 reguntur,
586 2107 711 2168 domino
724 2108 925 2190 disponente:
949 2115 981 2168 et
1004 2107 1126 2168 tandem
1145 2112 1177 2169 sit

272 2187 341 2248 finis
364 2190 421 2249 hic.
464 2190 542 2248 Nam
566 2193 658 2250 ceteri
682 2191 834 2268 Canones,
854 2193 908 2282 qui
931 2190 1042 2250 eadem
1066 2194 1177 2272 spirant,

273 2272 380 2330 horum
403 2273 541 2331 nimirum
565 2272 691 2332 influxu
704 2275 809 2335 infecti
830 2276 1026 2353 sicspirant.
1218 2277 1219 2286 ’

354 2355 424 2416 Non
450 2374 573 2434 possum
605 2363 706 2416 autem
730 2360 888 2435 omittere,
924 2359 998 2436 quin
1027 2361 1060 2417 et
1080 2358 1177 2418 Decre-

274 2438 366 2499 talem
390 2437 438 2497 vel
461 2457 552 2497 unam
574 2438 735 2517 adducam,
759 2448 791 2500 ut
811 2448 976 2520 appareat,
1001 2439 1073 2518 quid
1095 2443 1176 2520 prosit

274 2521 421 2581 ecclesias
434 2541 551 2600 regere,
574 2528 605 2580 et
617 2522 787 2602 Scripturas
802 2541 905 2582 sacras
921 2541 985 2583 non
1007 2523 1175 2604 intelligere.

273 2604 350 2664 Sunt
372 2598 452 2665 enim
475 2610 506 2663 et
528 2603 704 2664 Decretales
740 2625 829 2684 quam
859 2606 1010 2684 plurimae
1037 2606 1176 2686 frigidissi-

273 2707 351 2765 mae,
374 2685 472 2762 hoel)
498 2689 664 2765 maximae,
695 2707 773 2766 quae
801 2690 940 2748 maxime
974 2697 1046 2747 sunt
1073 2691 1103 2747 in
1124 2710 1176 2752 usu.

272 2769 409 2829 Transeo
432 2769 513 2828 illam
538 2768 576 2829 de
598 2771 825 2848 constitutione,
848 2789 874 2833 c.
896 2770 1078 2849 Translato,
1101 2791 1175 2850 quam

272 2859 347 2933 puto
376 2853 420 2911 sic
442 2873 459 2910 a
483 2872 530 2911 me
555 2852 740 2914 vindicatam
768 2856 874 2930 antea,
909 2863 941 2913 ut
973 2873 1102 2915 necesse
1126 2877 1175 2916 non

273 2938 313 2996 sit
334 2941 484 3014 repetere.
529 2937 660 2996 Assumo
686 2957 763 2996 onus
791 2936 864 2996 illud
887 2959 912 2994 c.
937 2935 1123 3016 Significasti
1146 2941 1175 2998 de
1218 2982 1219 2994 ,

273 3019 379 3097 elect,
403 3017 452 3077 ubi
476 3019 726 3098 archiepiscopus
747 3020 998 3079 Panoruritamus
1022 3039 1090 3078 cum
1117 3044 1175 3103 rege
1218 3021 1219 3033 ¹

273 3110 304 3162 et
327 3121 422 3180 regno
446 3101 569 3160 Siciliae
596 3103 762 3162 iustissima
798 3105 913 3179 mirati,
947 3101 1032 3180 quod
1065 3103 1174 3183 pallium

271 3192 451 3264 accepturus
480 3185 652 3264 exigeretur
683 3187 903 3264 iuramentum,
938 3194 970 3244 et
992 3185 1042 3245 ubi
1065 3189 1173 3264 pulchra

272 3267 424 3328 modestia
446 3275 552 3326 contra
574 3268 655 3327 hanc
667 3268 907 3328 infelicissimam
920 3270 1113 3330 exactionem
1134 3270 1173 3330 ad·

272 3350 397 3410 duceret
432 3357 629 3428 praeceptum
654 3351 765 3411 Christi
787 3358 818 3410 et
839 3357 954 3410 statuta
977 3351 1172 3430 conciliorum,

273 3434 363 3494 talem
397 3434 517 3513 accepit
558 3435 794 3512 responsionem
837 3441 868 3493 et
903 3433 1171 3513 interpretationem

271 3516 445 3596 Scripturas
480 3524 646 3577 sanctaea
675 3517 825 3577 Paschale
856 3516 1000 3577 Romano
1033 3520 1172 3596 pontifics,

274 3599 352 3676 [hoc
373 3605 429 3676 est,
453 3619 471 3658 a
493 3601 619 3662 notariis
642 3601 821 3679 Rornanisl.
1047 3621 1051 3624 ⁴

352 3683 507 3760 Mirentur,
532 3685 638 3763 inquit,
660 3685 825 3746 Dominum
838 3689 977 3742 nostrum
991 3683 1090 3746 lesum
1104 3686 1172 3746 Chri·

298 3869 328 3932 l)
354 3866 383 3920 ln
409 3866 457 3948 ed.
478 3867 592 3939 priore:
614 3880 677 3919 eae.
