2709 4417
281 351 326 417 48
492 353 650 424 Disputatio
668 353 778 425 lipsiae
795 354 892 409 habits
909 371 936 410 a.
953 354 1018 409 xlx

282 536 365 616 quod
392 555 530 616 ¹unquam
560 538 767 614 meminerim,
802 538 884 617 quod
915 544 962 599 est
990 544 1102 600 contra
1133 536 1198 599 fldsi

282 619 474 682 Christianae
496 619 649 697 mandata,
672 622 815 699 quamvis
836 621 918 682 facto
932 622 1001 702 ipso
1014 640 1110 701 saepe
1123 640 1197 682 erre·

281 704 392 780 verint,
414 704 476 762 imo
499 702 572 762 talia
594 702 707 763 iudicia
728 723 858 765 erronea
877 704 980 764 facere
1003 711 1194 769 attentarunt.

282 785 341 846 Ubi
352 785 456 844 divino
479 803 601 864 quoque
614 788 747 866 correpti
770 786 976 866 suntiudicio,
999 793 1033 847 ut
1053 787 1193 850 debeone

282 868 397 928 Ariana
428 867 611 928 adversante
632 868 766 947 Hilario,
809 879 841 928 ut
873 869 913 930 de
934 870 1101 932 Anastasio
1133 888 1190 934 cau.

282 951 463 1011 Anastasius
485 970 536 1012 xx.
560 949 630 1014 dist.
789 948 791 950 ’

370 1034 419 1093 Ad
448 1053 582 1111 nouum,
616 1032 655 1093 de
682 1034 826 1111 Canama,
854 1034 998 1116 Legimus
1026 1036 1078 1099 93.
1100 1034 1188 1096 distin.

281 1116 360 1176 forte
393 1115 580 1176 reverendus
616 1116 708 1175 Pater
734 1135 784 1177 me
817 1136 881 1178 uon
909 1118 1071 1179 intellexit
1118 1116 1188 1177 Nun

267 1217 372 1278 .quam
390 1200 473 1258 venit
495 1198 568 1257 mihi
590 1198 620 1258 in
636 1206 780 1276 mentem,
802 1207 948 1280 papatum
972 1219 1041 1261 esse
1063 1198 1187 1263 ordinem

283 1281 362 1343 ultra
382 1284 609 1362 episcopatum,
639 1281 693 1342 sed
722 1282 910 1363 dignitatem.
947 1283 1039 1358 Quod
1061 1301 1131 1342 vero
1150 1283 1188 1343 di-

282 1366 339 1442 oit,
374 1365 447 1424 mihi
482 1363 594 1424 bellum
617 1384 687 1424 esse
709 1382 776 1424 cum
800 1365 990 1446 Hieronymo
1017 1371 1049 1426 et
1070 1365 1183 1426 Canam-

281 1446 347 1525 bus,
371 1447 435 1507 dixi
457 1446 530 1526 quid
552 1448 693 1524 sentiam,
717 1447 859 1526 praefero
882 1449 1036 1509 hocloco
1059 1448 1182 1527 Dionysii

280 1532 474 1590 autoritatem
498 1530 581 1589 velut
600 1531 739 1590 senioris.
783 1533 825 1590 At
840 1549 908 1590 cum
925 1531 1129 1591 rhetorioetur
1145 1550 1179 1591 re

283 1612 434 1673 verendus
455 1613 546 1672 Pater
567 1612 606 1673 de
628 1613 794 1692 Dionysio,
825 1632 878 1673 our
905 1633 969 1674 non
1002 1613 1178 1674 monarcham

283 1695 441 1755 Ecclesiae
475 1695 649 1774 descripsit,
685 1696 748 1755 imo
783 1695 861 1756 ultra
888 1697 1098 1777 episcopatum
1130 1715 1178 1756 nor

281 1777 515 1859 progrediatur?
559 1778 661 1838 Facile
690 1782 738 1837 est
764 1778 846 1856 quod
875 1778 985 1839 dicam.
1033 1779 1177 1859 Dionysius

281 1863 362 1921 enim
384 1866 577 1920 sacramenta
597 1860 749 1920 ecelesiae
771 1863 957 1942 perstringit,
979 1869 1121 1942 papatum
1141 1880 1177 1921 m·

281 1952 342 2004 tem
367 1963 435 2003 cum
466 1943 605 2004 ordinem
628 1961 697 2003 esse
720 1945 912 2024 negaverim,
936 1947 1129 2024 episcopatus
1146 1945 1177 2004 iu·

282 2034 329 2087 ter
360 2026 482 2087 ordines
506 2026 641 2086 omnium
674 2043 830 2086 consensu
851 2046 1025 2106 supremum
1049 2026 1179 2088 obtinebit

284 2110 397 2170 laeum.
1139 2162 1143 2171 .

364 2193 503 2270 Decimo,
526 2192 607 2270 quod
624 2192 777 2251 neminem
799 2198 861 2252 tam
882 2193 1023 2252 insanum
1037 2193 1180 2269 existimat,

282 2275 334 2354 qui
368 2274 531 2335 crediderit
563 2275 696 2353 aliquem
732 2294 801 2335 esse
836 2276 1015 2355 episcopum
1044 2276 1180 2356 proprium

282 2357 409 2439 singulis
444 2357 599 2417 ecclesiis:
628 2356 701 2436 quid
737 2366 784 2417 est
817 2357 898 2437 quod
929 2376 989 2439 ego
1018 2376 1183 2437 conqnemr,

282 2442 340 2501 nisi
363 2440 444 2519 quod
466 2439 626 2500 stultorum
649 2442 753 2518 etqui
776 2440 978 2521 singularitati
1001 2440 1124 2501 student
1151 2442 1183 2499 in·

226 2574 236 2585 .
282 2522 384 2583 finitus
415 2531 464 2583 ost
490 2541 643 2623 numepus.
692 2522 788 2603 Legat
816 2523 1002 2584 reverendus
1031 2524 1121 2585 Pater
1145 2522 1184 2583 ll-

282 2625 387 2666 varum
412 2606 451 2666 de
473 2606 768 2685 planotnecclesiae,
789 2606 956 2667 iohannem
971 2607 1010 2666 de
1021 2607 1115 2667 Turre
1136 2625 1185 2666 ors

282 2698 365 2749 mata
385 2690 416 2749 in
439 2707 558 2749 summa
579 2688 956 2766 ecclesiae,Vuilhelmum
979 2690 1018 2750 de
1031 2689 1144 2751 Occam
1161 2690 1186 2749 iu

282 2772 417 2852 dialogo,
440 2784 471 2833 et
491 2773 626 2832 inveniet
642 2771 782 2831 homines
806 2773 991 2852 quandoque
1011 2773 1094 2833 illins
1106 2772 1186 2833 fuisse

281 2874 429 2916 insamae.

365 2937 456 3011 Quod
470 2956 543 2998 vero
566 2936 755 3015 suspendere
777 2937 1041 2998 vult-solutionem
1064 2944 1186 2998 nostran

282 3021 321 3081 de
342 3040 391 3098 eo,
413 3020 494 3098 quod
519 3019 591 3097 dixi,
613 3020 726 3100 Papam
749 3020 930 3080 universalis
952 3020 1105 3081 eeclesiae
1122 3018 1187 3080 Pon·

281 3103 393 3165 tilicem
416 3104 545 3181 melius,
577 3121 669 3183 quam
690 3103 892 3163 universalem
916 3104 1119 3183 episcopum,
1141 3101 1187 3163 feu

280 3187 341 3246 hoo
363 3186 426 3245 divi
447 3178 594 3246 B'ernardi
615 3187 779 3246 autoritate
808 3192 839 3246 et
868 3204 1056 3246 summorum
1079 3183 1188 3247 Pontifi-

282 3289 350 3330 cum
372 3268 603 3330 eonsuetndine.
646 3268 701 3330 Ait
719 3271 808 3329 ¹enim
833 3268 1006 3330 Bernardns
1035 3269 1089 3331 lib.
1111 3271 1139 3332 2.
1158 3267 1186 3328 de

281 3352 458 3414 Considera.
483 3352 531 3413 ad.
555 3353 650 3432 Euge.
674 3347 734 3412 eol.
755 3357 790 3416 7:
813 3352 932 3432 Nempe
955 3353 1076 3432 signnm
1099 3354 1186 3432 singu·

281 3436 353 3495 laris
377 3435 528 3495 Pontifiaii
561 3436 642 3495 Petri
670 3444 728 3496 etc.
771 3436 854 3495 Infra
872 3436 931 3495 ita:
970 3433 1048 3495 Cum
1071 3435 1185 3514 quisque

280 3526 450 3578 ceterorum
472 3537 557 3577 suam
580 3518 859 3595 habeteeclesiam,
881 3516 934 3577 tibi
949 3537 1012 3577 unc
1034 3518 1184 3578 commissa

281 3607 346 3678 est,
368 3600 572 3680 grandissima
592 3603 689 3678 navis,
712 3601 792 3661 facta
821 3620 860 3660 ex
883 3601 1023 3662 omnibus
1046 3602 1114 3680 ipsa
1134 3599 1182 3658 uni·

280 3685 407 3744 versalia
430 3684 571 3761 ecelesia,
594 3690 659 3744 toto
683 3682 758 3744 orbe
781 3681 899 3746 diffusa.

363 3766 411 3827 Ad
444 3766 737 3845 decimum,Ve1·bo
764 3765 874 3826 Christi
904 3785 966 3828 nou
999 3764 1182 3841 satisfactum,

277 3851 388 3914 Lucae.
411 3853 485 3930 22.,
514 3851 602 3929 quasi
623 3852 664 3910 sit
685 3856 894 3910 commentum
914 3867 1026 3909 meum.
1053 3849 1111 3909 nt
1130 3864 1180 3906 non
