2709 4417
424 359 493 413 Xlll.
515 359 550 412 ds
568 365 704 426 potestate
723 360 822 426 Papae.
1017 357 1079 423 343

183 565 219 604 ua
241 545 357 607 Christi
379 545 550 605 libertatem
578 547 807 626 promittamus,
846 546 898 606 sed
934 567 994 624 qua
1024 547 1080 606 sibi

183 630 339 689 srvitutem
363 630 506 688 iuramus.
549 629 635 703 Quae
649 638 751 690 autem
776 630 874 689 maior
895 630 1016 689 miseria
1033 649 1080 691 ec·

183 711 284 789 lesiae,
309 730 401 790 quarn
425 730 487 771 non
501 730 617 788 amore,
638 712 693 772 sad
718 713 745 772 vi
757 712 984 791 conglutinari?
1005 732 1080 791 pon·

184 792 258 854 fices
280 813 344 854 non
367 793 602 872 benevolentia,
637 795 692 854 sed
726 801 879 874 potestate
907 795 1078 874 imperare?

183 875 300 937 abditos
323 896 384 936 non
408 895 535 954 amore,
567 877 622 936 sed
658 877 729 936 odio
763 884 794 936 et
822 879 931 937 timore
952 885 1079 938 coactos

183 959 298 1019 ervire?

234 1086 297 1147 Sed
319 1087 456 1166 seqnitur
478 1087 572 1167 digna
593 1085 760 1167 applicatio
783 1086 1006 1146 similitudinis:
1053 1154 1055 1156 ,

243 1186 275 1247 Si
300 1187 556 1247 conscientiarum
571 1187 670 1246 factor
687 1193 717 1245 et
733 1187 875 1265 cognitur
890 1193 1078 1247 secretorum

183 1269 341 1330 anditione
364 1271 422 1329 hac
444 1289 514 1329 usus
538 1275 599 1347 cst,
622 1287 680 1328 nec
702 1268 799 1329 semel
822 1276 949 1344 tantum,
971 1269 1026 1329 sed
1050 1281 1080 1330 et

183 1352 310 1431 scando,
333 1360 364 1413 et
376 1372 472 1431 usque
486 1352 523 1411 ad
537 1352 811 1430 contristationem,
834 1371 895 1430 qua
916 1371 974 1412 nos
989 1371 1078 1434 opor·

183 1443 203 1495 :t
225 1435 436 1496 sollicitudine
464 1441 579 1494 tantam
608 1434 759 1494 ecclesiae
781 1434 1002 1513 praelationem
1025 1435 1078 1495 im-

183 1537 277 1578 onere
301 1519 451 1595 iratribus,
474 1536 602 1596 quorum
618 1519 822 1577 conscientias
841 1537 903 1578 non
918 1516 1079 1577 videmus?

241 1601 309 1661 Nec
332 1602 439 1660 mirum
463 1607 562 1678 certe,
585 1601 655 1678 quia
676 1599 801 1678 Petrus,
839 1600 950 1660 Paulus
973 1601 1078 1660 etalii

183 1683 295 1764 postoli
317 1703 380 1743 non
403 1691 492 1744 erant
512 1690 572 1742 tam
597 1683 731 1761 solliciti,
754 1689 838 1741 lanta
859 1682 1079 1760 sollicitudine,

183 1771 274 1826 nanta
296 1786 378 1827 nunc
392 1774 461 1826 sunt
482 1763 664 1846 Romani¹).
711 1764 843 1842 Deinde,
867 1766 939 1844 quia
962 1785 1078 1849 cogno·

183 1849 355 1910 eruntforte
364 1849 569 1909 conscientias
582 1848 713 1927 illorum,
722 1867 798 1926 quos
812 1847 987 1909 sacerdotes
1002 1867 1075 1909 con-

183 1932 335 2011 ituebant,
349 1951 407 1992 nec
421 1931 595 2010 exemplum
611 1929 767 2011 Christi*)
785 1929 864 1991 adeo
880 1938 1073 1994 curaverunt.

185 2034 270 2075 onne
292 2015 354 2075 hoc
376 2022 478 2074 estse
500 2016 599 2094 ipsum
621 2013 742 2074 ridere?
765 2013 825 2074 Sed
847 2032 905 2074 nec
927 2013 1075 2091 Christus,

183 2099 244 2157 rius
258 2116 334 2158 oves
349 2105 420 2158 sunt
433 2097 584 2177 propriae,
597 2097 668 2157 licet
680 2116 735 2176 pro
749 2098 792 2156 eis
808 2116 841 2156 se
856 2096 998 2173 traderet,
1013 2116 1076 2157 non

183 2200 262 2239 unen
285 2181 341 2241 luit
363 2187 424 2240 tam
449 2180 618 2254 sollicitus,
657 2189 688 2239 ut
718 2180 920 2239 iuramentum
945 2200 962 2239 a
984 2178 1074 2240 Petro

183 2263 309 2343 rigeret,
332 2263 388 2322 sed
403 2262 487 2324 velut
504 2261 670 2322 dormitans
686 2261 880 2322 dilectionem
897 2269 1076 2322 tantummo-

183 2365 214 2422 n,
237 2365 303 2405 rem
327 2365 402 2405 sane
424 2344 625 2421 levissimam,
655 2345 767 2424 exegit.
812 2343 1077 2423 Quandoquidem,

183 2428 218 2489 isi
237 2428 443 2488 iuramentum
458 2427 614 2487 Paschalis
637 2428 756 2487 caritati
768 2436 984 2507 praeponeret,
1009 2429 1076 2487 sine

183 2511 251 2572 nbio
275 2511 419 2589 exemplo
434 2509 544 2572 Christi
567 2516 730 2571 contentus
747 2518 838 2588 esset,
859 2529 917 2570 nec
931 2530 965 2570 sc
987 2530 1075 2589 opor-

183 2612 224 2653 rre
247 2594 345 2674 magis
369 2592 532 2654 sollicitum
561 2611 629 2652 esse
652 2601 844 2672 quereretur,
878 2613 968 2671 quam
993 2592 1075 2653 Chri·
1153 2662 1155 2666 ¹

183 2695 239 2736 um
256 2677 373 2756 ipsum,
409 2678 476 2754 [qni
499 2683 530 2736 et
556 2674 660 2734 ludam
685 2676 863 2755 praeposuit
891 2675 1000 2757 ovibus
1028 2695 1077 2754 pa-

182 2757 293 2833 eendis,
315 2778 405 2837 quem
429 2758 540 2818 malurn
556 2777 625 2818 esse
640 2761 736 2834 novit,
759 2765 850 2837 atque
872 2757 902 2818 id
920 2760 986 2818 sine
1008 2777 1078 2819 con·

183 2834 307 2917 itione].
352 2841 446 2901 Vides
470 2841 561 2918 enim,
585 2847 616 2899 ut
633 2842 734 2921 arguit
755 2864 773 2902 a
795 2842 915 2901 minori:
940 2840 1078 2902 Christus

183 2926 280 3004 regit,
305 2931 419 3002 quanto
443 2925 540 3004 magis
564 2943 631 2984 nos.
675 2923 768 2998 Quasi
787 2944 859 2985 vero
883 2923 943 2985 hoc
965 2923 1078 3003 aliquid

183 3007 198 3068 d
220 3027 286 3068 rem
311 3008 472 3086 pertineat,
496 3006 577 3086 quod
596 3005 733 3067 Christus
757 3007 960 3067 conscientias
982 3006 1079 3083 novit,

183 3109 321 3154 ‚omanus
344 3090 483 3170 pontifex
507 3109 568 3150 non
592 3091 697 3167 novit,
727 3110 795 3149 cum
819 3089 955 3149 Christus
978 3109 1079 3150 exem·

183 3175 242 3234 lum
266 3174 297 3232 in
320 3173 380 3233 hoc
402 3172 544 3232 omnibus
566 3173 741 3251 praebuerit
761 3171 949 3235 imitandum.
988 3173 1078 3233 Deni-

183 3277 218 3318 ne
242 3263 274 3317 et
296 3275 353 3316 nos
376 3257 602 3324 non,novimus
626 3256 830 3316 conscientias
850 3255 981 3315 Romani
1006 3274 1078 3334 pon·

183 3340 265 3415 ficis,
298 3340 377 3399 iuret
410 3358 484 3418 crgo
519 3347 549 3398 et
585 3338 673 3398 nobis
709 3337 933 3415 conditionem,
969 3337 1078 3398 Christi

183 3421 343 3499 ilutem2).

240 3505 353 3566 Iterum
384 3523 515 3583 quaero:
549 3503 580 3565 Si
613 3504 787 3584 ignorantia
822 3505 1076 3564 conscientiarum

183 3590 228 3652 >la
250 3595 300 3649 est
322 3606 416 3649 causa
438 3586 581 3668 exigendi
600 3587 778 3661 iuramenti,
815 3606 866 3646 cur
897 3607 958 3647 non
982 3586 1078 3666 cogis,

186 3795 219 3853 1)
232 3793 301 3844 loro.
316 3792 392 3846 add:
404 3796 552 3860 pontifices
566 3778 597 3861 2j
611 3796 641 3849 ln
650 3794 695 3850 ed.
709 3796 805 3866 priore
821 3791 1091 3849 etinlcneaaltem.

183 3864 210 3920 ⁶)
226 3859 330 3911 «lodan.
352 3864 396 3916 10.
