2709 4417
316 341 357 409 76
425 310 427 317 =
527 345 685 433 preparatio
704 347 926 414 Lipsisehabita
944 362 970 402 a.
991 345 1049 399 th'

313 532 365 612 qui
385 533 540 610 haeretiei,
562 534 613 612 qui
633 535 795 611 temerarii,
818 533 933 594 elamm
944 540 1038 614 patet,
1060 553 1144 614 quam
1162 536 1201 597 iri-

312 633 372 695 ¹que
395 622 426 675 et
447 622 562 677 temere
585 636 633 677 me
664 618 851 678 haereticum
881 625 916 678 et.
942 617 1079 698 pessimo
1102 620 1203 682 nomine

312 707 446 759 aususat.
1067 711 1072 721 '

267 851 270 856 ¹
397 782 528 843 Proinde
552 801 613 842 non
638 802 707 842 esse
729 783 768 842 de
780 784 963 843 necessitate
986 782 1102 860 salutis,
1117 783 1206 845 Roma·

315 882 385 925 nam
408 883 476 925 esse
498 867 686 944 superiorem
704 866 782 941 aliis,
804 865 941 925 noudum
957 866 1145 926 convincitur
1154 886 1207 929 esse

314 947 458 1007 articulus
481 949 662 1028 haereticus,
685 950 804 1008 etiamsi
827 950 905 1009 inter
928 950 1100 1010 haereticos
1121 968 1206 1011 nume·

314 1037 405 1093 retur.
563 1087 568 1104 ,

371 1114 486 1190 'Quod
525 1122 626 1174 autern
662 1115 861 1175 ratiocinatur
882 1114 931 1176 Au
975 1114 1046 1175 stini
1068 1115 1209 1195 exemplo:

315 1193 348 1256 si
371 1199 464 1258 ullum
481 1197 675 1257 mendesium
697 1199 728 1257 in
751 1197 890 1258 Consilio
911 1217 930 1258 a
953 1199 1109 1276 mittatur,
1130 1198 1212 1258 varil-

317 1277 390 1341 labit
411 1283 555 1340 universa
575 1282 724 1340 autoritas
746 1281 885 1341 Consilii.
934 1279 1043 1341 Infelix
1065 1279 1213 1342 similitudo

316 1372 381 1443 est,
404 1363 592 1444 Augustinus
617 1363 655 1422 de
685 1363 847 1443 Scripturis
877 1362 987 1423 divinis
1021 1363 1214 1440 ratiooinalur,

316 1466 396 1531 quae
418 1452 488 1506 sunt
512 1447 539 1518 ¹)
566 1445 691 1506 verbum
706 1445 763 1506 Dei
785 1446 954 1523 infallibile,
970 1445 1133 1506 eonsilium
1155 1465 1215 1507 vero

317 1537 456 1593 ereatura
476 1530 563 1589 istius
584 1528 678 1590 verbi.
703 1527 773 1589 ldeo
796 1530 905 1589 iniuria
926 1529 1021 1591 verbo
1043 1528 1102 1589 Dei
1123 1527 1156 1588 fit
1174 1548 1217 1608 per

316 1615 396 1675 hano
408 1613 681 1691 comparationem,
704 1630 772 1672 eum
795 1631 974 1672 eoncessum
1000 1613 1048 1690 sit3
1069 1608 1217 1672 oonoilium

316 1715 409 1778 posse
432 1714 548 1773 errare,
572 1699 605 1754 ut
626 1700 714 1754 notat
736 1695 967 1755 Panormitanus
990 1696 1021 1754 in
1044 1707 1112 1774 esp.
1135 1693 1217 1774 Signi·

317 1779 423 1840 lioasti.
458 1777 596 1838 Transeo
618 1777 693 1837 illud
725 1777 764 1838 de
785 1779 938 1838 essentiae
961 1778 1085 1839 divinae
1106 1795 1217 1858 genera·

317 1865 413 1938 tione,
438 1861 509 1939 quie
530 1861 605 1919 nihil
627 1860 665 1920 ad
687 1861 890 1941 propositum.

400 1943 447 2004 Ad
460 1944 672 2024 Augustinum‚
695 1945 745 2022 qui
768 1949 899 2024 exeepta
920 1942 1077 2023 Scriptura
1098 1942 1220 2003 omniun

317 2029 431 2108 soripta
443 2045 510 2086 eum
533 2024 645 2086 iudioio
667 2025 752 2086 iubet
772 2026 885 2107 legere,
898 2026 972 2086 dieit
988 2025 1131 2106 egregius
1143 2024 1221 2101 D.D.‚

317 2131 378 2172 nou
402 2129 470 2169 esse
493 2108 618 2169 exolusa
640 2128 785 2188 pereum
818 2107 942 2169 decreta
963 2108 1054 2168 Rom.
1076 2106 1221 2168 Pontifieis

318 2201 349 2255 et
371 2191 579 2253 oouoiliorum.
601 2191 670 2250 Hoe
693 2191 810 2268 dieitur,
833 2191 886 2250 ssd
904 2210 964 2252 non
977 2190 1142 2271 probatur3
1162 2190 1221 2269 quin

318 2277 502 2357 solutionem
528 2293 625 2333 meam
659 2273 809 2354 oonlirmo
842 2274 1005 2335 autoritate
1026 2272 1113 2333 Pauli
1136 2271 1221 2348 *)sd

317 2359 494 2421 Thessala:
518 2356 628 2417 Omnia
646 2356 785 2437 probate,
808 2355 890 2435 quod
913 2357 1027 2418 bonurn
1051 2363 1099 2415 est
1122 2361 1221 2415 tenete.

318 2436 407 2504 Rom.
430 2440 572 2502 Pontifex
595 2445 626 2499 et
647 2440 780 2501 consilia
801 2447 871 2498 sunt
894 2438 1045 2517 homines,
1068 2457 1144 2519 ergo
1166 2457 1221 2518 pro·

317 2524 409 2586 bandi
432 2531 521 2593 sunt,
555 2529 585 2581 et
606 2523 651 2581 sio
672 2521 818 2594 tenendi,
851 2540 909 2581 nee
937 2520 1091 2582 eximendi
1115 2519 1154 2581 ab
1174 2520 1221 2579 har

318 2605 426 2686 regula
442 2604 623 2685 apostoliea.

401 2687 492 2763 Quod
508 2707 562 2767 per
579 2707 628 2750 ms
643 2686 805 2747 adductum
822 2705 888 2765 oap.
905 2685 1100 2767 significasti,
1116 2685 1221 2746 disits(

319 2791 382 2833 non
395 2771 580 2849 meminisse,
602 2776 633 2831 et
654 2770 797 2831 dominos
818 2771 939 2829 iuristas
961 2774 1085 2846 mouet,
1120 2773 1154 2828 ut
1173 2787 1221 2828 nor

319 2854 509 2936 pessundant
542 2852 626 2933 leges
650 2851 842 2931 pontificias,
876 2850 959 2930 quod
981 2859 1013 2912 et
1032 2853 1132 2931 ipsum
1155 2851 1220 2910 vale

320 2936 359 2998 ad
387 2935 601 2997 eoncitandam
630 2935 776 2997 invidiam
804 2935 885 2995 mihi.
925 2934 991 2994 Nee
1011 2952 1068 3014 per
1087 2933 1150 2993 hoe
1170 2953 1221 3014 pes

320 3019 488 3081 sundantur
509 3018 595 3098 leges
617 3017 803 3099 pontificiae,
826 3019 851 3078 si
865 3018 908 3078 eis
931 3018 1142 3096 praeferantur
1154 3016 1220 3096 lege

321 3102 452 3179 divinae,
475 3101 558 3180 quod
580 3120 649 3160 eum
672 3101 787 3161 faciunt
809 3100 925 3161 domini
946 3101 1081 3174 iuristae,
1103 3100 1221 3180 pessimi

320 3186 434 3247 laeiuut
455 3184 608 3263 theologi,
643 3185 693 3263 qui
715 3184 747 3243 in
770 3184 827 3243 hae
848 3203 882 3243 re
904 3183 995 3243 etiem
1017 3183 1165 3242 resistunt
1185 3200 1221 3261 op

320 3270 401 3329 timis
423 3267 544 3329 iuristis.

402 3351 562 3430 Platynam
585 3368 703 3429 parma
725 3348 890 3430 allegatum
904 3347 978 3409 didit
993 3366 1055 3408 nou
1080 3347 1221 3428 esseplm

306 3428 411 3529 'nquam
440 3434 530 3494 Rom.
558 3430 759 3508 Pontificem,
782 3432 1007 3512 Augustinum,
1040 3429 1221 3511 cyprianum

322 3518 408 3597 quasi
429 3537 484 3597 per
505 3515 707 3596 Augustinum
731 3523 762 3574 at
783 3514 990 3594 cyprianum,
1012 3518 1065 3572 aut
1088 3532 1221 3573 summan

342 3786 377 3848 1)
400 3784 432 3841 lu
454 3785 499 3842 ed.
518 3787 611 3858 erip:
634 3791 684 3839 est.

337 3857 369 3929 ')
396 3863 418 3914 l.
442 3861 550 3916 Thess.
573 3862 598 3917 5.
