2709 4417
214 330 218 395 s
305 344 349 411 84
490 303 647 441 Disputatio
666 346 775 416 Lipsiae
795 346 888 401 habita
906 362 931 401 a.
949 344 1013 400 XIX

304 534 343 596 ut
364 535 437 597 satis
459 532 666 616 magnificavit
686 538 845 615 peccatum
867 533 958 615 Petri,
979 535 1059 595 sicut
1079 531 1158 592 scribi

303 618 342 679 ad
365 616 453 680 Gala.
475 620 504 681 2.
532 616 676 693 Quamvis
709 616 860 679 dissensio
887 615 979 678 inerit
1007 617 1105 698 primo
1135 617 1158 674 ir

304 701 462 782 apostolos
484 701 605 761 Petrum
627 706 659 761 et
676 700 814 781 Paulum,
836 699 957 783 deinde,
969 701 1049 761 inter
1070 697 1158 760 eccles

303 783 461 862 doctores,
481 780 702 865 Hieronymum
726 790 758 845 et
779 785 996 864 Augustinum,
1026 793 1127 843 tamen
1150 802 1158 840 r

303 886 429 947 possum
449 867 480 926 in
502 866 582 927 hanc
604 867 715 928 adduci
738 867 938 945 sententiam,
959 873 993 927 ut
1013 866 1121 946 aliquis
1142 884 1158 924 a

303 949 451 1011 stolorum
483 956 556 1030 post
583 951 760 1012 missionem
789 949 917 1030 Spiritus
945 951 1044 1011 sancti
1076 947 1156 1009 cecid

301 1034 332 1093 in
354 1031 478 1113 aliquod
500 1039 659 1114 peccatum
683 1032 829 1111 mortale,
851 1034 929 1092 sicut
949 1031 1088 1093 illudde
1108 1049 1158 1090 san

302 1115 399 1177 flcatis
421 1116 452 1175 in
474 1123 561 1176 utero
585 1117 676 1176 etiarn
698 1135 760 1178 non
776 1115 952 1177 admittitur.
975 1115 1018 1177 At
1037 1112 1110 1175 illud
1132 1133 1158 1193 pr

303 1206 349 1260 ter
368 1199 547 1277 institutum,
569 1198 642 1260 dato
653 1205 757 1260 tamen
769 1205 800 1259 et
817 1193 939 1259 minime
953 1216 1114 1277 concesso,
1135 1215 1158 1275 qr

302 1282 419 1342 scilicet
440 1282 545 1342 Petrus
566 1283 597 1341 in
619 1282 815 1343 simulatione
849 1301 905 1342 sua
925 1288 1087 1362 peccasset
1106 1298 1158 1340 mo·

302 1365 380 1445 liter,
401 1363 501 1424 adhuc
523 1365 685 1425 mansisset
706 1372 794 1445 petra
817 1370 848 1425 et
862 1371 955 1445 caput
969 1364 1129 1426 ecclesiae.
1150 1362 1158 1421 l

302 1447 486 1509 reverendus
519 1447 610 1509 Pater
635 1448 710 1508 velit
739 1457 770 1508 et
799 1447 881 1508 hunc
910 1448 1071 1509 articulum
1093 1446 1158 1506 Hus.

301 1549 369 1591 cnm
381 1530 553 1610 defendere,
576 1530 659 1611 quod
675 1550 739 1593 non
750 1530 857 1593 credo:
877 1530 985 1591 Nullus
1003 1538 1051 1592 est
1073 1530 1158 1593 domi:

302 1612 410 1692 civilis,
431 1613 533 1674 nullus
555 1613 720 1694 praelatus,
743 1613 844 1673 nullus
867 1614 1075 1695 episcopusin
1088 1631 1158 1694 pecc

301 1695 439 1774 mortali,
465 1696 548 1777 quod
570 1716 719 1758 summam
747 1697 863 1758 iaceret
891 1697 1078 1759 christianae
1098 1696 1158 1775 reli,

302 1781 351 1841 nis
373 1779 627 1843 incertitudinem.
1105 1786 1107 1791 '

384 1861 510 1944 Quarto,
532 1862 571 1924 de
592 1863 722 1924 decretis
744 1861 826 1942 apud
845 1882 915 1923 eum
934 1861 1157 1943 frigidissimis

302 1944 388 2006 dico:
409 1946 515 2007 Toties
536 1947 567 2006 in
590 1946 721 2006 ecclesia
742 1964 929 2006 summorum
941 1945 1124 2008 Pontificum
1145 1962 1158 2003 c

301 2029 473 2090 stitutiones
494 2029 525 2088 in
548 2030 674 2090 materia
695 2027 767 2088 fidei
787 2036 948 2109 receptas,
984 2036 1016 2090 et
1044 2027 1126 2109 quod
1147 2046 1158 2106 p

302 2119 368 2189 est,
397 2112 469 2172 olim
491 2112 584 2174 Rom.
606 2111 748 2173 Pontifex
770 2113 950 2193 episcopum
972 2131 1035 2173 non
1058 2109 1158 2174 contin

302 2194 369 2274 bat,
401 2196 459 2255 nisi
488 2196 620 2256 mitteret
647 2194 793 2255 schedam
816 2195 1048 2276 protestationis
1071 2194 1156 2272 fidei,

302 2297 362 2358 qua
382 2276 582 2359 profitebatur
602 2297 636 2338 se
658 2277 782 2339 credere
799 2277 970 2358 evangelia,
993 2285 1125 2358 quatuor
1145 2295 1158 2335 c

301 2361 379 2440 cilia,
402 2360 538 2441 synodos
558 2361 723 2443 legitimas,
746 2368 776 2421 et
799 2361 923 2422 decreta
936 2360 1158 2423 summorumP

300 2443 423 2508 tificum.
463 2443 510 2505 Ob
532 2463 600 2505 eam
623 2464 688 2505 rern
708 2444 865 2505 iohannes
886 2445 972 2525 Papa
994 2443 1158 2506 Gilibrechl

301 2526 518 2589 coloniensem
552 2529 730 2610 episcopum
764 2527 862 2588 noluit
903 2525 1101 2602 confirmare,
1133 2545 1158 2606 qr

301 2611 382 2670 hanc
402 2608 474 2670 fidei
501 2610 646 2671 schedam
669 2630 731 2672 non
776 2611 889 2672 erfecte
911 2609 1091 2690 obtulisset,
1123 2617 1155 2670 ut

301 2694 401 2776 gimus
424 2686 490 2754 can'.
513 2701 651 2775 optatum
673 2696 723 2759 20.
746 2631 815 2754 int
897 2768 901 2781 Ι
1041 2770 1044 2783 Ι

385 2775 475 2852 Quod
496 2796 570 2838 vero
592 2777 734 2838 Anacleti
762 2776 916 2837 decretam
943 2775 1055 2855 reiicit,
1085 2775 1158 2835 dixit

301 2861 386 2940 heri,
417 2880 477 2941 quo
497 2861 660 2922 autoritate
687 2860 719 2919 id
740 2859 832 2921 faciat
851 2859 902 2920 vel
928 2878 989 2938 qua
1023 2859 1158 2940 probetis

255 2948 263 2965 '
301 2943 380 3004 Nam
403 2963 471 3005 cum
493 2943 652 3025 originalia
673 2945 734 3004 sint
754 2962 828 3024 prae
850 2941 1007 3020 manibus,
1035 2942 1137 3002 nullus

302 3027 362 3087 huc
387 3027 464 3088 dixit
489 3027 569 3087 istud
598 3026 751 3087 decretum
775 3026 806 3088 S.
828 3026 967 3108 martyris
990 3024 1134 3086 Anacleti
1153 3045 1158 3083 ι

303 3130 381 3173 esse.
403 3110 463 3173 Sed
485 3109 583 3172 Nicol.
606 3110 744 3171 Cusanus
766 3108 989 3171 Germanorum
1010 3108 1158 3171 doctissin

303 3195 354 3274 qui
367 3194 477 3255 fatetur
498 3213 531 3254 se
545 3193 794 3255 concordantiam
816 3191 888 3253 fidei
906 3192 1076 3272 scripsisse,
1100 3212 1138 3252 ex

302 3276 453 3359 ginalibus
480 3276 553 3336 illud
576 3277 717 3338 Anacleti
749 3275 870 3357 allegat.
898 3275 1010 3335 Fuoum
1034 3274 1151 3336 addidit

303 3361 453 3422 verendus
474 3360 573 3436 Pater,
596 3361 669 3440 quia
689 3362 720 3420 in
741 3368 803 3420 tam
826 3357 856 3420 S.
873 3367 1005 3438 martyre
1027 3377 1091 3418 non
1114 3359 1152 3418 sit

302 3443 340 3504 lis
362 3443 491 3521 inscitia,
513 3449 546 3504 ut
567 3442 858 3526 exponatCepham,
879 3441 981 3522 idest,
1004 3447 1107 3522 caput.
1121 3441 1158 3516 Qr

303 3525 342 3587 ad
364 3527 554 3588 sanctitatem
575 3528 656 3587 vitae
678 3533 764 3587 tanta
784 3526 952 3605 requiratur
966 3525 1104 3587 scientia.
1128 3524 1158 3584 D:

304 3630 369 3671 mus
396 3619 498 3671 tamen
529 3631 639 3692 unum,
674 3611 746 3690 quia
767 3609 871 3689 Cephe
900 3614 952 3668 aut
972 3606 1095 3686 (lephas
1126 3607 1158 3668 de

303 3712 372 3755 esse
392 3691 560 3776 Syriacum,
582 3701 614 3754 et
634 3693 761 3756 libraeis
783 3710 906 3771 quoque
926 3691 1086 3770 familiare,
1109 3691 1158 3752 val

303 3784 418 3839 tantum
443 3779 520 3838 sicut
540 3779 646 3839 Petrus
667 3776 719 3837 vel
740 3775 895 3853 solidum,
924 3781 957 3834 ut
976 3773 1124 3834 Erasmus
1145 3793 1158 3854 p

295 3860 520 3946 Hieronymum
541 3861 644 3928 refert.
667 3857 1158 3936 Addamushoeetsingnlare,‹p
