2709 4417
356 380 360 385 ·
391 388 396 399 ·
475 375 492 414 a
509 358 632 427 litteriis
649 365 774 430 excepta
1008 356 1070 427 137

187 553 259 611 itates
280 548 318 609 ad
340 551 559 632 purgatorium.
591 549 660 631 Ego
682 556 785 610 antem
807 547 945 611 concedo
968 547 1006 609 de
1028 549 1071 608 lb·

187 653 223 694 na
243 633 316 707 vitu,
345 634 396 694 rel
417 634 525 696 inferni
546 632 597 695 vel
618 632 706 694 coeli.
740 632 879 694 Adduxit
898 633 989 694 etiam
1011 632 1071 693 Au-

187 717 265 777 ustin.
285 716 316 777 in
338 717 436 780 Ench.
465 717 642 797 loquentem
670 715 710 776 de
744 723 862 797 purgat.
894 725 924 777 et
945 716 1071 779 Hieron.

187 806 362 878 reservantem
386 820 452 880 eos,
474 802 531 880 qui·
542 806 650 862 exutas
667 800 786 860 animes
798 801 908 860 mereri
924 808 1073 861 asserant.

188 890 320 962 trumque
342 883 493 946 concedo.
515 885 563 944 Me
585 885 676 945 etiem
697 881 903 963 reprehendit,
926 881 1008 962 quod
1030 882 1073 942 di-

187 967 258 1041 esim,
281 986 331 1027 me
354 966 510 1048 disputare
532 967 613 1028 hane
624 967 877 1047 propositionem,
901 966 987 1045 quasi
1009 984 1072 1026 non

187 1048 269 1110 rbens
291 1047 435 1111 fiduciam
457 1050 496 1111 de
519 1070 573 1129 ea,
601 1051 652 1130 qui
673 1048 838 1130 magnifico
870 1049 958 1110 titulo
981 1050 1073 1129 scrip·

187 1132 258 1210 tum,
281 1143 391 1194 contra
412 1153 511 1196 navos
533 1140 565 1194 et
585 1140 705 1195 veteres
728 1151 846 1194 errores
868 1151 917 1192 me
939 1131 1072 1212 disputa

187 1235 276 1291 trum,
299 1219 483 1278 sententiam
510 1219 713 1278 recentiorum
736 1235 794 1275 nec
815 1214 907 1276 stulto
929 1215 1075 1277 verisimi-

187 1317 213 1358 m
232 1297 410 1360 affirmarim
433 1319 470 1360 ac
491 1301 691 1381 contemptim
721 1317 775 1359 eos
798 1298 1000 1379 theologistas
1021 1317 1074 1359 no·

187 1400 302 1442 marim.

231 1465 321 1540 Dico,
345 1466 424 1526 sicut
444 1465 509 1526 beri
532 1464 614 1540 dixi,
643 1483 693 1524 me
715 1463 816 1524 adhuc
836 1464 912 1525 nibil
934 1464 1013 1525 seire
1035 1463 1074 1524 de

187 1548 279 1627 ’gotio
302 1550 472 1608 animarum
501 1556 531 1607 et
552 1549 739 1628 purgatorii,
776 1555 807 1607 et
839 1547 899 1609 hoc
920 1547 1073 1628 appellem

187 1649 306 1708 rorem,
339 1631 423 1710 qnod
444 1631 567 1711 quidam
590 1630 704 1691 audent
724 1648 862 1691 asserere
884 1629 967 1709 quod
987 1631 1074 1710 igno-

187 1719 230 1791 nt,
251 1721 284 1774 et
306 1716 469 1792 opiniones
490 1715 621 1791 Petrum,
645 1721 678 1774 ut
699 1714 733 1776 B.
744 1713 893 1792 Thomas,
914 1713 1076 1773 Bonsven·

187 1815 238 1856 uae
259 1803 292 1856 et
312 1797 475 1874 similium,
511 1816 586 1876 ques
608 1799 665 1876 ipsi
690 1815 753 1857 non
776 1802 994 1873 asseruerunt,
1015 1797 1074 1875 ipsi

187 1898 296 1958 nquam
319 1887 420 1941 certos
442 1880 587 1941 articulos
608 1879 678 1941 fidei
692 1880 903 1960 pronunciant.
926 1879 991 1939 Hos
1013 1897 1072 1958 ego

187 1962 277 2042 spello
301 1963 502 2043 theologistas
536 1970 568 2023 et
593 1983 656 2025 non
686 1962 859 2042 theologos.
903 1960 1072 2041 Opiniones

187 2047 273 2105 rotari
304 2045 420 2106 debent
439 2048 469 2106 in
493 2046 628 2125 scholis,
663 2049 694 2106 iu
727 2045 872 2125 populum
903 2044 1073 2125 praedicari

187 2127 246 2189 trba
268 2136 302 2188 et
323 2147 418 2208 opera
439 2131 506 2190 Dei.
531 2129 608 2190 Psal.
643 2132 693 2192 19:
730 2128 818 2189 Coeli
842 2134 985 2189 enarrant
1007 2128 1073 2208 glo·

187 2231 228 2270 em
248 2212 309 2272 Dei
332 2218 388 2274 etc.
426 2211 496 2272 Nou
519 2231 593 2291 ergo
616 2231 675 2292 ego
698 2210 811 2271 damno
834 2212 996 2291 opiniones
1018 2229 1073 2291 op·

187 2312 292 2355 norum
317 2295 459 2372 Petrum,
492 2294 546 2356 sed
569 2296 677 2354 resisto
700 2293 915 2371 submisistis,
954 2295 1004 2373 qui
1033 2313 1071 2365 err

187 2378 351 2438 unionibus
373 2377 530 2439 bominum
553 2376 641 2437 nobis
664 2376 801 2438 conflent
821 2377 966 2438 articulos
990 2375 1072 2454 fidei,

186 2459 233 2521 rod
254 2479 320 2520 non
342 2468 389 2520 est
408 2460 483 2522 boni
504 2460 643 2541 theologi
665 2458 809 2521 officium.

234 2542 326 2618 Quod
349 2563 499 2604 canonem
523 2562 582 2623 ego
605 2544 870 2622 aequivocaverim
888 2551 996 2602 contre
1011 2543 1072 2602 An·

187 2627 306 2686 rstinum
328 2626 379 2687 lib.
405 2628 452 2689 ¹18.
474 2646 539 2706 cap.
564 2628 612 2690 26.
645 2626 749 2706 coegit
776 2646 824 2686 me
853 2626 938 2685 divus
966 2625 1072 2686 Hiero·

187 2728 272 2770 rmus.
315 2709 391 2769 Item
413 2707 563 2770 Eusebius
591 2710 621 2768 in
644 2709 770 2769 historia
798 2710 1007 2769 ecclesiastica
1027 2727 1073 2768 re·

187 2811 282 2852 nsens
305 2800 336 2851 et
358 2794 548 2871 antiquorum
571 2794 759 2854 autoritates.
791 2791 865 2853 Ideo
888 2797 949 2852 stat
969 2792 1072 2870 aequi·

187 2876 296 2954 scatio,
318 2894 386 2935 cum
410 2876 498 2936 aliter
519 2876 726 2956 Augustinus,
760 2875 848 2935 aliter
868 2873 1072 2954 Hieronymus

187 2979 192 3015 r
217 2958 459 3037 antiquioribus,
487 2958 526 3018 de
549 2957 676 3018 Oenone
699 2959 846 3034 sentiunt,
874 2963 904 3017 et
926 2977 980 3037 per
1002 2976 1072 3018 con·

187 3059 285 3119 quens
307 3041 424 3100 nullum
445 3041 537 3102 robur
558 3041 728 3121 argumenti
751 3043 781 3101 in
804 3041 1003 3101 contentione
1027 3060 1071 3100 re·

187 3129 256 3183 ctum
280 3130 334 3184 est
358 3125 407 3183 An
431 3124 576 3204 prologus
593 3124 771 3204 Hieronymi
794 3125 873 3185 inter
894 3123 997 3184 divina
1020 3142 1071 3183 vo·

187 3207 268 3266 mine
288 3206 384 3267 libros
398 3205 651 3268 Mnchabaeorum
668 3215 835 3275 enumeret,
858 3225 919 3266 non
938 3207 1071 3282 memini,

187 3307 275 3349 unaco
297 3288 383 3367 illud,
405 3289 492 3368 quod
509 3297 638 3367 quatuor
656 3291 820 3370 evangelie
840 3290 1003 3350 autoritate
1025 3307 1072 3348 ee

187 3372 267 3431 csiae
289 3378 415 3452 recepta
437 3380 515 3435 suut.
558 3372 643 3432 Haeo
675 3374 756 3432 enim
779 3374 836 3433 erit
852 3372 912 3431 alia
933 3372 1071 3433 materia.

234 3455 310 3515 Post
330 3456 391 3515 hoc
413 3453 498 3532 dicit,
535 3463 643 3516 contra
672 3454 835 3517 concilium
865 3455 1071 3515 Florentinum

187 3555 231 3616 oe,
253 3538 338 3681 {uod
360 3539 568 3618 purgatorium
589 3558 652 3599 nou
667 3541 706 3600 sit
723 3541 754 3599 in
773 3538 929 3617 Scriptura
950 3556 1072 3617 expres-

187 3639 230 3682 rn.
283 3620 462 3701 espondeo:
497 3621 667 3682 Concilium
696 3641 756 3682 non
779 3627 883 3701 potest
910 3620 1011 3680 facere
1033 3619 1072 3679 de

187 3703 308 3781 criptura
335 3723 422 3779 esse,
452 3704 535 3782 quod
561 3724 625 3765 non
660 3710 708 3767 est
730 3703 770 3769 de
789 3703 948 3788 Scriptura
966 3710 1077 3764 nature

187 3783 368 3876 esieutnec
381 3783 513 3847 ecclesis
526 3792 635 3870 potuit
649 3791 757 3858 facere
769 3791 955 3877 evangelia³
966 3787 1099 3854 etiamsi

187 3858 318 3920 >robam
337 3869 515 3946 evangelie.
