2709 4417
222 361 286 429 438
458 363 526 427 111.·-
541 362 646 425 (ιοιιοιιι
665 362 701 421 sle
719 364 899 425 malasiam
924 402 930 413 .

224 570 326 632 opere,
348 559 380 612 et
399 550 593 613 sublevemus
615 550 681 617 eius
702 551 849 630 inopiam.
894 548 988 624 Quod
1009 551 1058 630 qni
1075 568 1124 614 nnn

223 634 355 710 laniunt,
392 633 436 694 illi
467 639 520 694 aut
541 631 713 695 Christiano
742 633 870 695 numine
899 652 964 695 non
986 639 1055 694 sunt
1072 652 1125 697 uen-

224 716 327 792 sendi,
350 723 402 776 aut
424 723 506 777 serte
529 715 619 777 nimis
641 714 753 777 infirmi
775 722 862 795 suut,
888 718 1012 779 etiamsi
1032 717 1127 778 instant

222 818 257 860 aa
279 798 391 861 christi
422 819 483 860 una
517 817 583 858 aum
616 799 756 859 omnibus
778 799 834 878 iis,
871 817 953 878 quae
976 798 1079 877 habet,
1104 803 1127 859 in

223 883 285 942 lina
305 891 497 945 sacramento
520 883 684 960 participes
704 880 803 942 fastos
825 901 906 943 esse.

305 964 375 1025 Non
396 971 498 1025 autern
522 964 632 1024 certius
654 971 867 1044 argumentum
894 973 958 1043 est,
994 984 1034 1024 an
1054 964 1129 1046 digne

224 1054 255 1108 at
277 1065 345 1107 eum
368 1048 466 1108 fruutu
488 1048 547 1107 hau
564 1054 755 1108 sacramento
779 1049 821 1109 sis
838 1067 925 1124 usus,
948 1066 1042 1126 quam
1062 1049 1128 1127 quad

224 1150 262 1191 ex
285 1131 420 1191 caritatis
434 1129 542 1190 officiis
565 1131 700 1193 sumitur.
737 1130 815 1190 Nam
839 1130 922 1211 qnod
946 1137 1002 1190 aut
1019 1150 1128 1210 magnas

224 1213 312 1273 nerii
344 1214 436 1272 animi
469 1213 561 1273 ardor
594 1214 624 1272 in
658 1213 808 1274 sumendo
841 1221 1056 1291 sacramento,
1089 1223 1130 1273 aut

224 1295 305 1372 quod
338 1297 472 1355 sensisse
506 1294 559 1355 tibi
594 1295 722 1365 videris,
761 1304 795 1356 ut
826 1295 929 1359 verbis
960 1293 1073 1358 Christi
1100 1298 1128 1356 sit

223 1386 357 1438 ereetum
380 1386 410 1436 et
432 1376 644 1438 confirmatum
666 1397 720 1439 ear
741 1385 846 1455 tuum,
878 1379 932 1439 illa
955 1380 1016 1439 atsi
1036 1381 1129 1458 impm-
1158 1400 1161 1406 ·

222 1459 288 1521 bari
309 1478 371 1520 non
395 1467 541 1539 possunt,
564 1480 624 1520 non
648 1468 751 1521 tamen
773 1470 844 1522 sunt
865 1469 928 1523 tam
950 1468 1038 1522 serta
1056 1481 1128 1542 argu-

223 1549 333 1603 menta.
379 1543 487 1606 Officia
502 1562 575 1604 vero
599 1544 731 1604 cantatis
747 1544 800 1605 illa
822 1553 851 1604 te
874 1552 993 1607 sartum
1015 1556 1128 1624 possunt

224 1626 342 1703 faeere,
376 1625 467 1705 digne
490 1646 528 1685 an
551 1625 676 1706 indigne
696 1627 757 1687 hoe
777 1634 973 1687 sacramento
997 1629 1126 1689 aienses.

224 1708 323 1789 Digne
345 1710 425 1767 eninr
447 1710 473 1767 is
495 1706 533 1768 el)
556 1728 627 1769 usus
650 1717 712 1784 est,
746 1711 799 1788 qui
827 1711 870 1771 ita
897 1729 953 1770 sur
975 1730 1060 1771 suum
1079 1710 1127 1770 hos

223 1791 311 1869 signo
339 1798 525 1858 commotum
548 1793 654 1859 sentit,
690 1798 721 1851 nt
742 1793 834 1852 etiam
866 1793 1010 1855 inimicos
1039 1792 1126 1854 odisse

223 1872 358 1946 desinet,
400 1881 431 1933 et
465 1893 573 1934 omnes
606 1873 699 1951 alios,
739 1876 790 1953 qni
822 1895 878 1936 sua
909 1875 1025 1939 habeut
1062 1895 1126 1955 opus

223 1975 328 2035 opera,
351 1957 444 2034 iuvet,
466 1955 595 2023 aliorum
619 1957 809 2018 calamitates
832 1977 957 2036 quoque
980 1977 1049 2018 suas
1070 1978 1126 2017 esse

222 2038 384 2099 existimet.

304 2120 363 2195 Qui
385 2139 447 2182 non
470 2123 604 2182 sentiunt
626 2121 684 2182 has
705 2121 842 2201 affectus,
864 2122 908 2182 illi
931 2124 1039 2183 inserti
1059 2133 1125 2195 suut,

222 2204 341 2263 etiamsi
364 2203 490 2282 singulis
505 2203 611 2265 diebus
634 2206 749 2265 senties
770 2205 830 2266 hoa
844 2213 1130 2281 sacramentontan

222 2293 283 2363 tur,
317 2288 408 2345 etiarn
438 2305 505 2345 enm
534 2295 620 2348 tanta
643 2289 752 2349 mentis
782 2288 908 2365 ardore,
944 2295 978 2348 ut
1001 2289 1125 2348 lacrimas

222 2387 294 2446 prae
316 2368 428 2446 gaudio
451 2369 587 2430 fundant.
631 2370 739 2449 Neque
760 2372 840 2432 enirn
864 2371 947 2432 Deus
971 2370 1125 2431 mirabilem

221 2450 305 2509 illum
329 2451 469 2510 amorem
488 2454 597 2512 mentis
619 2453 698 2512 adeo
713 2455 896 2534 magnifacit,
918 2473 1125 2532 nunnunquam

222 2534 302 2593 enim
337 2540 383 2594 est
412 2554 479 2595 enm
511 2537 625 2596 maiore
656 2536 810 2614 perieulo,
846 2556 936 2614 quarn
972 2536 1124 2603 commoda

221 2618 411 2676 coniunctus
456 2617 522 2677 Hae
544 2638 694 2677 summum
717 2627 780 2695 est,
811 2627 842 2678 ut
864 2622 937 2681 uerti
961 2621 1074 2689 simus,
1101 2618 1125 2678 id

221 2698 302 2775 quod
325 2699 431 2759 Petrus
444 2697 481 2772 s)
507 2718 628 2778 quaque
649 2702 756 2759 innuit.
800 2700 1009 2777 Confirmata,
1030 2703 1126 2779 inquit,

220 2782 414 2849 uenationem
438 2788 580 2855 vestram,
602 2802 713 2861 nempe
735 2802 789 2861 per
810 2784 893 2844 bona
915 2804 1026 2864 opera,
1057 2804 1126 2862 quae

220 2865 334 2924 fruetus
358 2871 428 2924 suut
449 2863 528 2924 fidei.

301 2946 348 3007 Ae
369 2956 514 3025 quantum
537 2948 657 3026 quidem
691 2947 731 3007 ad
763 2948 887 3009 verbum
918 2958 949 3011 et
971 2950 1010 3010 ad
1037 2969 1126 3009 saera-

220 3036 354 3088 mentum
377 3032 498 3106 attinet,
534 3039 604 3090 sunt
625 3032 730 3090 omnia
757 3032 942 3109 certissima,
976 3031 1128 3094 confirmat

219 3112 300 3171 enirn
324 3112 409 3173 Deus
432 3119 626 3193 pensat-orum
650 3114 861 3174 remissionem
885 3134 959 3192 suo,
989 3116 1062 3175 item
1082 3133 1126 3174 an-

218 3196 367 3273 gelorum,
390 3202 421 3256 et
434 3197 568 3255 omniurn
583 3197 703 3275 piorum
721 3197 907 3259 testimonio.
940 3197 1011 3261 Hae
1030 3203 1128 3266 restat,

218 3285 251 3335 nt
271 3283 303 3336 tu
325 3296 446 3356 qnoque
469 3285 551 3339 tuum
575 3280 782 3339 testimonium
805 3279 931 3357 afferas,
953 3287 985 3343 et
1008 3290 1040 3341 tu
1061 3280 1128 3339 nihil

215 3358 255 3416 ,de
290 3362 468 3421 remissione
505 3369 698 3438 peccatorum
722 3361 850 3423 dubites.
894 3363 1024 3424 Etiamsi
1045 3364 1128 3443 igilur

218 3461 325 3502 omnes
347 3443 448 3522 angeli
482 3463 550 3504 euin
579 3451 645 3506 toto
669 3444 782 3505 mundo
805 3445 988 3509 confirment
1010 3448 1071 3514 suis
1091 3452 1127 3505 te·

217 3526 384 3599 stimoniis,
422 3533 450 3584 te
484 3526 575 3604 digne
610 3527 669 3588 hoa
705 3536 897 3590 sacramente
929 3548 1000 3590 esse
1037 3547 1127 3599 usum,

141 3659 144 3664 .
216 3606 311 3687 longe
335 3616 435 3668 tamen
458 3609 505 3669 his
528 3610 668 3671 omnibns
692 3613 999 3674 tuumtestimonium
1023 3620 1052 3673 te
1072 3631 1127 3673 ma-

217 3689 263 3768 gis
286 3690 455 3753 confirmat..
498 3691 592 3752 Porro
615 3694 674 3754 hor.
696 3700 744 3754 eat
764 3700 848 3757 tuum
865 3697 1084 3774 testimonium,
1104 3696 1126 3755 si

286 3867 319 3939 *ι
344 3866 459 3923 areu.
480 3865 509 3919 ι.
633 3824 637 3831 “
