2709 4417
465 340 527 396 adv.
549 341 618 396 Phil.
636 339 887 396 llslanchthonem.
1076 333 1139 403 491

215 527 319 591 lorum
334 530 366 591 in
384 532 548 609 episcopos
567 531 598 589 in
613 529 734 590 Petrum
750 547 926 608 supremum
937 525 1140 604 hierarcham,
1190 582 1192 586 ,

218 630 291 671 cum
315 612 410 673 multa
432 614 493 673 sint
513 611 603 690 iacta,
626 631 705 690 quae
727 630 789 673 non
812 617 884 670 sunt
904 610 1027 689 scripta.

310 694 363 775 ll)
387 695 434 755 De
448 695 611 755 universali
633 696 781 776 episcopo
805 700 943 753 truncate
966 710 1065 752 meam
1088 690 1139 751 ad-

219 778 281 838 fert
316 779 517 854 solutionem,
551 778 696 856 quoniam
735 775 829 837 verba
851 775 973 836 Decreti
1006 781 1076 834 sunt
1105 776 1140 835 B.

217 859 378 940 Gregorii,
407 861 457 939 qui
487 861 633 940 opposuit
654 879 688 919 se
710 866 817 920 contra
839 860 1071 939 imperatorem,
1101 856 1141 918 ob

218 943 302 1002 banc
314 962 449 1019 causam,
471 951 504 1003 ut
515 942 620 1004 scribit
632 943 761 1002 Plotina.
792 940 853 1002 Sed
874 941 936 1001 hoc
956 939 996 1000 ad
1013 938 1139 1001 iudices.

310 1026 364 1105 12)
389 1025 586 1086 Conviciatur
600 1024 702 1086 denuo
718 1024 952 1098 Grammaticus,
975 1022 1056 1101 quod
1074 1041 1140 1082 soo-

220 1127 297 1187 pum
320 1108 509 1186 quaestionis
533 1108 570 1168 de
593 1109 770 1188 purgatorio
794 1125 855 1167 nou
878 1107 1040 1186 attigerim,
1062 1105 1141 1164 scili-

220 1199 272 1250 cet
294 1189 334 1250 de
356 1196 511 1270 potestate
533 1192 636 1271 Papae
657 1192 688 1250 in
712 1191 940 1270 purgatorium,
972 1187 1026 1247 sed
1050 1187 1142 1247 aliam

219 1272 407 1333 cantilenam
430 1274 604 1352 inceperim.
649 1272 721 1348 Hic,
744 1275 879 1350 inquam,
901 1271 1025 1351 egregie
1047 1290 1141 1350 nuga-

220 1364 270 1416 tur
292 1354 539 1433 Grammatellus,
564 1357 710 1433 quoniam
732 1374 845 1433 scopus
868 1354 1055 1433 quaestionis
1076 1359 1142 1413 eret

221 1438 383 1498 conclusio
402 1446 505 1515 sexta,
528 1438 659 1515 scilicet,
683 1439 801 1497 animas
823 1438 852 1496 in
876 1437 1053 1516 purgatorio
1076 1454 1141 1496 nou

220 1520 400 1580 satisfacere
422 1540 477 1600 pro
500 1527 694 1600 peccatorum
718 1521 836 1599 poenis,
859 1519 920 1578 hoc
941 1538 1048 1583 saxum
1071 1526 1143 1578 tuno

220 1601 397 1663 volvebam.
438 1603 470 1661 ln
493 1603 694 1664 conclusione
716 1621 789 1662 vero
811 1601 995 1662 duodecima
1018 1603 1144 1660 vertitur

220 1686 374 1764 quaestio,
399 1686 483 1745 cuius
506 1687 644 1746 meminit
659 1684 893 1746 Grammaticus.
928 1683 1048 1759 Fateor,
1071 1683 1142 1742 dum

220 1767 415 1828 conclusioni
437 1767 638 1844 intenderem,
659 1768 737 1827 dixit
757 1767 793 1826 D.
810 1768 966 1842 Martinus,
990 1785 1052 1826 non
1075 1784 1143 1844 pro·

221 1850 343 1912 barlex
360 1851 456 1909 sacris
478 1849 650 1930 scripturis,
673 1851 879 1930 purgatorium
904 1866 982 1925 esse,
1005 1849 1142 1927 quamvis

220 1934 315 1993 sciret
337 1951 405 1991 esse
429 1934 648 2011 purgatorium.
694 1933 856 2011 Assumpsi
881 1950 959 1991 onus
993 1928 1143 2010 probandi

222 2016 432 2094 purgatorium
456 2034 495 2074 ex
517 2016 611 2074 sacris
635 2015 740 2076 literis.

238 2113 240 2117 ’
310 2095 365 2177 13)
389 2096 529 2157 Ridicule
566 2097 639 2157 dicit
672 2098 796 2176 diguam
829 2095 991 2175 Theologo
1023 2113 1143 2172 vocem,

222 2178 342 2239 scilicet
356 2185 472 2239 tentum
490 2178 594 2240 deberi
606 2179 863 2240 Machabaeorum
887 2178 974 2254 libro,
997 2184 1143 2255 quantum

224 2261 406 2341 Evangelio.
451 2260 511 2321 Sed
534 2268 565 2322 st
586 2262 636 2322 hic
658 2263 768 2322 ialsum
791 2262 921 2340 imponit
944 2259 1016 2320 mihi
1038 2258 1143 2319 Gram-

224 2344 371 2404 maticus:
394 2362 463 2403 nam
480 2343 520 2405 ad
534 2346 765 2405 contentionem
788 2343 891 2403 valere
913 2342 1007 2403 libros
1023 2341 1157 2402 Mache·-

224 2425 373 2486 baeornm
399 2425 529 2498 adduxi,
558 2428 628 2505 quia
656 2426 687 2488 S.
709 2426 898 2506 Augustinus
927 2424 1005 2484 libro
1035 2424 1082 2487 18.
1105 2423 1145 2486 dc

225 2509 351 2587 civitate
372 2507 445 2582 Dei,
468 2515 499 2568 et
519 2508 726 2589 Hieronymus
748 2510 778 2568 in
803 2508 953 2587 Prologo,
975 2526 1012 2566 ac
1032 2507 1063 2565 in
1085 2507 1144 2568 De-

226 2591 318 2651 cretis
350 2589 471 2665 dicant,
502 2590 610 2652 librum
638 2591 722 2650 illum
755 2610 814 2650 non
845 2590 937 2650 tuisse
964 2590 994 2648 in
1024 2608 1145 2650 canone

225 2672 308 2753 apud
326 2671 474 2744 Ebraeos,
497 2672 550 2732 sed
567 2673 730 2733 ecelesiam
750 2673 904 2751 recepisse
926 2675 957 2731 in
982 2690 1145 2749 canonem,

226 2755 322 2816 modo
353 2755 433 2814 sicut
463 2757 633 2832 nescimus,
668 2774 735 2816 cum
768 2755 855 2834 plura
886 2755 998 2814 fuerint
1030 2755 1144 2833 scripta

225 2837 406 2917 evangelia,
428 2855 507 2915 quae
529 2839 590 2898 sint
610 2837 754 2898 indubiae
777 2838 931 2914 veritatis,
953 2838 1010 2895 nisi
1032 2856 1072 2896 ex
1093 2855 1145 2916 ap·

226 2918 410 2999 probatione
426 2920 577 2980 ecelesiae
599 2921 799 3000 approbantis
821 2927 952 2999 quatuor
973 2918 1145 2998 evangelis,

226 3009 257 3062 st
272 3002 334 3061 alis
355 3002 531 3063 reiicientis.
562 3002 610 3064 Ita
632 3010 663 3063 et
686 3023 725 3062 ex
750 3002 973 3082 approbatione
995 3001 1145 3061 ecclesiae

227 3084 304 3145 liber
325 3083 582 3145 Machabaeorum
610 3085 692 3165 apud
721 3085 929 3146 Christianum
958 3083 1049 3144 debet
1077 3101 1146 3143 esse

226 3165 419 3227 indubitatae
441 3168 594 3244 veritatis,
622 3168 780 3247 vulgatum
803 3176 852 3228 est
872 3166 946 3226 illud
969 3166 1148 3244 Augustini:

226 3248 295 3328 ligo
319 3247 493 3328 Evangelio
518 3270 581 3310 non
604 3251 760 3311 crederem
784 3258 841 3312 etc.

314 3332 369 3405 14)
395 3330 484 3404 Quod
515 3332 662 3397 Matina
690 3354 746 3412 per
774 3351 927 3392 carcerem
960 3330 1023 3389 dixi
1053 3348 1146 3409 posse

225 3413 357 3492 intelligi
385 3416 611 3510 purgatorium,
644 3416 697 3476 sed
726 3415 800 3475 illud
829 3414 915 3475 nefas
943 3432 1013 3473 esse
1040 3420 1146 3473 censet

226 3495 469 3575 Grammaticus,
500 3505 531 3558 et
559 3505 645 3577 optat
670 3497 863 3577 plebeculam
884 3496 1000 3556 felicius
1024 3493 1145 3574 erudiri,

227 3597 320 3657 quarn
336 3577 366 3638 id
383 3597 480 3658 genus
502 3581 769 3659 interpretationis.
799 3578 858 3639 Sed
881 3578 930 3638 dic
952 3585 983 3637 tu
1006 3578 1146 3657 pulveru-

227 3662 332 3721 lentae
355 3659 487 3722 Scholae
509 3663 669 3742 Magister,
699 3683 737 3722 au
766 3661 851 3722 nefas
880 3660 1033 3722 arbitraris
1054 3660 1145 3720 inter·

228 3744 343 3824 pretari
366 3762 469 3804 sacras
491 3745 610 3821 literas,
633 3745 716 3805 velut
737 3744 767 3807 S.
790 3743 970 3804 Ambrosius
991 3742 1073 3822 feeit,
1095 3743 1146 3822 qui

219 3825 325 3884 locum
353 3825 488 3889 similem
516 3827 601 3911 apud
629 3828 749 3893 Lucam
777 3827 824 3892 sic
849 3826 977 3908 accipit.
1019 3823 1111 3885 buna
1122 3823 1166 3882 b„
