2709 4417
394 400 403 419 ¹,
516 361 534 398 n
550 345 672 403 Notariia
690 349 814 413 excepta
1048 320 1128 411 191¹

199 531 283 591 Dico:
307 530 421 591 Verum
444 535 502 604 est,
526 535 558 587 ut
579 526 609 588 S.
632 527 821 609 Augustinus
838 532 946 588 contra
966 527 1110 591 Faustum

199 613 243 673 lib.
266 616 316 676 22.
340 618 492 690 testatur,
515 617 676 691 peccatum
697 610 809 671 facturn
832 609 882 669 vel
905 608 1018 671 dictum
1041 628 1111 670 ecn-

199 706 239 755 tra
262 695 366 779 legem
404 695 477 755 ideo
510 712 572 755 non
594 713 663 755 esse
685 701 863 774 peccatum,
896 693 922 753 si
943 713 1007 755 non
1030 701 1113 753 esset

198 779 244 839 lex
262 778 454 863 prohibens,
477 775 531 853 scd
553 776 631 837 sicut
653 777 731 856 legis
753 777 997 860 transgressione
1019 777 1111 843 abun·

199 862 248 922 dat
261 862 431 941 delictum,
452 861 496 921 ita
516 860 593 940 legis
608 859 803 921 observantia
817 865 946 938 augetur
962 860 1111 919 meritum.

201 944 295 1020 Quare
316 946 445 1026 omnino
467 945 527 1004 ista
556 940 735 1004 diverticula
772 941 811 1003 ad
833 943 1025 1021 propositum
1049 961 1111 1003 uon

203 1029 367 1089 conserunt:
406 1034 438 1088 et
459 1026 628 1087 solutiones
650 1025 738 1086 datas
776 1044 845 1086 esse
876 1032 984 1091 contra
1004 1044 1112 1085 sacrae

206 1111 366 1193 scripturae
386 1109 643 1191 intelligentiam,
664 1116 737 1190 post
757 1107 918 1188 prandium
941 1108 1115 1171 manifesta·

207 1195 301 1257 bimus.

534 1379 620 1443 Hora
641 1378 775 1440 neruda

278 1543 475 1623 ,continuavit
496 1541 831 1621 Ecciussemiplenam
854 1543 1034 1602 orationem.
1085 1580 1088 1589 ·

276 1685 473 1756 Reverendus
495 1692 586 1751 Pater
613 1693 653 1753 ad
675 1692 751 1753 illud
787 1694 826 1754 de
847 1691 910 1778 filio
931 1694 1061 1775 prodigo
1074 1670 1111 1776 *l

215 1778 349 1858 respondit
363 1777 412 1856 ¹),
445 1775 652 1856 praecessisse
672 1795 810 1837 amorem
846 1779 997 1856 iustitiae,
1029 1780 1115 1841 iuxta

216 1862 284 1922 illud:
327 1860 367 1921 ldt
385 1877 552 1922 conversus
595 1858 625 1917 in
658 1880 714 1938 se,
751 1861 823 1939 quia
845 1861 1025 1921 memoriam
1063 1880 1115 1940 pa·

216 1953 298 2005 ternae
320 1943 432 2004 domus
444 1941 594 2018 habuerit,
616 1943 669 2003 sed
694 1943 754 2003 hoc
776 1962 838 2013 non
851 1942 939 2003 diluit
950 1944 1115 2020 obiectum,

217 2029 269 2108 quia
287 2027 449 2103 conversio
471 2024 525 2084 illa
540 2024 596 2091 fuit
616 2025 698 2087 lacta
711 2027 973 2106 contemplatione
985 2046 1117 2106 poenae,

216 2109 269 2170 dum
288 2110 441 2169 nemiuem
463 2106 608 2185 haberet,
641 2111 693 2188 qui
725 2129 794 2175 euru
833 2110 949 2187 siliquis
979 2110 1114 2190 uariaret,
1213 2103 1219 2117 ³

217 2193 322 2255 durante
345 2194 427 2259 enim
447 2192 578 2271 pecunia
600 2212 662 2253 nou
685 2191 921 2261 convertebatur
940 2194 971 2253 in
994 2213 1037 2271 se,
1060 2193 1114 2254 sed

217 2277 352 2357 famelicus
382 2283 430 2336 est
459 2293 625 2349 conversus
661 2277 694 2341 in
726 2295 769 2337 se.
811 2275 949 2353 Accedit,
973 2275 1055 2354 quod
1078 2278 1113 2337 B.

217 2360 382 2440 Augustinus
405 2359 458 2436 ait,
481 2356 573 2417 verba
593 2359 657 2431 eius
680 2359 774 2421 luisse
787 2359 879 2419 verba
894 2360 1114 2438 poenitentiam

217 2443 379 2523 meditantis,
401 2439 538 2508 nondum
560 2443 689 2521 agentis.
734 2440 824 2516 Quod
846 2442 871 2501 ai
894 2460 1060 2502 conversus
1082 2443 1114 2501 in

216 2544 239 2585 se
255 2526 355 2586 fuisset
368 2543 475 2599 amore
494 2524 637 2602 iustitiae,
660 2526 722 2587 iam
746 2525 966 2604 poeniteutiam
984 2525 1114 2603 incepis-

217 2615 251 2668 set
268 2617 372 2684 contra
393 2607 609 2688 Augustinurn.
648 2606 751 2682 Quare
772 2608 885 2668 solutio
901 2627 957 2668 sua
977 2608 1115 2687 proposi·

217 2697 264 2752 tun
301 2711 363 2753 non
402 2688 561 2771 infringit,
604 2697 636 2751 et
670 2690 783 2751 Basilio
817 2691 978 2757 manifeste
1020 2690 1116 2753 reluc-
1161 2764 1170 2777 „

217 2779 287 2841 tatur.

279 2856 328 2919 Ad
349 2855 526 2923 Johanneru
548 2855 728 2934 respondit,
766 2855 849 2917 aliud
880 2875 949 2917 esse
969 2857 1117 2936 incipere,

216 2940 280 3009 aliud
294 2939 481 3031 praedicare,
504 2945 535 3009 et
557 2938 632 3011 alias
645 2937 730 3017 dixit,
752 2938 979 3018 praedicatores
991 2947 1115 3015 terrere,

216 3023 334 3097 sednon
356 3023 459 3099 facere
479 3021 690 3100 poenitentem
727 3041 783 3101 per
812 3042 980 3101 poenarum
1002 3025 1115 3084 crucia·

217 3112 272 3166 tum.
299 3107 412 3167 lterum
435 3103 565 3171 evanida
588 3112 634 3164 est
656 3105 785 3182 solutio„
814 3107 884 3183 quia
911 3107 935 3167 si
957 3106 1116 3171 lohannes

219 3189 397 3267 praedicavit,
410 3193 502 3249 'certe
523 3187 703 3249 intendebat
723 3189 852 3249 fructum
874 3208 948 3249 suae
961 3190 1115 3269 praedica

219 3271 304 3352 donis,
325 3279 357 3333 ct
370 3271 442 3353 quia
453 3271 620 3332 insinuavit
631 3272 675 3343 eis
688 3272 839 3349 timorem,
854 3273 1036 3352 signumest
1056 3272 1116 3334 hoc

219 3362 291 3432 pacto
303 3354 524 3435 poenitentiam
538 3355 701 3433 auspicari.
724 3355 765 3419 Et
781 3356 877 3417 nostri
889 3355 1116 3435 praedicatores

221 3437 396 3518 praedicant,
419 3436 574 3517 quomodo
597 3437 756 3517 incipiant,
780 3441 837 3501 scit
858 3437 949 3500 Deus.

284 3520 386 3597 Porr0,
409 3517 712 3601 quodpoenitentiae
733 3522 850 3593 initium
868 3523 986 3601 gratiae
999 3522 1119 3598 tribuit,¹

236 3775 263 3838 r)
279 3777 326 3827 ure·
341 3780 370 3827 u
389 3777 432 3829 eu.
454 3780 524 3847 aug.
544 3781 575 3832 ru
587 3783 719 3853 margine
732 3752 862 3840 muitum
881 3784 1009 3857 iegitur
1027 3781 1130 3835 crose-

199 3851 300 3901 cnsnrpr
315 3845 401 3899 lindie
419 3848 542 3917 incepta.
