2709 4417
282 344 347 410 114
475 346 633 416 Disputatio
647 312 761 415 *Lipsiae
779 346 874 399 habitu
892 361 913 398 n.
932 308 996 398 XiX

285 529 414 590 divorsis
436 530 568 610 ingeniis
590 536 621 590 et
641 529 777 590 moribus
798 516 970 606 hominum,
1002 543 1065 587 non
1084 527 1167 595 haben·
1197 558 1206 563 -

282 612 373 691 tibus,
397 631 498 692 neque
519 614 550 672 in
572 613 672 692 coslo,
691 627 794 691 'neque
814 613 845 672 in
856 617 945 688 terra,
967 629 1121 672 commune
1137 629 1168 673 cc

282 705 347 776 put,
370 701 430 755 stat
453 715 515 775 pax
537 702 568 755 et
589 694 757 756 eoncordia
777 700 942 771 terrarum,
965 699 1077 773 quanto
1097 697 1170 776 nugis
1200 721 1214 729 ·

281 777 312 838 id
335 776 400 838 fieri
423 784 528 857 potest
548 779 580 837 in
604 778 810 859 spiritualibus
832 777 923 838 rebus
934 776 1171 856 constantissimis,

281 860 423 937 honest,
453 881 515 921 una
536 860 613 938 fide,
637 861 746 921 eadem
768 861 903 938 caritate,
926 858 1043 919 eisdem
1064 859 1171 920 moribus
1192 854 1214 929 l:

304 943 429 1003 raeditis
444 943 630 1020 hominibus,
652 943 765 1004 deinde
780 961 944 1004 commune
963 942 1093 1021 caputiu
1105 942 1180 1006 coelo¹

281 960 480 1105 habentibus,
511 1028 589 1086 siout
610 1026 770 1106 apostolus
792 1024 880 1085 dicit:
902 1025 973 1086 Una
994 1023 1085 1102 fides,
1114 1043 1172 1085 unus

281 1103 436 1188 domin‘us,
458 1107 617 1188 adEphes.
632 1107 666 1189 ¹¹⁵)
692 1108 794 1183 Quare
807 1109 832 1168 si
847 1107 954 1169 decem
971 1112 1074 1167 essent
1086 1124 1173 1186 popae,
1195 1138 1214 1181 ,-

281 1191 308 1249 si
331 1191 415 1251 mille
438 1198 542 1252 essent
564 1210 673 1273 papae,
695 1211 758 1252 non
780 1191 850 1251 ideo
875 1190 1041 1251 schismata
1060 1187 1161 1252 fierent.
1196 1192 1213 1269 ξ

363 1272 466 1347 Quare
489 1281 563 1354 peto
585 1274 686 1334 adhue
700 1275 737 1334 D.
748 1274 785 1334 D.
808 1273 882 1334 velit
903 1273 1096 1334 autoritatem
1108 1272 1175 1332 Pauli
1197 1286 1214 1341 ῑ

281 1356 387 1415 melius
410 1356 547 1435 solvere,
582 1357 721 1417 similiter
748 1363 780 1417 et
805 1355 889 1416 illam
911 1355 950 1416 ad
972 1355 1088 1418 Galat:
1112 1355 1175 1414 Deus

279 1456 444 1517 personam
466 1439 599 1499 hominis
622 1445 691 1517 eto,
721 1439 772 1500 ubi
785 1439 896 1498 Paulus
918 1439 1031 1515 reiicit,
1054 1436 1175 1517 quidquid
1205 1452 1210 1457 '

278 1521 310 1579 in
331 1520 421 1581 Petro
445 1527 476 1580 et
496 1523 646 1602 apostolis
668 1529 866 1602 personatum
888 1540 959 1581 esse
988 1527 1104 1600 potest,
1135 1539 1175 1581 seu

277 1601 494 1681 qualificatum
517 1604 674 1664 utdicunt.
702 1604 875 1684 Utraque1)
895 1599 1175 1681 ndndumesttach,

278 1684 392 1744 nedum
417 1685 528 1746 solnta.

364 1766 538 1841 Quibusut
559 1769 662 1828 finiam
686 1769 935 1849 disputationem,
958 1767 1041 1829 addo
1063 1767 1176 1844 elilim,

280 1849 362 1928 quod
370 1849 483 1910 Paulus
501 1855 514 1913 1
541 1852 580 1911 ad
593 1850 731 1912 Corinth.
744 1854 791 1914 12.
820 1851 997 1911 describens
1020 1869 1124 1929 corpus
1142 1868 1176 1910 ec

279 1931 494 2009 clesiastieum,
517 1935 616 2012 primo
638 1934 710 1995 loco
727 1934 899 2015 apostolos,
922 1932 1175 2012 secundoprophe

278 2021 334 2091 tas,
356 2016 446 2075 tertio
471 2014 624 2094 doctores,
646 2024 678 2076 et
700 2017 763 2076 fere
784 2022 942 2096 postremo
966 2017 1036 2077 loco
1048 2015 1174 2095 guberna-

276 2097 387 2174 tiones,
409 2116 485 2175 quas
506 2097 543 2161 D.
560 2099 607 2159 D..
621 2099 900 2160 administrationes
923 2105 1025 2177 vocat,
1046 2105 1176 2173 recenset

278 2179 302 2237 si
325 2197 398 2259 ergo
422 2180 569 2258 primatus
594 2181 675 2241 Petri
698 2188 783 2242 tanta
804 2201 853 2242 res
873 2190 918 2242 ”et
938 2188 1000 2242 tam
1025 2181 1175 2241 necessario

277 2269 359 2321 esset
380 2262 445 2321 iure
467 2262 586 2340 divino,
611 2263 832 2325 insufficienter
852 2263 1065 2344 descripsisset
1085 2262 1175 2322 Paulus

276 2344 454 2420 ecclesiam,
497 2353 529 2404 nt
557 2347 608 2424 qni
630 2346 941 2426 principalissimum,
981 2346 1064 2426 quod
1095 2347 1122 2405 in
1148 2362 1175 2404 eu

277 2433 325 2486 est
365 2428 476 2487 omisit.

333 2473 484 2588 'Insuper
512 2515 543 2568 et
571 2508 631 2569 hoc
662 2510 764 2570 adhue
784 2517 862 2592 stat,
896 2510 980 2591 quod
1010 2530 1069 2570 nec
1088 2511 1174 2570 Petrus

275 2608 334 2650 nee
355 2591 489 2651 universi
511 2593 643 2671 apostoli
673 2593 832 2654 Matthiam
855 2593 999 2655 ordinare
1022 2597 1174 2672 potuemnt

275 2672 343 2733 Act.
368 2677 394 2748 1,
419 2693 476 2733 nec
509 2676 537 2733 ei
565 2675 864 2738 administrationem
893 2676 974 2737 dare.
1011 2674 1084 2736 ldeo
1104 2675 1175 2736 Ron.

274 2755 416 2816 Pontifex
437 2757 505 2836 plus
527 2757 584 2817 sibi
606 2765 730 2839 arrogat
739 2760 1015 2820 administrationis
1038 2758 1174 2820 eonferen-
1213 2764 1214 2769 ’

274 2838 332 2898 dae
354 2858 410 2920 per
431 2846 527 2901 totum
556 2839 681 2920 orbem,
719 2859 810 2921 quam
839 2844 870 2903 in
904 2862 960 2904 suo
997 2857 1176 2923 praecessore

275 2923 420 3001 apostolo
443 2941 504 2983 non
527 2923 653 2986 invenit.

358 3003 505 3066 Similiter
527 3007 627 3067 sentio
652 3006 691 3065 de
714 3007 910 3070 ordinatione
932 3007 1020 3068 Pauli
1043 3015 1074 3069 et
1083 3008 1176 3067 Barno-

275 3085 342 3165 bae,
365 3087 436 3150 Act·
461 3090 509 3151 13.
544 3087 671 3167 Spiritus
694 3098 833 3168 sanctus,
863 3109 925 3151 non
947 3091 1056 3151 Petrus
1079 3096 1128 3151 aut
1141 3106 1176 3148 ec-

273 3168 368 3229 clesia
389 3173 572 3249 segregavit.
615 3172 689 3233 ldeo
710 3174 858 3254 gloriatur
885 3192 947 3234 nou
969 3174 1134 3249 immerito,
1151 3188 1175 3229 se

161 3243 168 3299 ζ
273 3250 347 3310 nihil
370 3254 528 3332 accepisse
554 3253 592 3314 ab
620 3257 771 3334 apostolis
804 3257 941 3337 magnis,
976 3257 1039 3316 imo
1069 3255 1105 3316 ad
1133 3253 1176 3314 eo-

273 3332 429 3414 rinth.**)
456 3335 592 3397 scribens
616 3336 707 3419 dicit,
742 3339 816 3398 nihil
839 3340 939 3399 minus
961 3358 995 3398 se
1015 3336 1123 3399 lenisse
1141 3354 1176 3395 ce

273 3416 347 3475 teris
370 3417 530 3495 apostolis,

297 3576 299 3583 Ι
336 3498 398 3559 Sed
420 3506 451 3559 et
472 3500 527 3561 illa
549 3503 697 3563 autoritas
713 3502 814 3565 adhuc
835 3506 957 3565 Petrum
981 3507 1093 3565 arctius
1107 3505 1175 3565 stn‘n·
1205 3491 1207 3495 ¹

281 3669 699 3705 m

296 3780 334 3847 1)·
350 3781 384 3834 ln
417 3781 463 3839 ed.
489 3784 563 3853 orig.
592 3797 653 3836 non
669 3781 799 3850 legitur:
818 3786 952 3845 utraque.

292 3854 473 3927 ‘inpie
517 3853 779 3926 **)1Cor.‘lii.·
