2709 4417
377 368 436 420 anis
455 367 564 437 lipsius
578 365 728 455 ·siisputatis
755 383 778 419 a.
799 366 870 421 xlx.
1007 362 1079 430 ¹275

392 570 424 609 .’
475 553 692 614 Oouulusio
713 553 765 614 lv.

201 635 286 696 Deus
309 643 406 697 mutat
427 655 560 716 posnam
587 645 744 697 aeternam
760 637 803 696 -iu
825 637 1038 715 temporalem,
1060 703 1066 714 ..

199 718 303 781 oilioet
316 721 415 781 aruois
434 718 617 800 portandae,
635 721 723 779 euius
735 737 870 780 oauones
886 725 939 778 aut
959 738 1073 779 saner·

199 802 544 880 :ntoeneasntuendae,
567 801 821 869 neoauierendue
833 801 946 862 habent
966 802 1060 862 ullam

201 891 379 965 otestatsm,
394 902 576 966 quamquam
585 884 615 944 id
625 883 664 953 sb
674 883 1002 968 adulatoribus-noxiis
1014 903 1060 945 ss-

199 968 266 1028 uoti
288 987 485 1047 praesumere
503 974 642 1048 possunt.
879 985 895 1016 ο

245 1049 346 1111 Huius
368 1052 587 1131 propositionis
600 1049 827 1115 uullamadhuo
839 1050 1078 1110 confutationem

203 1132 277 1212 divi,
299 1135 358 1193 nisi
379 1133 461 1213 quod
483 1135 515 1193 iu
538 1135 691 1194 contraria
707 1133 792 1192 Eooii
813 1134 1016 1193 oonolusiouo
1037 1130 1078 1192 di-

199 1234 250 1294 zur,
273 1215 335 1276 hoo
357 1236 426 1276 osse
446 1234 622 1297 repugnans
634 1215 817 1296 Scripturas,
841 1222 872 1275 et
893 1217 960 1275 usui
982 1215 1078 1275 ecole-

199 1317 243 1376 te,
266 1318 382 1378 verum,
405 1318 443 1359 an
466 1298 556 1359 aliam
578 1296 631 1358 ille
653 1294 838 1378 scripturam
864 1304 895 1358 et
917 1298 1078 1358 eeclesiam

199 1379 293 1459 meat,
320 1383 447 1462 ignoro,
478 1383 556 1442 torte
578 1382 739 1441 eoolesiam
764 1381 1015 1462 malignantium,
1050 1388 1080 1440 et

199 1481 228 1522 us
250 1462 380 1524 abusum
401 1465 560 1545 intelligit,
594 1471 626 1524 et
646 1464 850 1544 Soripturam,
873 1463 971 1523 bullas
993 1471 1024 1523 et
1045 1462 1079 1522 li-

199 1564 244 1606 rss
268 1565 387 1607 eorum.

245 1628 321 1688 Mihi
344 1627 464 1706 suffieit,
487 1626 715 1709 quodeoolesia
736 1630 768 1688 in
782 1630 829 1689 his
842 1627 885 1710 l),
907 1628 1078 1708 quaeDsus

199 1709 227 1770 ult
248 1718 281 1771 et
300 1711 384 1791 fauit,
405 1731 530 1792 prorsus
552 1712 627 1771 nihil
648 1714 748 1792 possit
760 1721 882 1792 praeter
899 1712 1080 1788 orationem,

199 1792 380 1872 rve‘shabet,
402 1793 510 1875 quibus
528 1794 620 1854 utitur
641 1797 673 1855 in
695 1796 800 1870 terris,
821 1814 880 1855 neo
891 1794 992 1870 video,
1006 1812 1080 1873 quo·

199 1875 258 1936 odo
288 1872 394 1958 ligare-
407 1884 460 1937 aut
480 1877 601 1937 solvere
623 1879 739 1958 possit,
761 1880 846 1938 ouius
868 1895 992 1958 prorsus
1014 1875 1079 1947 pul-

199 1978 225 2018 m
252 1966 369 2041 potest
400 1958 514 2021 habere
551 1962 716 2039 notitiam,
750 1979 817 2020 oum
850 1963 918 2020 usui
950 1960 1081 2019 olavium

199 2043 345 2102 taessaria·
365 2050 519 2103 asseratur
538 2044 675 2103 solentis.
718 2044 765 2104 De
785 2044 823 2102 iis
832 2040 954 2103 abunde
974 2043 1007 2101 iu
1021 2043 1080 2102 Re-

199 2124 373 2186 lutionibus
385 2127 473 2204 meis,
484 2144 560 2205 quos
576 2125 627 2190 ubi
640 2126 812 2187 confutatas
829 2125 944 2202 videro,
962 2124 1079 2188 cedam.

485 2208 702 2269 Conclusio
724 2209 762 2270 V.

204 2287 343 2363 Quilibet
364 2290 509 2351 sacerdos
531 2289 623 2352 debet
643 2290 806 2351 absolvere
827 2291 1036 2371 poenitentem

199 2414 203 2430 .
222 2391 329 2453 poena
351 2378 382 2432 et
403 2374 503 2453 oulpa,
527 2380 579 2432 aut
601 2379 719 2515 peceat.
754 2373 861 2452 Aeque
882 2380 991 2455 psooat
1012 2390 1060 2433 su-

199 2455 287 2515 erlor
297 2456 462 2537 praelatus,
485 2454 510 2515 si
524 2460 601 2515 o'oou
615 2464 646 2516 ta
660 2457 726 2516 sine
739 2474 832 2516 oauss
852 2463 990 2515 reservat
1011 2474 1055 2514 ra-

199 2537 431 2618 ionabilissima,
443 2539 665 2619 quantumlibet
680 2558 751 2599 usus
765 2538 924 2616 ecelesiae,
945 2538 977 2598 id
999 2543 1055 2616 est,

199 2619 381 2681 dolatorum
401 2624 524 2682 resistit.

203 2727 207 2733 ·
247 2703 289 2763 Et
310 2703 390 2763 hsno
411 2705 477 2764 usui
499 2704 641 2782 matris²)
668 2705 820 2770 ecelesiae
841 2703 1002 2763 adversam
1024 2701 1079 2762 Eo

199 2804 254 2845 ana
276 2788 381 2866 arguit
400 2789 592 2868 propositio,
627 2806 687 2867 ego
710 2807 801 2865 vero,
838 2807 901 2848 non
924 2785 996 2865 quid
1017 2784 1080 2863 fiat,

199 2869 218 2929 d
240 2868 315 2948 quid
336 2867 402 2931 fieri
427 2869 547 2950 debeat,
570 2870 702 2950 disputo.
746 2868 836 2944 Quod
857 2876 959 2930 autem
981 2887 1079 2930 sacer-

199 2958 254 3013 »tos
277 2953 501 3033 restringuntur
521 2972 576 3033 per
597 2955 778 3034 episcopos,
811 2965 841 3012 et
868 2953 1006 3032 spisoopi
1027 2969 1082 3031 per

199 3052 303 3114 upum,
334 3053 395 3114 quo
418 3037 517 3096 minus
537 3036 569 3096 id
591 3045 736 3115 possunt,
760 3035 843 3114 quod
866 3035 995 3112 debent,
1019 3052 1080 3114 quo

199 3136 230 3179 rs
250 3115 284 3178 id
305 3115 374 3197 flat,
396 3118 495 3179 fatsor
517 3138 567 3179 ms
587 3120 739 3199 ignorare.
782 3118 876 3179 Usum
898 3117 1006 3195 video,
1034 3118 1081 3176 ius

199 3218 293 3278 tosto,
308 3201 366 3280 lus,
377 3202 511 3281 inquam,
524 3201 673 3261 divinum:
687 3221 758 3261 nam
769 3201 937 3261 humanum
948 3208 980 3260 et
993 3218 1082 3260 usum

199 3300 221 3345 o
244 3281 356 3344 eodem
380 3285 509 3364 aooipio.
552 3285 627 3345 Cum
651 3286 732 3345 enim
760 3283 932 3364 presbyteri
959 3292 991 3345 et
1019 3283 1080 3361 epi-

200 3366 253 3445 opi
274 3366 342 3425 iure
361 3365 468 3427 divino
488 3367 549 3426 sint
569 3367 669 3442 idem,
708 3374 739 3429 et
760 3367 834 3428 olim
856 3367 938 3426 idem
961 3367 1080 3438 luerint,

199 3467 235 3509 rm
259 3449 443 3528 populorum
464 3468 566 3509 euram
575 3450 731 3516 habereut
753 3449 961 3529 praedicando
984 3455 1015 3508 et
1029 3448 1080 3507 mi-

199 3530 335 3609 ttrando,
356 3552 419 3593 non
441 3531 546 3611 video,
568 3551 628 3612 quo
650 3533 715 3595 iure
737 3533 886 3611 spisoopi,
908 3530 1015 3592 relioto
1038 3529 1077 3590 ol·

199 3614 234 3675 tio
257 3614 461 3694 presbyteris,
493 3616 539 3674 ius
574 3623 677 3675 tamen
705 3614 953 3695 presbyterorum
976 3631 1080 3674 seeum

199 3695 367 3756 oendantss
387 3697 584 3763 sustulerunt.

199 3859 257 3914 ΗΠ
276 3859 339 3915 0‘1‘1·
359 3867 448 3936 ⁰¹58*
467 3869 534 3927 hiis.
570 3873 606 3948 2)
629 3877 724 3937 Ibin:
747 3872 1009 4018 ιαηοὶιίἐὲιιὶῐὶῑ·
