2709 4417
545 344 580 399 de
599 347 786 400 matrimonio.
1067 346 1130 412 449

198 527 228 585 si
252 528 328 606 quis
350 537 443 607 queat
460 531 591 609 assequi.
633 529 692 604 Qui
714 539 899 591 autemnon
922 539 1033 611 potest,
1056 551 1128 593 oon·

197 609 310 670 trahat
343 610 512 692 legitimum
545 614 783 674 matrimonium.
826 613 928 675 Satius
964 616 1045 675 enim
1080 626 1128 676 est

198 692 392 754 contrahere
414 715 505 775 quam
526 697 572 756 uri
586 694 642 777 l¹),
676 704 708 755 et
739 703 840 756 tamen
864 697 973 757 melior
992 699 1127 777 castitas,

200 776 229 835 si
253 777 305 836 eui
329 779 496 859 contingat.

289 858 449 938 Ceterum,
492 860 635 921 doctores
680 862 761 921 circa
800 864 1026 924 matrimonium
1070 866 1127 924 tria

201 939 291 1002 bona
313 947 544 1025 excogitarunt,
573 944 620 1004 his
648 954 809 1024 caventes,
836 965 876 1005 ne
903 947 1033 1007 carnalis
1056 966 1127 1007 con-

202 1025 398 1105 cupiscentia
425 1028 551 1089 omnino
582 1036 665 1086 esset
686 1027 850 1089 mortifera.
893 1029 1010 1102 Primo,
1044 1030 1127 1108 quod

205 1117 448 1171 connumeratur
473 1111 552 1170 inter
573 1118 775 1173 sacramenta.
818 1112 1048 1173 Sacramentum
1071 1116 1126 1173 soi·

204 1191 281 1251 lieet
302 1193 347 1252 rei
370 1212 477 1253 sacrae
498 1194 619 1273 signum
642 1199 699 1270 est,
721 1195 877 1273 spirituale
889 1197 1046 1275 quippiam
1068 1198 1126 1277 sig·

205 1272 360 1353 nilicans,
395 1276 531 1336 coeleste
564 1284 596 1335 et
627 1282 794 1337 aeternum.
844 1277 986 1357 Exempli
1019 1281 1126 1358 gratia,

205 1357 388 1436 baptismus,
410 1378 472 1438 quo
495 1358 666 1439 presbyteri
689 1378 801 1440 pueros
823 1359 959 1435 abluunt,
981 1362 1126 1437 divinam,

206 1447 348 1501 sanctam
376 1451 407 1501 et
435 1447 591 1502 aeternam
620 1441 677 1501 Dei
709 1444 837 1522 gratiam
860 1444 1018 1523 designat,
1048 1463 1126 1523 qnae
1178 1493 1181 1498 .

206 1523 299 1582 simul
319 1524 487 1584 infunditur
506 1526 538 1586 in
561 1542 671 1604 corpus
694 1532 726 1585 et
748 1527 880 1585 animam
905 1526 1065 1606 baptizati,
1096 1539 1127 1587 et

205 1623 286 1684 quae
318 1613 430 1689 purgat
468 1626 486 1667 a
520 1615 649 1686 peceato
684 1608 841 1688 originali,
871 1610 986 1669 iaciens
1024 1613 1127 1671 omnia

206 1689 322 1749 munda
344 1690 552 1770 templumque
575 1690 642 1752 Dei.
686 1690 780 1769 Haec,
802 1694 936 1770 inquam,
958 1693 1126 1772 spiritualia

205 1778 277 1832 sunt
306 1780 338 1833 et
366 1773 576 1852 corporalibus
607 1774 804 1852 externisque
831 1775 921 1835 rebus
950 1776 1042 1856 longe
1065 1795 1125 1836 ma

207 1855 285 1931 iera,
307 1875 362 1935 per
384 1865 751 1935 quaerepraesentantur.

288 1938 514 1999 Matrimonium
548 1958 622 2018 ergo
654 1947 877 2000 sacramentum
906 1939 1026 2002 dieitur.
1071 1941 1125 2002 nat

205 2039 341 2100 namque
363 2030 454 2102 typus
475 2023 520 2082 rei
541 2021 751 2083 nobilissimae
776 2030 807 2081 et
821 2024 1043 2101 sanctissimae,
1064 2024 1124 2085 hoe

206 2110 263 2181 est,
281 2105 403 2164 unionis
424 2105 577 2165 humanae
599 2113 631 2164 et
652 2104 774 2165 divinae
796 2112 924 2166 naturae
944 2108 975 2166 in
994 2107 1125 2169 Christo.

205 2185 286 2247 Hinc
307 2188 406 2267 inquit
428 2188 538 2248 Paulus
554 2188 606 2263 *):
642 2187 906 2262 Quemadmodum
937 2191 982 2249 vir
1009 2198 1040 2249 et
1062 2210 1124 2250 mu·

204 2268 262 2329 lier
292 2268 353 2331 duo
385 2269 535 2349 quaedam
566 2288 657 2329 unum
687 2278 758 2331 sunt
790 2271 820 2330 in
852 2290 944 2331 carne
972 2293 1046 2347 una,
1082 2275 1125 2333 ita

206 2351 289 2412 Deus
312 2365 343 2413 et
363 2353 457 2414 homo
477 2373 555 2413 unus
577 2353 731 2431 Christus,
753 2355 796 2413 ita
817 2354 953 2414 Christus
976 2364 1006 2415 et
1028 2356 1123 2416 eucle-

206 2435 252 2495 sia
273 2455 368 2495 unum
391 2455 521 2517 eorpus,
555 2435 638 2515 quod
666 2438 806 2516 prolecto
834 2456 976 2517 magnum
1007 2448 1053 2498 est
1080 2458 1125 2498 sa·

208 2527 407 2578 aramentum.

289 2601 423 2662 Omnino
445 2603 549 2681 itaque
581 2621 629 2662 res
653 2610 761 2662 sancta
790 2608 837 2662 est
863 2610 894 2661 et
915 2622 1003 2662 saera
1025 2604 1125 2663 matri-

208 2680 362 2763 monium,
396 2686 421 2745 si
449 2686 505 2745 rite
531 2686 621 2745 fuerit
643 2684 852 2761 observatum,
890 2686 918 2744 in
942 2687 1026 2745 ouius
1048 2694 1123 2767 typo

206 2767 395 2849 significatur
416 2768 457 2847 is,
480 2769 548 2846 qui,
570 2787 638 2827 cum
661 2767 744 2827 Deus
767 2775 858 2844 esset,
880 2769 976 2828 factus
1000 2779 1047 2828 est
1071 2769 1122 2830 ho-

205 2868 266 2928 mo,
291 2852 342 2929 qui
364 2869 434 2910 oum
455 2852 486 2910 in
508 2850 623 2927 coelis,
644 2849 794 2910 habitavit
815 2852 844 2910 in
867 2850 1055 2933 hominibus,
1078 2873 1124 2913 se-

206 2941 268 2995 met
291 2934 352 2993 illis
373 2934 568 3013 impartiens,
605 2935 691 2992 onius
714 2934 857 3013 exemplo
880 2935 1028 3015 coniuges
1050 2954 1123 3013 quo·

205 3036 266 3096 que
288 3018 403 3077 vivant.

288 3098 518 3161 Advertendum
541 3105 590 3159 est
609 3098 677 3177 hio,
712 3098 761 3158 vel
794 3107 919 3179 propter
940 3100 996 3159 Dei
1028 3102 1122 3160 hono·

204 3202 286 3261 rem,
319 3202 410 3263 quam
433 3188 660 3243 sacrosanctam
682 3201 745 3241 rem
768 3191 979 3262 repraesentet
1001 3183 1122 3263 copula-

204 3269 247 3327 tio
270 3267 328 3326 viri
349 3273 381 3326 et
400 3265 550 3343 mulieris,
573 3273 656 3325 certe
676 3265 897 3325 humanitatem
921 3265 1031 3325 Christi
1053 3266 1121 3325 lesu

204 3350 381 3411 servatoris.
416 3348 444 3408 A
467 3367 527 3427 quo
549 3347 609 3408 hoc
631 3348 783 3428 privilegii
805 3350 948 3427 manavit,
972 3368 1010 3407 ne
1031 3348 1120 3408 affee-

204 3439 252 3491 tus
276 3433 377 3493 carnis
398 3450 522 3510 prorsus
551 3437 655 3491 essent
675 3431 794 3491 letales.
849 3431 887 3491 Hi
910 3432 1043 3491 enimin
1066 3451 1120 3491 uo-

205 3514 251 3575 bis
271 3516 433 3594 exstirpari
456 3534 518 3575 non
540 3519 670 3594 possunt
690 3516 827 3594 penitus,
851 3514 996 3574 mortiferi
1020 3521 1120 3574 tamen

152 3670 161 3677 ,
205 3605 286 3678 sunt,
311 3599 431 3677 quoties
455 3603 542 3657 extra
562 3597 790 3657 matrimonium
814 3605 1040 3663 consumantur.

288 3681 483 3761 Quapropter
514 3681 660 3760 coniuges
689 3679 868 3760 dignitatem
899 3680 988 3740 huius
1022 3699 1121 3740 sacra-

200 3817 447 3825 --..---—-—--

228 3869 254 3932 ⁴)
274 3869 298 3919 1.
312 3866 438 3920 Oorinllr.
463 3870 486 3925 7.
515 3868 564 3939 ⁶⁸)
584 3871 661 3944 Eph.
683 3876 712 3932 l).

204 3963 299 4003 Mal
312 3974 366 4014 ⁰911·
384 3969 408 4010 V·
422 3973 453 4014 Α.
469 3976 501 4016 ad
516 3979 560 4021 raa
576 3980 635 4025 hist.
649 3984 669 4025 1.
686 3995 713 4037 p.
725 3984 787 4028 Vol.
801 3982 851 4024 lu.
956 3945 1006 4009 Ἡ
