2709 4417
459 377 478 414 a
492 360 614 418 Ilotariis
631 369 754 431 acepta
1006 358 1069 428 153

189 546 260 607 J'esta
280 548 361 608 inter
382 546 560 628 apocrypha
580 553 738 624 recenset,
759 565 820 627 qus
840 548 1004 608 autoritate
1025 547 1068 626 lit,

200 630 273 691 mihi
286 629 365 691 liber
375 630 629 692 machabaeorum
643 632 683 691 ait
694 636 798 712 gratus
807 630 1001 711 etprobetns‚
1013 630 1067 692 sed

190 714 465 794 utentiosispoteat
475 713 683 794 odrepulsam.
697 712 876 776 Satishodie
887 713 1066 775 deconcilio

189 797 238 876 xi,
259 797 344 874 imo,
366 804 401 858 ut
421 799 551 877 ipsemet
572 797 612 860 D.
634 798 672 858 D.
695 797 790 857 dicit:
814 796 984 858 Concilium
1007 815 1069 858 non

189 886 242 956 mt,
263 880 291 939 si
312 886 417 941 eutem
441 886 530 958 errat,
551 899 614 941 non
637 885 686 941 ert
699 879 872 957 concilium,¹
895 887 927 940 et
944 887 979 941 ut
999 898 1069 940 meo

189 982 245 1023 usu
267 963 403 1043 loquar,
442 963 534 1024 credo
556 964 719 1025 concilium
751 970 783 1023 et
809 963 971 1025 ecclesium
995 982 1070 1035 nnn-

189 1064 244 1106 ram
265 1065 378 1123 emere,
401 1046 501 1107 iubis
524 1065 603 1124 quoe
624 1052 696 1107 sunt
716 1045 798 1125 fidei,
819 1047 850 1106 in
873 1047 984 1134 ceteiia
1007 1065 1069 1107 non

189 1135 202 1189 t
218 1147 349 1190 necesse
370 1148 434 1192 nou
457 1146 568 1190 eriere.

233 1211 327 1288 Quod
349 1231 424 1273 vero
446 1212 619 1292 exclamat,
646 1208 806 1272 latibulum
827 1211 888 1270 hoc
909 1228 978 1271 esse
1000 1210 1071 1271 bae·

189 1295 340 1374 tinorum,
374 1297 425 1376 qui
452 1293 511 1355 hac
531 1294 643 1355 fiducia
675 1294 827 1375 quaslibet
861 1294 1071 1373 expositiones

189 1379 349 1439 utoritatum
385 1378 552 1439 refutarent
578 1379 628 1439 vel
654 1379 844 1457 reciperent,
877 1376 1071 1457 respondeo:

189 1480 255 1522 nare
274 1459 337 1522 hoo
357 1481 428 1522 non·
443 1468 513 1521 sunt
533 1462 694 1540 conquesti
716 1461 746 1523 Β.
770 1461 973 1541 Augustinus,
1001 1459 1071 1520 Hie·

189 1562 311 1623 nymus,
331 1544 446 1624 sliique
460 1545 702 1606 victoriosissimi
723 1544 947 1604 hoereticorum
970 1544 1072 1603 trium-

189 1632 309 1702 ratores,
331 1627 386 1687 sed
409 1626 531 1688 donetis
552 1626 702 1708 ambiguis
723 1627 801 1688 locis
821 1625 1001 1687 studuerunt
1010 1644 1073 1687 oer-
1137 1640 1141 1665 ¹

189 1715 242 1770 let
262 1711 378 1789 sportis
400 1710 478 1770 locis
498 1710 658 1791 pugnare?
693 1709 761 1771 Hoc
794 1709 940 1771 iaciamus
972 1714 1004 1771 et
1033 1708 1072 1770 de

189 1791 318 1853 limabns
339 1793 369 1852 in
393 1794 578 1873 purgatorio.

228 1874 284 1935 ‘Ad
314 1894 395 1948 rem:
419 1874 467 1936 Ad
499 1876 697 1936 autoritatum
720 1875 905 1936 solutionem
928 1872 1024 1951 dixit,
1052 1892 1071 1933 u

189 1977 205 2017 e
225 1964 423 2038 contemptos
445 1977 514 2018 esse
536 1959 749 2039 Augustinum,
775 1956 981 2035 Ambrosium,
1001 1957 1073 2017 Ber·

189 2039 301 2119 udum,
338 2041 579 2121 Hieronymum,
602 2041 802 2121 Gregorium,
830 2039 980 2100 Isidorum
1002 2059 1070 2100 cum

189 2140 259 2184 osse
280 2122 378 2184 ordin.
415 2123 483 2186 Hoc
500 2143 555 2205 pro
578 2122 739 2198 modestia,
761 2125 824 2184 imo
846 2121 998 2183 modestis
1014 2122 1072 2182 no-

189 2224 243 2266 ana
263 2205 352 2287 dixit,
374 2207 464 2266 nimis
493 2206 620 2287 cupidus
641 2205 816 2266 movendae
836 2204 978 2266 invidiae.
1020 2205 1071 2265 Di-

188 2288 335 2367 thodie,
374 2309 436 2350 nou
459 2308 528 2351 esse
550 2297 745 2369 contemptos
766 2308 785 2348 a
809 2308 879 2364 me,
909 2290 1069 2348 etiterum

189 2389 233 2434 ω.
977 2406 981 2415 .

236 2454 327 2530 Quod
349 2460 451 2515 eutem
475 2473 573 2514 meam
596 2455 732 2536 glossam
755 2471 817 2514 non
833 2453 971 2533 accipit,
1006 2471 1067 2513 non

189 2555 237 2600 uo.
260 2536 375 2598 Probet
395 2543 497 2597 cutem
525 2539 592 2618 ipse
613 2544 645 2598 et
666 2556 769 2597 suem:
803 2555 871 2597 cum
902 2543 1004 2596 textus
1032 2536 1072 2595 sit

189 2638 252 2680 arus
276 2618 316 2680 de
338 2619 389 2680 die
411 2620 555 2696 Domini,
578 2627 610 2680 et
630 2621 722 2701 igne,
750 2621 781 2680 'rn
804 2637 864 2698 quo
885 2617 1070 2680 revelabitur

189 2721 221 2762 es
234 2703 370 2764 Domini.
392 2701 482 2778 Quod
506 2705 562 2763 etei
584 2710 689 2782 potest
710 2702 837 2763 trahiad
851 2701 1069 2782 purgatorium,

189 2826 191 2839 »
217 2783 300 2862 dixi,
334 2793 366 2845 et
400 2787 445 2846 sic
476 2787 659 2846 sententiam
682 2786 719 2848 D.
742 2786 779 2845 D.
807 2804 868 2846 non
898 2783 1070 2864 reprobavi,

189 2869 363 2950 ugutorium
378 2868 495 2929 scilicet
516 2887 595 2945 esse,
617 2886 679 2930 nou
702 2874 804 2928 tamen
826 2874 929 2948 potest
946 2867 1005 2927 hac
1025 2866 1069 2927 in-

189 2949 325 3032 lligentie
346 2950 478 3031 oppilari
501 2970 537 3013 oa
559 2953 797 3013 contentiosum.
833 2952 836 2961 “
874 3004 878 3009 ,
975 2956 979 2964 ’

233 3032 311 3094 Item
335 3041 367 3094 et
387 3033 461 3094 illud
482 3034 627 3095 Matthse.
650 3038 678 3098 ὁ.
708 3033 746 3094 de
769 3052 890 3094 carcere
912 3051 974 3093 non
997 3051 1068 3092 oon·

189 3117 264 3197 mpsi
285 3135 342 3196 pro
354 3115 480 3177 Ambro.
493 3119 656 3195 sententis,
679 3115 762 3195 quod
785 3115 871 3176 addit
880 3115 962 3178 D.D.
974 3113 1069 3175 verbu

189 3199 265 3260 tristi
285 3199 424 3260 indicare
456 3198 567 3261 debere
589 3200 668 3262 solvi
691 3199 846 3279 usquead
868 3198 1067 3260 novissimum

189 3281 375 3361 udrantem,
402 3246 473 3357 idco
497 3282 536 3343 de
557 3282 675 3344 inferno
697 3282 795 3342 intelli
819 3283 826 3296 ‘
856 3301 917 3342 non
947 3280 1069 3343 debere.

189 3364 359 3445 repondeo:
389 3365 458 3426 Hoc
486 3367 560 3426 sotis
588 3365 698 3426 eluitur
719 3385 775 3445 per
796 3302 898 3425 dilutum
921 3363 1069 3443 Hierony·

189 3468 251 3522 nm,
273 3449 325 3527 qui
347 3447 493 3508 adversus
515 3447 687 3509 Helvidium
709 3447 993 3523 benedictionem,
1015 3446 1070 3506 do·

189 3549 220 3608 e,
240 3537 326 3591 recte
349 3531 485 3610 exponit,
508 3538 541 3591 ut
562 3551 625 3592 non
641 3538 770 3611 cogatur
783 3529 964 3612 siguificare,
985 3527 1069 3608 quod

189 3613 338 3675 nbrosiua
361 3632 429 3675 oum
445 3613 490 3675 D,
501 3614 539 3675 D.
550 3614 601 3673 hic
621 3615 719 3695 ponit.
734 3615 813 3675 Nam
830 3619 861 3674 et
876 3613 920 3672 sic
931 3611 1068 3673 narmi.

189 3695 297 3756 ribitur
314 3695 354 3754 de
373 3696 507 3775 Josepb:
538 3697 605 3758 Nec
627 3698 776 3781 cognovit
803 3716 872 3760 eam
894 3693 995 3758 donec
1014 3713 1070 3776 pe-

189 3777 225 3832 rit
240 3773 338 3832 illium
368 3795 475 3856 suum,
511 3787 544 3840 et
574 3789 681 3845 tamen
714 3804 780 3847 non
812 3782 977 3867 sequntur,
1003 3777 1091 3861 uuob

191 3858 345 3928 tpnrtum
369 3864 566 3938 cognoverit
587 3886 684 3954 eam,
707 3872 756 3937 ita
776 3871 835 3937 bic
856 3890 930 3936 uon
951 3865 1115 3950 Qumis
