2709 4417
275 350 341 417 442
540 353 587 408 lv.
623 352 935 408 condemnare.
955 368 968 387 ··

278 539 316 598 tis
347 557 416 599 esse
447 545 554 618 putant
581 540 748 620 sumpsisse
779 547 1030 612 sacramentum,
1066 545 1191 597 ceterum

214 618 218 628 '
277 639 407 702 operum
431 624 564 682 caritatis
586 622 699 682 nullam
722 641 847 702 prorsus
869 628 967 703 agant
989 639 1105 680 curam.

361 721 496 782 Necesse
529 730 587 789 est,
624 730 657 782 ut
684 741 810 802 prorsus
836 719 1029 798 immuteris,
1062 728 1092 780 et
1112 722 1190 802 signa

279 810 414 867 mutatae
447 807 527 865 vitae
561 807 591 864 in
613 804 784 866 actionibus
814 811 844 864 et
865 803 1006 864 moribus
1032 804 1091 863 tuis
1114 803 1186 863 edas.

277 885 313 946 ld
335 889 415 947 enim
440 889 464 947 si
487 887 549 966 fiat,
572 894 685 948 certum
714 896 761 948 est
781 893 1013 968 argumentum,
1037 887 1133 946 Deum
1153 894 1187 946 ts-

279 987 346 1029 cum
370 989 454 1046 esse,
489 976 520 1030 et
552 970 748 1033 confirmatur
775 971 820 1030 sic
847 969 926 1030 fides
948 977 1005 1030 tua
1034 988 1072 1029 ac
1093 988 1186 1029 secura

277 1052 421 1113 redditur.
466 1053 533 1113 Hoc
556 1055 635 1113 enim
659 1061 744 1114 certo
767 1054 910 1131 sentitur,
933 1073 1009 1114 num
1033 1073 1053 1112 a
1075 1056 1184 1132 sumpto

278 1143 470 1196 sacramento
494 1137 638 1215 quietior,
667 1147 698 1196 et
719 1135 922 1196 confidentior
951 1154 1079 1215 quoque
1101 1134 1184 1194 sactus

279 1219 317 1277 sit
338 1220 466 1278 animus.
510 1218 588 1279 Nam
610 1227 702 1280 antea
724 1237 814 1298 quam
836 1220 968 1299 primurn
992 1217 1114 1279 subibat
1129 1220 1182 1277 ani·

278 1318 358 1360 mum
380 1301 429 1360 vel
451 1303 557 1361 mortis
579 1302 628 1362 vel
652 1309 847 1382 peccatorum
872 1302 984 1379 facies,
1008 1309 1071 1360 tum
1093 1302 1181 1361 statim

276 1385 397 1444 territus
419 1385 549 1462 animus,
572 1404 632 1464 quo
655 1405 689 1445 se
710 1392 851 1462 verteret,
873 1385 1044 1445 nesciebat.

358 1483 421 1544 Eos
444 1491 586 1557 terrores,
609 1487 634 1544 si
657 1497 718 1546 nou
742 1485 871 1564 amplius
895 1486 1023 1561 sentias,
1045 1504 1085 1544 ne
1105 1490 1179 1564 putes

276 1565 307 1626 id
330 1565 470 1626 accidere
493 1573 548 1629 tua
563 1567 694 1646 quadam
710 1569 749 1647 vi,
772 1564 872 1627 maio'r
892 1586 930 1627 ea
950 1587 1002 1628 res
1025 1573 1081 1643 est,
1103 1585 1179 1646 quan

277 1668 357 1729 quae
389 1649 529 1710 humanis
564 1658 688 1730 paretur
709 1649 831 1710 viribus.
874 1649 983 1730 Neque
1017 1651 1098 1710 enim
1120 1660 1179 1709 autc

276 1731 337 1792 boc
360 1732 506 1811 seculum,
529 1752 597 1793 cum
620 1735 731 1795 nostris
754 1733 860 1793 studiis
882 1739 914 1793 et
930 1731 1178 1793 satisfactionibus

276 1834 334 1875 nos
357 1816 610 1894 excruciaremus,
633 1817 792 1896 pervenire
815 1835 852 1876 eo
875 1815 965 1876 nobis
989 1816 1083 1876 licuit.
1117 1814 1178 1876 Sen-

277 1899 323 1957 tiri
347 1905 377 1957 et
398 1898 453 1959 illa
473 1906 618 1977 possunt,
655 1919 694 1960 an
716 1918 801 1976 eum,
840 1899 890 1976 qui
919 1906 949 1958 tc
967 1897 1108 1974 offendit,
1128 1899 1178 1957 iam

275 1998 374 2058 ames,
397 2000 436 2057 an
461 1983 526 2040 eius
549 1983 731 2058 miserearis,
754 1982 805 2060 qui
825 1981 856 2040 in
878 1981 1014 2060 aliquam
1037 1981 1179 2042 calamita-

276 2070 338 2122 tem
360 2071 408 2123 est
428 2066 601 2142 coniectus,
634 2066 707 2127 item
731 2085 801 2124 num
829 2065 949 2144 private
979 2065 1040 2124 vite
1069 2065 1108 2124 sit
1133 2064 1178 2123 ali-

274 2154 388 2224 quanto
411 2146 531 2207 reddita
552 2149 696 2210 sanctior.

356 2244 446 2320 Quod
478 2249 503 2306 si
525 2247 599 2307 nibil
622 2249 749 2308 istorum
778 2249 910 2325 sentias,
945 2248 1043 2308 oratio
1075 2246 1178 2326 reliqna

274 2335 330 2406 est,
353 2347 412 2408 qua
435 2329 500 2390 Deo
525 2330 563 2390 de
585 2337 636 2390 tua
658 2332 780 2390 miseria
802 2331 1010 2410 conqueraris,
1033 2334 1066 2388 ut
1086 2331 1112 2390 is
1132 2348 1176 2389 suo

274 2412 382 2490 spiritu
403 2412 569 2472 infirmitati
592 2420 663 2473 tuae
686 2413 851 2473 medeatur.
893 2413 972 2473 Nam
997 2431 1066 2472 oum
1088 2412 1175 2472 nullus

274 2501 411 2554 nostrum
435 2496 472 2554 sit
488 2497 651 2574 perfectus,
673 2516 827 2574 nunquam
851 2514 974 2556 cessare
997 2495 1036 2555 ab
1053 2496 1176 2555 oratione

273 2595 331 2638 nos
353 2579 508 2645 convenit.
552 2580 653 2657 Atque
674 2578 752 2639 hacc
775 2579 813 2638 de
836 2585 1030 2645 sacramento
1053 2579 1174 2657 corporis

274 2667 305 2720 et
327 2661 482 2741 sanguinis
505 2661 614 2721 Christi
637 2663 698 2720 iarn
721 2661 881 2721 sufficiant.

689 2744 779 2807 Finis.

356 2946 408 3004 lV.
446 2946 595 3004 Concio
619 2943 818 3018 Quomodo
842 2945 890 3002 sit
913 2943 1106 3003 orandum.

357 3099 487 3158 Primum
512 3099 646 3157 omniurn
670 3098 730 3158 duo
752 3098 945 3176 requiruntur
967 3097 1007 3157 ed
1029 3115 1128 3157 veram
1147 3113 1174 3154 ac

273 3181 340 3242 Deo
364 3187 481 3262 gratam
506 3183 698 3258 orationem,
721 3200 799 3260 quac
821 3185 905 3240 certo
927 3179 990 3240 hoc
1012 3179 1094 3258 quod
1114 3180 1175 3260 petit

273 3266 478 3342 consequitur.
524 3264 660 3324 Alterum
684 3271 747 3340 cst,
770 3270 803 3322 ut
824 3262 992 3322 habeamus
1015 3264 1174 3342 promissio·

272 3367 344 3407 nem
367 3349 440 3432 Dei,
463 3347 602 3422 alterum,
625 3354 656 3406 ut
680 3346 718 3407 de
740 3345 793 3406 illa
814 3347 1020 3424 promissione
1042 3345 1117 3405 nibil
1136 3344 1174 3403 du·

272 3429 411 3490 bitemus.
462 3430 592 3509 Oportet
624 3436 725 3489 autem
759 3449 825 3488 eam
859 3429 1099 3507 promissionem
1131 3427 1175 3487 Dei

271 3513 332 3571 iem
362 3519 433 3573 aute
462 3513 541 3573 bene
568 3513 745 3573 meditatam
770 3531 854 3585 esse,
877 3511 922 3571 ‘ut
944 3513 1059 3571 oraturi
1093 3512 1129 3570 de
1148 3528 1176 3569 ea

272 3597 584 3656 commonefaciamus
608 3597 723 3671 Deum,
747 3601 809 3655 turn
833 3595 963 3654 fut-urum
988 3602 1054 3669 est,
1087 3602 1118 3654 ut
1135 3593 1177 3652 iile

269 3678 392 3740 ratione
430 3698 486 3740 nos
521 3681 690 3739 excitemur
718 3678 758 3738 ad
789 3676 994 3738 confidentius
1028 3676 1178 3751 orandum.

265 3762 337 3828 Nisi
362 3767 447 3828 anim
466 3764 618 3826 divinitus
640 3760 824 3822 mandatum
841 3757 887 3814 ab
904 3758 1058 3813 mmm
1066 3760 1186 3814 *sesses

260 3875 352 3938 mdc,
372 3854 440 3919 uisi
459 3851 541 3916 nem
552 3839 906 3932 promtusseuuesss
921 3849 987 3892 aas
998 3832 1217 3894 amdam&
