2709 4417
488 377 507 414 a
521 361 644 417 liotariis
661 368 787 432 excepta.
877 402 927 428 ι,
1047 363 1109 431 139

199 552 215 606 t
234 545 305 625 Plus
328 545 496 626 prodesset
516 548 577 621 eis,
617 549 695 608 siin
719 549 827 627 poeuis
850 550 1106 631 purgatorii'par

199 628 331 690 iurarent
351 636 482 709 propter
503 631 626 692 maioris
648 633 766 711 gratiae
778 631 998 708 secessionem,
1020 634 1108 694 sicuti

199 711 296 773 tlioubi
325 713 450 793 seripsit
478 713 663 775 reverendus
695 713 800 793 Pater,
837 715 970 774 animam
1000 716 1107 777 alienis

199 794 338 876 suffragiis
359 795 522 857 liberatam
544 798 642 857 minus
666 796 759 875 beari,
783 817 874 877 quarn
897 798 922 856 si
944 816 1000 876 per
1021 819 1054 859 se
1076 800 1106 859 in

199 880 364 960 purgatorio
381 880 457 939 satis
472 885 636 958 pateretur.
659 880 750 956 Quod
763 890 810 941 est
832 899 893 940 non
911 880 1010 941 sotum
1035 901 1107 943 oon-

199 966 234 1024 tn
249 981 371 1022 saoram
394 961 602 1042 Suripturam:
626 962 739 1024 Sancta
761 983 834 1044 ergo
859 969 891 1023 et
903 964 1033 1025 salubris
1055 984 1105 1025 eo-

199 1046 292 1126 gitatio
315 1052 386 1119 ete,
410 1044 465 1105 sed
487 1051 519 1105 et
539 1053 648 1106 eontra
659 1047 888 1107 observantiam
906 1054 937 1105 et
959 1047 1105 1126 pietatem

199 1129 277 1189 totius
299 1128 474 1205 ecelesiae,
506 1147 597 1206 quam
622 1131 749 1191 mortuis
777 1131 922 1209 impartiri
947 1129 1104 1205 debemus,

199 1218 225 1271 ut
239 1211 272 1271 B.
295 1210 488 1291 Augustinus
520 1212 723 1290 pulcherrime
758 1211 836 1272 libro
870 1211 909 1272 de
942 1231 1015 1273 eura
1047 1233 1103 1294 pro

199 1294 313 1354 mortuis
337 1292 470 1372 agenda,
492 1300 523 1353 et
544 1294 595 1360 lib.
617 1295 716 1356 Enoh.
738 1294 893 1374 explanat.

264 1375 314 1436 Ad
344 1376 570 1437 Damascenum
599 1397 691 1457 porro
722 1378 901 1457 respondit,
938 1396 1007 1436 eum
1043 1398 1105 1439 nou

200 1459 269 1539 loqui
292 1458 332 1519 de
356 1461 544 1540 purgatoria,
570 1461 714 1539 quoniam
733 1461 940 1540 sioperpetuo
963 1460 1106 1522 durarent

200 1543 219 1601 in
237 1544 427 1623 purgatorio.
450 1542 491 1602 m
503 1561 562 1623 ego
585 1545 697 1618 sentio,
713 1560 771 1604 nee
788 1544 1025 1619 Damascenum,
1047 1564 1106 1604 neo

199 1624 258 1685 dias
271 1627 456 1686 autoritates
467 1644 578 1687 sonare
600 1626 639 1686 de
660 1627 849 1707 purgatorio,
872 1628 1016 1705 quoniam
1029 1627 1103 1687 alio-

199 1709 253 1787 quin
275 1708 351 1767 mihi
374 1709 532 1785 obessent,
554 1709 632 1769 etD.
645 1707 725 1769 Patri
748 1709 940 1788 prodessent.
973 1709 1013 1769 At
1035 1728 1102 1770 eum

199 1788 222 1850 de
241 1793 401 1870 praesenti
424 1791 588 1869 loquantur
609 1794 692 1869 vita,
723 1794 754 1852 in
785 1811 845 1870 qua
867 1792 1028 1851 terminum
1050 1811 1103 1871 po-

199 1880 256 1933 tant
288 1873 429 1934 merendi
460 1881 492 1933 et
523 1874 720 1951 demerendi,
759 1894 821 1935 non
855 1880 959 1953 potest
985 1875 1100 1955 porrigi

199 1974 300 2036 empus
324 1956 462 2017 merendi
485 1957 564 2017 ultra
584 1959 744 2018 terminum
773 1959 989 2033 coustitutum,
1024 1959 1102 2018 seili-

199 2046 229 2100 at
249 2047 392 2100 mortem.
415 2038 590 2115 Quarenon
612 2040 704 2100 aliam
719 2041 839 2120 aoeipio
861 2041 1104 2119 expositionem,

199 2141 273 2198 *uam
294 2129 406 2184 auctor
426 2124 493 2201 ipse
516 2123 599 2200 velit,
621 2125 671 2202 qui
695 2123 886 2183 determino
909 2123 1046 2183 merendi
1070 2125 1101 2183 in

199 2222 251 2265 neo
274 2203 411 2285 allegato
435 2204 578 2284 loquitur.

199 2352 205 2363 ,
259 2287 309 2348 Ita
331 2295 362 2348 et
384 2287 424 2347 de
444 2287 511 2347 aliis
528 2288 630 2348 dieere
651 2307 787 2367 possum,
812 2307 911 2367 neque
935 2288 1025 2348 simili
1048 2288 1101 2349 ob-

199 2373 353 2450 rrgatione
374 2371 524 2449 increpari
549 2390 692 2450 possum,
728 2371 807 2433 siout
835 2370 1021 2431 reverendus
1044 2369 1100 2430 Pa·

199 2473 234 2531 er,
255 2452 340 2535 quod
362 2456 526 2514 autoritate
548 2453 575 2514 S.
600 2452 723 2514 Patrnm
747 2463 777 2524 et
798 2473 904 2514 saorae
926 2452 1100 2534 Scripturae

199 2555 300 2598 ursum
339 2542 372 2596 et
397 2536 534 2596 merendi
566 2538 729 2597 terminum
757 2555 825 2595 oum
856 2542 955 2596 morte
987 2535 1101 2598 finiam.

199 2638 249 2698 pso
276 2625 379 2679 autem
408 2619 493 2679 nulia
517 2619 639 2679 fulcitus
661 2637 767 2678 sacrae
786 2619 960 2698 Soripturae
989 2621 1100 2679 autori·

199 2709 245 2762 ate
278 2702 324 2761 eis
346 2703 507 2762 terminum
531 2702 660 2781 porrigit
681 2709 712 2760 et
733 2709 891 2781 prorogat,
914 2709 1022 2762 eontra
1043 2703 1103 2763 Au·

199 2785 334 2862 ‚aretinum
357 2792 388 2845 et
410 2791 517 2845 eontra
538 2784 775 2865 Hieronymum,
805 2785 943 2862 quamvis
966 2804 1040 2844 suae
1063 2785 1103 2843 sit

199 2866 361 2945 uodestiae‚
384 2874 417 2927 ut
437 2867 611 2927 hanodioat
634 2868 919 2927 sententiamsuam
940 2887 1010 2927 esse
1033 2868 1099 2945 opi·

199 2950 315 3028 tionem,
337 2950 401 3010 sed'
418 2956 489 3011 tune
510 2970 572 3011 non
596 2949 702 3010 debuit
724 2951 900 3029 oppositum
920 2969 1032 3010 voeara
1054 2970 1098 3009 er-

199 3051 297 3096 rorem.

261 3115 308 3175 De
329 3116 493 3176 autoritate
515 3115 640 3175 Hieron.
671 3121 800 3175 oonatus
831 3122 878 3174 est
906 3133 972 3174 eam
995 3115 1025 3173 in
1050 3135 1099 3174 me

199 3203 369 3276 retorquere,
391 3198 547 3275 aenidos,
572 3216 630 3257 nee
649 3197 719 3271 iob,
742 3197 917 3258 neoDaniei
941 3205 1022 3257 stare
1045 3217 1100 3276 pro

199 3298 335 3359 quoquam
357 3288 429 3360 post
451 3288 591 3351 mortem,
613 3282 685 3359 quia
706 3280 746 3342 ibi
769 3280 808 3339 de
830 3288 968 3340 extremo
992 3279 1098 3357 loqua-

201 3372 235 3421 tur
251 3361 500 3442 iudieio„quod
530 3371 632 3424 tamen
663 3382 703 3423 ex
734 3364 821 3423 litera
848 3383 911 3423 non
936 3363 1100 3423 convincit.

201 3443 255 3505 iton
286 3445 384 3506 solum
420 3447 551 3506 enimin
575 3453 715 3506 extremo
745 3445 876 3513 iudicio,
910 3446 963 3506 sed
996 3447 1097 3505 statim

206 3527 278 3586 eiam
291 3536 362 3607 post
374 3536 502 3589 mortem
526 3529 733 3606 uuusquisque
755 3548 833 3588 onus
848 3549 935 3588 suum
957 3528 1100 3608 portabit.

258 3610 425 3673 ¹Postremo
454 3611 493 3671 ad
521 3611 612 3671 aliam
641 3611 792 3671 secedens
819 3611 1016 3690 particulam,
1055 3631 1099 3671 re·

210 3692 366 3768 spondit,ad
388 3693 464 3753 illud
477 3694 588 3773 Apon„
614 3693 698 3773 quod
719 3713 777 3776 per
798 3693 855 3757 sub
876 3701 990 3756 terram
1011 3693 1100 3754 intei-

199 3769 286 3841 i‘t'ltur
300 3773 460 3835 infernus„
491 3777 537 3837 m
559 3784 635 3841 tuno
655 3799 797 3863 sequens
820 3780 862 3845 de
884 3781 1011 3855 eautioo
1033 3786 1120 3841 stare

199 3850 277 3929 9911ῑᾷ
295 3853 369 3930 quis
390 3854 568 3953 dae-ones
592 3871 627 3929 et
649 3865 805 3939 damnati
828 3890 899 3937 non
911 3873 1062 3946 eautaut„
1078 3860 1142 3927 sed
