2709 4417
338 375 383 430 111.
410 376 513 430 Corneio
532 375 567 429 de
585 377 659 430 ooni-
678 379 706 429 at
724 373 847 429 Sauram.
864 375 943 429 auch.
1050 371 1112 435 419

200 562 226 625 S.
251 563 358 622 Patrue
380 564 410 623 in
441 565 501 623 auia
523 562 647 642 aoriptia
670 582 737 622 eam
767 561 894 622 subinde
916 569 1056 641 repetant
1077 580 1114 619 ao

200 645 338 706 ioaeant.
389 645 454 707 Noa
490 646 551 705 hoo
580 650 677 705 totum
707 646 737 704 in
771 654 927 705 externam
959 643 1112 723 quandam

200 729 331 808 speeiem
355 731 536 789 mutavimus
559 735 590 788 ot
611 729 748 788 eontenti
770 746 884 805 eumue,
906 728 932 786 ai
952 726 1110 786 historiam

200 812 350 889 passionis
373 812 402 871 in
425 810 591 891 parietibus
613 809 766 890 depietam
789 812 967 870 intueamur.

612 893 704 954 Finis.

200 1091 242 1151 [ΙΙ.
280 1091 431 1152 Conoio
454 1090 499 1152 de
521 1092 781 1154 consessione
804 1099 839 1151 et
860 1091 1112 1159 Sacramenta

515 1175 791 1236 eucharistiae.

277 1307 407 1388 Saepius
430 1328 449 1368 a
471 1328 519 1369 me
541 1308 654 1370 dietum
680 1318 743 1386 eat,
779 1330 840 1369 nou
869 1328 961 1388 posse
984 1327 1040 1367 nea
1063 1306 1113 1366 de-

200 1409 267 1450 tere
289 1389 481 1450 Christianos
503 1391 543 1451 ad
565 1399 788 1452 sacramentum
811 1391 925 1470 altaris,
948 1397 1032 1451 certo
1055 1390 1114 1449 hoe

199 1473 353 1533 Paauhatia
374 1481 512 1552 tempore
535 1475 614 1553 oogi,
637 1474 693 1535 aed
710 1475 836 1534 liberum
860 1492 927 1533 esse
941 1474 1112 1551 unicuique,
1180 1480 1182 1483 ’

200 1555 319 1634 quando
342 1563 372 1615 et
394 1558 513 1634 quoties
535 1558 610 1617 velit
623 1557 685 1617 hoe
707 1565 898 1617 sacramento
920 1559 969 1621 nti.
1014 1558 1114 1634 Atque

199 1637 230 1697 nt
267 1657 337 1699 eam
371 1657 434 1698 rem
466 1640 594 1699 miniatii
622 1641 653 1699 iu
684 1640 817 1699 ecelesia
848 1640 1004 1700 eonstituti
1027 1642 1114 1714 aunt,

199 1722 244 1800 qui
277 1724 340 1780 tu'm
374 1721 468 1782 verbo
503 1728 565 1781 tum
597 1724 795 1782 aeoramentis
827 1722 942 1802 populo
978 1719 1114 1799 quotidie

199 1810 384 1864 ›raeesaent

276 1885 384 1965 Longe
406 1886 498 1965 igitur
518 1886 561 1945 iili
586 1894 688 1947 errant
709 1896 740 1947 et
762 1895 1026 1967 peaoantquoque
1047 1904 1112 1965 gra·

199 1971 284 2043 riter,
323 1970 373 2047 qui
397 1976 512 2048 angunt
543 1969 684 2030 homines
708 1970 764 2030 sub
789 1975 919 2049 peceato
942 1969 1062 2028 mortali
1082 1969 1112 2025 in

199 2050 354 2112 Paaahatia
377 2051 454 2111 festo
485 2059 679 2112 sacramento
703 2054 759 2128 uti,
795 2053 822 2111 id
852 2050 934 2130 quod
967 2051 1114 2110 haetenus

199 2131 258 2193 ieri
282 2133 406 2195 solitum
419 2140 475 2211 eat,
497 2141 527 2193 et
549 2135 649 2194 adhue
671 2135 773 2195 multia
796 2135 826 2193 in
850 2132 1002 2193 ioaiafieri
1025 2132 1112 2192 solet.

199 2215 302 2295 Neque
336 2217 418 2276 enim
446 2217 541 2276 huiua
556 2220 742 2278 sacramenti
771 2224 880 2278 natura
900 2217 978 2275 ferre
1002 2222 1113 2294 potent,

199 2307 226 2358 rt
248 2300 411 2379 quisquam
446 2305 570 2359 ooaotue
599 2319 636 2360 eo
666 2307 774 2360 utetur.
817 2301 959 2359 Animam
991 2298 1114 2357 aitibnu-

199 2380 265 2440 uam
289 2382 423 2459 requirit,
445 2399 523 2460 quae
544 2383 612 2461 ipsa
633 2402 702 2442 aeae
719 2385 812 2462 cogit,
834 2388 866 2441 et
886 2381 1009 2462 gaudet,
1032 2379 1115 2459 quod

199 2465 296 2544 possit
330 2464 390 2523 hoo
421 2469 612 2526 sacramento
640 2465 707 2526 frui.
751 2463 809 2539 Qui
838 2464 876 2524 ab
913 2465 981 2523 aiiia
1015 2466 1114 2522 ooaoti

199 2548 257 2607 hoo
279 2556 502 2606 sauramentum
525 2548 693 2628 accipiunt,
729 2566 797 2608 oum
826 2547 911 2606 nulio
939 2565 995 2606 auo
1017 2545 1115 2606 iruatu

199 2629 228 2690 id
250 2628 376 2690 iaciunt.

278 2711 374 2772 Vides
406 2712 497 2791 igitur
523 2731 561 2771 ex
585 2713 718 2775 Satanae
747 2713 876 2773 oonsilio
906 2712 1018 2791 Papam
1053 2731 1116 2772 om·

198 2797 248 2857 uia
278 2796 396 2877 agione,
428 2794 521 2854 Satan
544 2796 623 2854 enim
647 2797 714 2855 sina
736 2794 828 2856 dubio
851 2794 970 2872 impulit
992 2793 1114 2873 Papam,

198 2886 229 2940 ut
250 2886 377 2958 cogeret
398 2878 464 2936 eine
487 2875 660 2937 diaorimine
682 2897 789 2938 omues
812 2876 849 2936 ad
873 2877 1115 2936 hoosaorameu·

198 2970 270 3023 tum.
314 2960 438 3038 Exque
459 2978 492 3018 re
514 2959 573 3019 hoo
589 2968 726 3020 aeonium
749 2957 1054 3034 eatineommodum‚
1085 2967 1116 3018 ut

198 3051 228 3104 at
247 3046 451 3105 irreverenter
477 3060 514 3101 aa
540 3041 666 3123 indigne
701 3051 825 3123 propter
846 3043 948 3123 Papae
971 3060 1115 3122 praeoep-

198 3136 260 3186 tum
283 3130 465 3186 tractaretur
486 3134 725 3201 sacramentum,
756 3132 786 3184 et
816 3125 945 3184 mundus
976 3125 1115 3184 maximia

198 3227 230 3270 ae
265 3215 410 3269 oneraret
442 3205 587 3286 peceatia.
638 3207 746 3286 Neque
786 3208 866 3266 enim
903 3208 991 3268 aliter
1024 3216 1115 3285 atque

198 3291 295 3372 porei,
316 3289 411 3350 illotis
437 3289 538 3369 (quod
560 3289 663 3372 aiunt)
688 3289 827 3349 manibus
849 3309 886 3349 aa
902 3289 1040 3369 pedibus,
1063 3290 1114 3348 ho-

198 3375 296 3435 miues
327 3372 366 3431 ad
399 3380 622 3434 sacramentum
653 3374 715 3435 hoe
744 3372 954 3452 accipiendum
978 3372 1114 3432 ruebant.

198 3454 268 3517 Nou
293 3473 368 3535 ergo
391 3456 526 3516 sinemus
548 3475 606 3517 uos
623 3456 727 3535 aliqua
748 3457 816 3536 lege
838 3455 876 3514 ad
892 3464 1114 3515 sacramentum

198 3539 285 3620 uagi,
321 3535 375 3597 aed
409 3537 493 3597 illam
516 3537 704 3615 libertatem,
738 3557 827 3616 quarn
859 3536 947 3598 nobis
978 3535 1116 3596 Christus

198 3621 338 3697 eontulit,
362 3620 570 3680 retinebimus.

281 3702 359 3763 Diuo
383 3711 483 3762 autern
506 3702 568 3763 hoo
587 3710 713 3782 propter
735 3702 821 3781 titos,
849 3703 899 3781 qui
922 3701 1032 3761 nolunt
1052 3701 1114 3761 aiio

198 3794 333 3862 *empore
354 3793 584 3846 sacramentum
608 3788 773 3869 accipere,
805 3784 968 3849 nomnium
993 3786 1136 3844 omnium

198 3861 408 3924 ouauetudiue
430 3866 561 3951 inducti,
588 3889 686 3951 quam
711 3872 779 3935 hoe
799 3869 975 3935 Paeonum
993 3877 1161 3944 rampone.

793 4026 803 4039 κ
917 3949 995 4019 aa*
