2709 4417
471 389 477 398 .
507 362 525 399 a
541 346 664 425 dicteriis
683 349 807 415 excepta

424 530 915 594 liertLutherus.

289 697 354 763 Duo
382 697 458 757 milri
481 664 663 758 incumbunt
682 696 818 777 agenda,
844 698 976 777 primum
997 715 1123 777 respon-

224 778 336 842 dendum
360 779 623 841 confutationibus
645 781 761 860 egregii
781 780 818 843 D.
838 781 886 859 D,
908 780 1043 841 secundo
1065 799 1121 859 pro

223 864 419 945 murentionis
440 869 533 943 pacto
557 862 776 943 opponendum
797 863 888 927 idem.
909 864 949 924 Et
971 864 1041 943 quia
1060 863 1121 923 iam

223 946 307 1008 triduo
327 946 483 1026 respondi,
507 953 687 1026 tempusque
702 954 916 1027 consumptum
939 953 996 1026 est,
1017 952 1051 1007 ut
1065 964 1124 1007 neo

220 1050 298 1091 unum
320 1031 438 1110 possim
461 1029 597 1111 explere,
619 1028 851 1092 dicobreviter.

287 1112 378 1189 Quod
412 1114 517 1175 omnia
545 1112 672 1173 inducta
692 1132 749 1193 per
770 1114 925 1194 egregium
946 1113 983 1174 D.
1005 1111 1045 1175 D.
1067 1131 1117 1174 co

218 1197 381 1278 piosissime
402 1196 525 1276 quidem
547 1203 619 1257 sunt
639 1189 739 1273 dicta,
765 1196 821 1257 sed
842 1213 966 1276 prorsus
988 1195 1063 1257 nihil
1084 1194 1123 1257 ad

217 1298 352 1359 scopum,
381 1299 451 1340 cum
466 1281 534 1341 ‘iem
556 1287 693 1360 perires
715 1278 780 1339 dies
802 1279 991 1360 promiserit,
1019 1278 1123 1341 divino

216 1364 271 1424 iure
285 1368 423 1424 acturum
446 1381 480 1424 se
503 1369 610 1424 contre
630 1381 700 1441 me,
730 1381 788 1423 nec
824 1362 924 1424 adhuc
951 1361 1057 1422 audite
1078 1367 1126 1422 est

217 1465 268 1507 una
287 1447 437 1507 autoritas
455 1445 550 1506 divini
571 1446 663 1523 iuris,
697 1452 819 1524 praeter
839 1446 924 1506 illam
945 1444 1052 1506 Matth.
1076 1448 1124 1523 16,

218 1548 297 1608 quam
321 1548 432 1591 omues
454 1528 645 1606 audivimus,
669 1547 760 1607 quam
782 1529 867 1589 varie
888 1534 1034 1589 tractetur
1055 1546 1074 1587 a
1093 1526 1124 1588 Β.
1193 1578 1200 1589 .

218 1611 354 1688 Patribus,
378 1619 409 1672 et
432 1610 521 1691 quod
538 1612 636 1673 maior
656 1630 727 1691 pars
751 1630 917 1691 eorumque
932 1611 1038 1673 sanior
1059 1629 1126 1673 seu·

218 1695 302 1756 tentia
334 1715 392 1774 pro
422 1714 474 1755 me
494 1700 563 1755 stet.
604 1694 704 1756 Unum
735 1695 802 1774 ipse
829 1695 931 1766 locum
954 1692 1126 1774 Augustini,

217 1777 388 1839 stulterum
411 1777 565 1839 Ambrosii
597 1796 653 1858 pro
676 1795 711 1837 se
733 1776 876 1855 adduxit,
899 1781 999 1837 cetera
1022 1776 1126 1836 omnia

218 1861 326 1921 luerunt
348 1860 501 1922 vocabula
520 1858 647 1940 Pelagii,
669 1859 821 1942 Auacleti,
844 1879 965 1934 eorum,
987 1859 1038 1938 qui
1059 1859 1126 1919 iura

217 1943 340 2004 humana
374 1944 629 2024 conscripserunt.
672 1942 843 2023 Cyprianus
860 1962 936 2005 vero
958 1942 1021 2003 fere
1043 1947 1126 2003 totus

219 2045 327 2087 mecum
366 2027 475 2100 sentit,
507 2025 589 2105 quod
623 2026 782 2087 committo
820 2025 933 2087 iudicio
967 2024 1125 2104 prudentis

220 2109 341 2171 lectoris.
385 2108 530 2171 Similiter
557 2115 587 2169 et
608 2108 792 2169 clarissimus
822 2115 923 2170 textus
943 2106 1126 2188 Hieronymi

219 2190 250 2252 sd
269 2191 453 2272 Evagrium,
480 2198 511 2253 et
531 2210 622 2271 super
645 2190 756 2252 Titum.
791 2191 911 2252 Deinde
932 2190 1073 2272 Gregorii
1092 2191 1125 2250 in

220 2275 336 2355 registro
359 2294 415 2354 per
436 2293 526 2335 senas
547 2274 641 2334 ferme
663 2273 820 2353 epistolas.
842 2274 916 2335 Post
934 2273 1012 2335 haec
1032 2273 1125 2333 histo-

221 2358 273 2418 riae
294 2363 325 2417 et
347 2375 420 2417 usus
444 2356 600 2419 orientalis
621 2356 781 2418 ecclesiae.
810 2355 918 2436 Neque
938 2358 1020 2416 enim
1041 2354 1126 2433 quid·

223 2458 300 2518 quem
321 2440 395 2500 facit
415 2438 456 2500 ad
476 2459 551 2518 rem,
575 2438 657 2517 quod
677 2437 715 2500 D.
737 2439 774 2503 D.
798 2439 1008 2500 schismaticos
1030 2437 1126 2500 Grae·

225 2541 266 2582 cos
285 2520 454 2602 allegavit,
474 2522 650 2583 Nestorium
674 2529 706 2582 et
728 2528 867 2598 ceteros,
889 2541 951 2582 non
974 2526 1061 2583 eraut
1081 2519 1126 2581 illi

226 2605 361 2666 ccclesiae
384 2604 549 2666 orientalis.
591 2603 721 2665 Possum
744 2611 776 2665 et
797 2623 856 2685 ego
879 2605 1004 2665 latinam
1028 2603 1125 2665 eccle·

226 2689 286 2748 siam
308 2689 352 2748 sic
374 2687 563 2766 describere,
589 2706 645 2767 per
665 2686 824 2767 Pelagios,
846 2687 1053 2763 Manichaeos,
1074 2685 1125 2747 Jo-

226 2771 358 2847 vinicnos,
378 2771 613 2851 Vigilantianos,
632 2769 833 2849 Helpidisnos
856 2777 888 2830 e't
909 2769 1018 2830 similia
1041 2785 1125 2830 mon·

227 2859 281 2913 stra.
315 2852 377 2914 sed
400 2853 499 2930 absit,
520 2859 554 2913 ut
574 2858 699 2932 propter
721 2872 837 2932 paucos
859 2851 958 2913 malos
980 2857 1011 2912 et
1031 2851 1124 2913 schis-

227 2936 337 3078 ualpicos
361 2941 458 2998 totam
480 2935 613 3014 aliquam
632 2934 795 2996 ecclesiam
825 2935 1051 2997 schismaticam
1074 2953 1126 3014 ap·
1169 2966 1201 2989 -.

227 3037 256 3097 ps
274 3038 330 3079 em.

292 3099 402 3161 Cetera
420 3119 483 3161 non
505 3105 613 3180 potero
636 3100 790 3180 prosequi.
834 3099 874 3161 Et
900 3118 1024 3161 reservo
1052 3097 1148 3158 mihi

229 3184 375 3262 praecipue
406 3182 550 3244 articulos
581 3181 731 3243 iohannis
752 3181 852 3251 Huss,
880 3181 954 3241 mihi
976 3180 1125 3259 obiectos,

230 3270 251 3324 et
265 3266 340 3326 iuter
359 3284 415 3326 eos
436 3265 638 3326 novissimum
661 3265 700 3326 de
715 3265 855 3325 humanis
877 3264 995 3325 actibus
1016 3262 1056 3323 ad
1077 3282 1125 3323 cc

230 3345 322 3408 lanum
344 3355 376 3409 et
400 3367 569 3429 papyrum,
598 3354 629 3408 et
657 3354 761 3409 cetera
786 3347 906 3425 omnia,
934 3365 1013 3426 quae
1034 3345 1125 3407 hebe-

230 3427 282 3489 bsm
303 3449 483 3512 opponere,
507 3437 538 3490 ut
561 3449 640 3510 quae
660 3431 711 3490 hic
731 3430 832 3491 facere
853 3449 916 3490 non
935 3428 1051 3509 possim
1073 3447 1125 3488 ex·

231 3510 313 3573 clusus
336 3514 444 3594 spatiis
463 3519 615 3593 praestem
637 3533 693 3592 per
714 3512 917 3594 Scriptursm,
938 3511 1073 3590 soloque
1093 3511 1124 3571 in

232 3592 277 3654 hoc
297 3597 404 3669 cedere
420 3601 451 3657 et
460 3595 633 3658 obedivisse
646 3593 838 3657 illustrissimi
853 3594 1000 3676 Principis
1012 3594 1125 3654 studio·

231 3696 280 3735 rum
287 3679 408 3738 Patroni
426 3678 654 3740 clementissimi
666 3679 769 3761 iussis,
784 3678 823 3741 de
838 3697 899 3762 quo
912 3678 1126 3742 vosDcminos

215 3753 341 3816 domnos
358 3760 493 3837 requiro,
518 3766 551 3821 et
562 3761 726 3827 auditores
749 3767 782 3830 in
805 3767 1025 3832 testimoninm
1046 3779 1146 3828 roco.
