2709 4417
486 354 642 410 ollotarils
663 361 787 424 excepta.
1023 334 1085 424 127
1137 341 1140 345 ’

191 534 240 594 erit
261 533 431 615 discipulos
455 537 648 617 sacerdotes,
680 538 776 599 ludas
805 557 867 598 non
890 539 945 600 luit
966 541 1084 620 episco-

191 616 221 676 is
243 625 453 683 consecratus.
477 620 643 682 Committe
663 622 741 683 haec
762 621 935 699 iudicanda,
960 631 993 684 ut
1014 624 1084 686 alis.

382 800 873 880 DcPurgatorio.

191 963 313 1024 lontra
357 983 496 1024 nonam
536 965 836 1025 conclusionem
880 986 1083 1047 argumen-

481 1053 585 1107 tatur
611 1046 765 1107 Ecoius.

245 1209 314 1268 Non
346 1211 447 1271 solum
477 1211 557 1292 apud
587 1211 807 1292 theologistas,
842 1213 898 1273 sed
932 1214 1023 1274 etiam
1052 1216 1083 1274 in

191 1310 251 1350 scra
272 1291 447 1388 Scriptura,
471 1296 501 1355 in
524 1295 553 1354 S.
577 1295 717 1356 Patribus
739 1294 882 1373 habetur,
917 1296 999 1375 quod
1022 1299 1086 1356 vita

191 1392 240 1433 sec
266 1395 414 1453 praesens
446 1379 484 1437 sit
527 1383 624 1437 status
655 1384 687 1438 et
713 1378 860 1437 terminus
891 1378 1028 1439 merendi
1055 1388 1084 1439 et

191 1458 349 1518 emerendi.
382 1457 484 1532 Quare
506 1460 674 1519 existentes
695 1461 726 1518 in
750 1462 929 1540 purgatorio
952 1460 1084 1541 amplius

191 1540 270 1599 lereri
287 1560 349 1600 non
372 1560 484 1620 posse,
506 1551 536 1601 et
559 1543 602 1601 sic
624 1561 688 1603 non
711 1543 858 1614 maiorem
881 1545 1011 1622 gratiam
1033 1563 1084 1604 ac·

191 1623 273 1702 ipere.
317 1623 357 1683 Et
384 1624 445 1684 hoc
471 1625 514 1684 ita
541 1643 610 1685 esse
631 1624 730 1704 probo
758 1644 814 1705 per
834 1625 1001 1687 Jeremiam
1025 1629 1082 1689 25:

191 1703 299 1764 lsddam
326 1707 371 1766 eis
394 1706 560 1766 secundum
585 1725 681 1787 opera
704 1726 828 1785 eorum,
864 1715 894 1768 et
915 1708 1082 1769 seeundum

191 1793 243 1846 scta
262 1807 408 1848 manuum
431 1808 547 1866 eorum,
569 1791 612 1849 ita
633 1791 726 1850 etiam
735 1789 847 1850 Paulus
870 1790 906 1872 ⁵)
931 1791 1083 1851 ait10m·

191 1887 220 1928 iss
245 1888 301 1930 nos
331 1871 519 1932 manifestari
550 1879 673 1952 oportet
702 1881 774 1933 ante
801 1873 932 1934 tribuual
962 1873 1084 1948 Christi,

191 1957 204 2010 t
218 1952 326 2012 referet
349 1955 557 2033 unusquisqne
579 1955 704 2035 propria
726 1957 880 2034 corporis,
903 1962 994 2036 prout
1014 1975 1082 2036 ges-

192 2032 216 2109 lt,
234 2035 295 2095 sive
318 2035 454 2115 bonnm,
483 2039 548 2096 sive
572 2036 694 2097 malum.
738 2037 877 2097 ficientes
899 2057 972 2118 ergo
996 2039 1084 2097 timo-

191 2133 228 2174 sm
248 2116 380 2194 Domini,
402 2118 577 2179 hominibus
600 2119 774 2180 suademus.

245 2198 334 2260 Addo
346 2201 578 2280 Hieronymum,
601 2209 634 2261 ut
654 2201 803 2281 grmatim
824 2202 1020 2280 descendam,
1043 2223 1081 2263 eo

192 2298 234 2340 oco
254 2283 429 2361 apostolum
452 2283 697 2363 intelligentem:
732 2284 799 2345 Hoc
820 2285 913 2364 dicit,
947 2286 1082 2364 inquam,

191 2363 304 2440 luamdiu
327 2367 358 2424 in
382 2365 496 2427 mundo
519 2367 612 2445 positi
636 2368 866 2446 peregrinamur
896 2387 915 2426 a
936 2367 1081 2442 Domino,

191 2449 400 2508 unversatione
421 2448 505 2525 bona
525 2448 556 2507 id
579 2468 717 2529 agamus,
739 2456 772 2509 nt
793 2451 822 2510 ei
842 2450 873 2509 in
894 2449 995 2509 futuro
1018 2449 1082 2530 pla-

191 2545 233 2588 ·sre
251 2531 417 2608 possimus,
439 2550 512 2610 non,
534 2537 568 2590 ut
589 2531 842 2610 quidamputant,
865 2532 1082 2612 quodpostea-

191 2628 250 2685 tunm
272 2615 496 2673 excesserimus
519 2633 536 2674 e
558 2632 689 2694 corpore
711 2614 753 2673 ibi
780 2614 895 2693 aliquid
917 2626 1082 2695 operantes

191 2694 399 2757 *romereamur
441 2695 525 2756 ldem
547 2697 659 2756 fatetur
680 2696 787 2777 glossa
809 2696 977 2757 ordinaria:
1012 2699 1082 2758 Fru-

191 2781 226 2834 tra
244 2796 318 2856 ergo
341 2778 437 2838 homo
452 2785 524 2858 post
546 2797 657 2858 corpus
671 2779 801 2839 sibi-hoc
815 2781 974 2859 promittit,
998 2779 1082 2859 quod

191 2857 213 2916 ic
232 2878 412 2940 comparare
432 2861 579 2941 neglexit.
601 2861 648 2922 Ita
670 2861 763 2920 etiam
784 2861 939 2923 intellexit
951 2862 1081 2922 Ambro-

191 2941 233 3019 los,
254 2943 354 3002 solum
376 2944 458 3003 facta
479 2945 616 3023 corporis
640 2943 714 3006 alibi
735 2945 907 3024 praemiari.

242 3023 290 3083 Ex
313 3025 423 3104 quibus
445 3026 555 3105 liquet,
578 3046 646 3086 cum
669 3027 769 3105 gratia
790 3034 939 3108 augeatur
959 3046 998 3087 ex
1021 3047 1082 3088 me-

192 3112 284 3166 torum
307 3108 541 3187 respondentia,
564 3117 595 3170 et
617 3111 739 3169 animae
760 3110 791 3168 in
814 3111 995 3190 purgatorio
1016 3129 1079 3169 non

191 3196 304 3249 oterunt
325 3191 440 3269 aliquid
463 3193 582 3272 operari
607 3192 770 3269 meritorie,
793 3211 832 3252 ex
855 3192 996 3272 allegatis
1019 3211 1080 3252 non

191 3273 274 3332 sterit
295 3273 389 3334 etiam
409 3274 441 3333 in
463 3275 507 3334 eis
529 3276 633 3355 augeri
655 3275 764 3353 gratia.
807 3274 976 3335 subscribit
996 3293 1081 3354 aper-

191 3354 275 3415 ssime
298 3356 332 3415 B.
355 3356 544 3436 Augustinus
564 3359 595 3416 in
617 3357 714 3417 Enoh.
738 3359 882 3435 caplll9.
905 3364 936 3418 et
959 3361 1027 3421 110.
1051 3367 1082 3418 et

191 3439 271 3516 spetit
294 3437 403 3499 eadem
425 3439 520 3500 verba
545 3439 754 3520 principaliter
786 3446 904 3518 quaest.
926 3445 952 3502 2.
990 3440 1029 3500 de
1051 3442 1080 3503 8.

193 3519 285 3583 oloitii
307 3528 425 3600 quaest.
443 3530 515 3602 post
537 3523 641 3584 multa.
663 3520 827 3601 Quocirca,
849 3524 901 3601 ait,
923 3523 974 3582 hic
988 3538 1080 3582 omne

191 3603 298 3663 teritum
322 3610 537 3684 comparatur,
573 3624 634 3684 quo
661 3606 762 3685 possit
794 3613 864 3685 post
885 3605 965 3665 lianc
986 3605 1080 3665 vitam

191 3685 288 3746 >levari
309 3688 459 3766 quispiam
483 3688 531 3749 rel
552 3689 685 3771 gravari,
713 3687 811 3752 Nemo
834 3694 938 3750 autem
958 3707 992 3750 se
1013 3706 1081 3769 spe·

191 3899 194 3912 .
215 3863 277 3918 θοι.
296 3867 323 3921 5.
