2709 4417
517 386 534 420 a
552 367 675 421 liotams
694 370 819 436 excepta.
1056 361 1113 445 125

222 555 283 618 udi
303 553 475 634 amplector
498 561 530 616 et
551 574 672 636 sequor.
715 555 783 617 Hoc
799 575 890 615 unum
915 554 1011 631 addo,-
1030 554 1111 634 quod

223 657 261 720 pro
283 638 452 697 reverentia
475 639 584 698 summi
607 638 763 700 Pontificis
793 646 824 700 et
844 639 934 700 Rom.
963 639 1114 700 ecclesiae

188 796 191 803 Ι
224 720 298 783 libens
319 719 400 779 hano
424 722 595 799 materiam,
617 740 680 783 non
702 723 907 784 necessariam
922 729 954 783 et
975 723 1049 782 mire
1071 724 1114 782 in·

225 803 348 864 vidiosam
380 807 674 882 praetermisissem,
706 807 765 866 nisi
792 824 847 886 per
868 806 1114 887 propositionem

225 886 313 967 egregii
342 885 402 945 Do.
425 885 462 948 Ι).
491 887 642 948 iohannis
670 889 756 949 Ecoii
788 890 817 948 in
848 907 915 948 eam
942 895 1112 969 pertractus

225 970 331 1029 moen.
375 967 479 1028 Doleo
511 971 602 1031 etiam
625 990 681 1033 eos
709 990 771 1033 non
794 970 918 1050 adesse,
952 990 1031 1050 quos
1054 990 1115 1032 ma-

224 1053 285 1112 xine
303 1052 449 1131 oportuit,
471 1052 606 1131 quicum
628 1059 659 1114 et
671 1055 815 1135 privatim
838 1060 868 1113 et
888 1052 1011 1134 publice
1023 1054 1124 1115 toties·

225 1133 386 1195 necuimine
409 1128 579 1198 haereseos
594 1137 804 1217 profanarunt,
827 1155 909 1196 nunc
931 1155 998 1197 cum
1021 1137 1115 1198 instet

225 1216 337 1296 cognitip
359 1234 491 1295 causae,
513 1238 548 1278 se
569 1218 800 1298 subtraxerunt,
822 1219 997 1280 haereticae
1018 1220 1115 1300 pravi·

183 1322 186 1329 ¹
225 1301 275 1359 tatis
294 1298 493 1378 inquisitores
522 1301 611 1377 dico,
645 1303 697 1380 qui
729 1303 893 1363 fraternam
914 1302 1114 1363 monitionem

169 1421 170 1428 κ
225 1389 244 1442 st
261 1382 423 1441 doctrinam
446 1388 688 1465 postposuemnt
708 1380 969 1459 criminationibus
993 1384 1064 1444 suis.

224 1557 235 1563 ,.
248 1554 405 1564 ..συ-...-

169 1688 172 1693 Ι
221 1627 385 1694 disputatione
406 1621 590 1675 Carolustadii
613 1628 640 1674 et
658 1623 732 1675 Eucti
752 1623 796 1675 die
823 1623 922 1675 xxvii
940 1623 1016 1676 duuii
1048 1623 1117 1674 hora

221 1697 321 1748 secunda
338 1698 378 1748 ita
398 1694 507 1763 prolata
524 1693 627 1746 ibidem
647 1693 762 1763 legitur:

259 1801 282 1868 l)
303 1796 1115 1868 Protestatiocarolostadiiperrespondentem
1146 1790 1149 1795 ’

534 1870 602 1923 sibi
623 1885 640 1921 a
658 1871 780 1922 latere.

275 1979 365 2031 Primo
384 1974 452 2027 illud
472 1980 606 2026 testamur
634 1982 661 2027 ct
678 1976 780 2043 ubique
800 1982 929 2028 testatum
956 1992 1017 2029 esse
1044 1975 1118 2028 soln-

219 2064 281 2112 nus,
308 2062 445 2114 nusquam
466 2046 501 2098 ab
529 2044 645 2098 ecclesia
664 2046 803 2100 catholica
827 2047 861 2098 ad
892 2047 977 2099 latum
1000 2047 1117 2116 digitum

216 2136 255 2172 nos
279 2119 347 2172 velle
372 2116 531 2181 discedens,
554 2116 626 2182 qnod
647 2119 671 2168 si
690 2118 826 2171 eiusmodi
847 2119 912 2186 quid
933 2117 1118 2187 deprehenda-

218 2198 252 2240 tm
268 2205 320 2242 non
342 2187 436 2241 dedita
454 2202 554 2256 opera,
573 2186 622 2240 sed
642 2189 764 2240 humana
782 2190 891 2240 inscitia
909 2189 1043 2256 elapsum,
1062 2190 1117 2241 iam

220 2278 277 2312 nunc
297 2276 347 2328 pro
367 2265 510 2311 recantata
521 2259 623 2311 habere
643 2260 780 2311 volumus.
816 2261 873 2313 Nec
891 2262 1061 2313 eruditorum
1081 2261 1120 2311 in·

218 2332 275 2384 dicio
287 2333 439 2401 praeimus,
458 2345 510 2381 nec
520 2329 691 2397 publicarum
704 2331 861 2383 scholsmm
878 2333 1035 2384 auctoritati
1043 2345 1120 2396 pras·

218 2403 362 2454 iudicamus.
385 2402 496 2454 Maneat
512 2400 652 2453 incolume
671 2417 751 2453 snum
767 2404 866 2467 suique
885 2402 1025 2465 iudicium,
1044 2400 1120 2451 dum-

219 2473 285 2528 modo
298 2475 514 2541 seriptnrasnon
537 2470 738 2539 pes-nebulam,
761 2473 808 2524 sed
829 2490 862 2524 cx
883 2474 992 2540 integro
1014 2478 1119 2525 tractat

219 2546 290 2597 Sacris
302 2551 399 2596 autem
421 2543 565 2610 scripturis
585 2542 659 2594 hune
674 2542 812 2596 honorem
833 2544 1026 2613 impendimus,
1045 2540 1119 2611 qnod

220 2615 275 2666 nihil
293 2617 352 2667 sine
370 2615 403 2665 iis
423 2618 472 2665 aut
485 2628 609 2666 asserere
628 2617 806 2681 uutrscipars
819 2616 957 2681 volumus,
975 2616 1003 2666 in
1022 2615 1119 2666 ceteris

221 2694 305 2752 numm,
324 2701 395 2753 quae
415 2699 470 2736 non
489 2682 593 2752 liquide
613 2684 676 2737 hinc
695 2686 787 2737 doceri
807 2693 933 2753 possunt,
951 2685 1019 2737 solis
1035 2684 1118 2736 eccle

221 2760 423 2824 siuticisprimas
436 2755 545 2818 damus,
564 2771 615 2807 nec
630 2757 665 2809 ab
685 2758 718 2807 ils
732 2757 907 2819 discedimus,
927 2771 997 2823 quae
1018 2759 1045 2806 in
1066 2756 1120 2822 spi·

222 2829 278 2879 stola
290 2830 322 2879 ad
337 2830 363 2879 D.
377 2827 500 2891 Eocium,
519 2835 657 2895 quaeest:
677 2827 736 2879 Nisi
753 2829 958 2879 sanctissimum
968 2829 996 2878 in
1009 2825 1119 2879 Christo

223 2906 324 2964 patrem,
344 2898 434 2950 testati
466 2913 577 2963 sumus,
605 2896 652 2948 sed
672 2914 706 2950 es
726 2915 798 2949 nunc
826 2914 934 2965 quoque
953 2896 1067 2965 pasinde
1089 2903 1118 2945 ut

224 2978 289 3022 autea
305 2976 447 3022 testamur.

483 3039 709 3091 Protestntio
730 3039 833 3090 Eos-ii.

226 3109 343 3160 lnvoossit
360 3109 506 3162 auxilium.
827 3114 829 3118 ’

280 3181 415 3232 Protestor
433 3195 485 3248 pro
504 3179 680 3246 simplicitate
699 3178 867 3245 theologica:
887 3179 959 3229 sicut
976 3175 1029 3227 hoc
1047 3190 1118 3226 onus

231 3249 256 3301 ad
270 3250 370 3302 laudem
391 3252 445 3311 dei,
464 3251 597 3304 ecclesiae
616 3249 760 3312 honorem,
779 3251 933 3300 animarum
955 3248 1070 3298 salntem
1092 3254 1119 3295 et

230 3319 380 3374 adventatis
400 3321 626 3375 dilucidationem
652 3322 777 3387 suscepi,
806 3322 845 3370 ita
864 3334 918 3370 non
945 3323 984 3368 est
1010 3319 1119 3368 animus

231 3390 279 3442 nihi
295 3392 440 3460 quidquam
461 3392 553 3445 dicere
569 3391 610 3442 uel
628 3407 764 3451 asserere,
783 3388 857 3458 qnod
878 3388 919 3440 sel
938 3402 1034 3439 sacrae
1053 3388 1118 3452 srip-

232 3470 288 3513 turas
312 3463 349 3515 vel
377 3470 487 3516 sanetae
516 3464 596 3514 nial-ri
625 3462 758 3514 ecclesiae
781 3467 855 3512 esset
879 3458 1033 3510 adversum.
1073 3457 1119 3507 Pu

233 3538 287 3584 ratus
299 3535 393 3602 corrigi
415 3543 441 3585 et
453 3533 594 3587 emendari
614 3548 631 3584 a
649 3533 715 3585 seda
726 3532 879 3600 apostolica
898 3530 971 3605 stab
988 3529 1032 3590 iis,
1054 3543 1119 3593 quo-

233 3617 276 3654 run
290 3605 385 3657 iudicio
405 3605 480 3657 hanc
497 3612 622 3657 nostiam
644 3603 887 3670 disceptationem,
906 3603 985 3651 iuxta
1003 3613 1120 3651 eonven-

233 3673 312 3785 t‘qonem
327 3676 385 3728 hori
404 3677 522 3741 iactam,
542 3690 637 3726 sumus
657 3675 823 3726 subiecturi:
852 3671 886 3724 de
906 3685 960 3739 quo
981 3676 1120 3739 protestor

226 3755 240 3785 n
258 3757 335 3804 sopra.
