2709 4417
226 344 291 415 130
448 348 602 418 Disputatio
620 347 729 417 lipsiae
746 347 837 401 habita
857 361 883 400 a.
902 345 961 400 xlx

310 532 381 593 Dixi
403 533 497 612 euim,
519 534 550 593 in
572 532 666 593 aaoria
688 531 786 593 literis
806 530 998 592 nihilhaberi
1017 531 1051 592 de
1068 553 1114 612 pu

226 616 357 696 gatorio,
379 615 449 677 ideo
471 634 535 677 uon
556 634 650 696 poaae
670 633 724 676 eaa
740 615 1067 695 nequeexpoaitionaa
1084 634 1115 677 aa

227 718 293 759 rum
315 697 354 758 ad
375 699 534 779 negotium
556 697 724 779 purgatorii
746 698 854 777 aptari.
875 696 1022 758 Redditur
1040 705 1116 760 nuta·

227 788 280 843 aut
301 780 414 841 bonum
437 781 550 857 bonis,
585 788 637 843 aut
657 779 770 841 malum
799 780 889 841 mulia
915 787 989 860 poet
1008 788 1118 843 mortun

226 863 318 925 Medii
341 871 422 942 aunt,
446 866 497 943 qui
519 866 550 925 iu
563 865 741 945 purgatorio
763 871 842 942 aunt,
866 862 905 923 de
916 862 1025 942 quibua
1044 863 1119 926 dieue

185 990 192 1011 .
226 948 407 1009 autoritates
432 966 494 1008 non
516 947 701 1027 loquuntur,
736 946 846 1025 quibus
875 964 977 1026 neque
997 945 1120 1009 redditun

227 1029 407 1091 eatbonuru
431 1030 687 1109 nequeuntem,
722 1036 755 1090 et
784 1031 829 1090 aio
861 1031 1066 1111 purgatorium
1085 1049 1122 1109 pa

226 1113 360 1174 medium
380 1114 575 1175 autoritatum
599 1131 723 1192 aemper
742 1113 869 1173 transiit.

615 1299 771 1360 Euoiua.

308 1450 398 1526 Quod
419 1470 454 1512 ee
475 1458 622 1530 manant,
650 1450 832 1512 eredereae
852 1455 885 1509 et
904 1450 984 1510 aoire
1004 1456 1125 1531 purgata

225 1534 301 1594 rium
333 1553 417 1613 eoae,
452 1534 531 1595 bene
553 1534 672 1614 aoeipio
696 1537 727 1595 et
748 1533 831 1613 priua
852 1533 936 1594 nori.
980 1531 1042 1594 Sed
1061 1532 1126 1612 quad

137 1635 139 1640 ·
225 1617 371 1696 negotiu
393 1635 481 1677 eaora
502 1615 660 1697 Soriptura
678 1616 889 1698 purgatorium
909 1614 1047 1695 probari,
1082 1615 1128 1676 trae

225 1705 371 1778 tanquam
393 1699 502 1760 saluum
537 1707 569 1760 et
588 1701 801 1780 graeeanioum
824 1717 960 1778 respuo,
982 1699 1014 1759 in
1035 1716 1128 1780 propo

225 1783 284 1842 aito
307 1802 450 1862 maneus,
487 1801 661 1862 quanquam
688 1802 748 1845 neo
781 1781 857 1841 illud
884 1800 944 1842 nee
966 1781 1029 1841 alia
1048 1781 1127 1843 multu

225 1866 342 1927 maiora
362 1873 470 1927 eontra
491 1873 652 1946 protervos
675 1872 707 1926 et
727 1866 899 1946 pertinaoea
921 1865 1129 1946 oonvineipoa

225 1950 296 2025 aiut,
317 1956 351 2008 ut
372 1948 410 2009 de
432 1948 507 2008 Ario
530 1956 561 2009 et
581 1949 649 2009 aliie
671 1948 821 2012 Patribus.
855 1947 897 2007 At
918 1947 1130 2028 quodpropter

225 2051 278 2092 rea
310 2031 385 2091 illud
413 2031 548 2108 dicatur,
581 2051 644 2093 non
667 2033 792 2112 reperiri
812 2032 843 2090 in
866 2029 1039 2110 Scriptura,
1071 2031 1130 2112 quia

226 2120 333 2175 eontra
353 2115 541 2193 pertinacem
562 2116 704 2176 aonriuoi
724 2132 788 2176 non
810 2114 926 2193 possit,
951 2120 999 2173 eat
1021 2115 1131 2175 omniuo

226 2198 395 2277 captiosum
418 2204 449 2257 et
469 2197 612 2277 religioni
634 2204 759 2259 nostrae
781 2196 954 2257 adversum.

307 2281 354 2340 De
375 2279 460 2340 libris
480 2279 748 2358 Maohabaeorum,
771 2298 849 2359 quoe
870 2278 947 2341 dioit
966 2279 1068 2340 faeere
1086 2296 1131 2359 pro

223 2362 373 2443 fidelibus,
395 2362 450 2424 aed
470 2382 534 2423 nou
551 2365 673 2424 esseio
695 2381 830 2441 eanone,
852 2369 884 2422 et
904 2362 990 2437 hoa·
1011 2363 1133 2442 inqua,

223 2445 333 2507 salsum
355 2454 420 2525 eat,
443 2448 582 2526 quamvis
602 2447 686 2507 enim
708 2445 790 2526 apud
811 2445 951 2506 Ebraeoe
972 2445 1004 2504 in
1027 2462 1134 2506 aanore

223 2547 286 2590 uon
307 2529 428 2607 fuerint,
450 2538 553 2590 tamen
576 2530 709 2591 eeclesia
729 2529 848 2608 reoepit
862 2545 917 2588 eoa
940 2529 972 2587 in
985 2545 1135 2605 eunoun,

223 2617 256 2671 ut
276 2612 367 2673 Pater
385 2613 510 2674 Domini
525 2613 622 2673 Patrio
638 2613 838 2694 Augustinus,
859 2611 940 2672 Libr.
962 2610 1001 2672 de
1024 2612 1136 2672 aivitate

224 2693 296 2772 Dei,
319 2702 455 2775 testatur,
477 2695 530 2765 lib.
562 2697 591 2760 8.
614 2703 645 2757 et
665 2696 696 2758 S.
717 2697 794 2777 lpho
817 2693 848 2773 l)
872 2697 904 2754 in
923 2695 986 2755 auis
1007 2693 1137 2755 Deoratia

223 2778 618 2865 aonsfitutionemvinserit,
646 2798 707 2859 quo
738 2778 871 2840 ecelesia
904 2777 1000 2839 libros
1021 2777 1136 2840 illoein

223 2879 375 2922 canonem
398 2863 521 2942 recepit.

307 2942 397 3018 Quod
417 2946 449 3005 in
471 2962 527 3005 auo
541 2945 713 3025 proposito,
735 2945 902 3025 persistere
923 2943 991 3005 vult
1005 2945 1138 3006 reveren·

223 3027 279 3088 dua
300 3027 390 3087 Pater
419 3027 553 3107 allegata
578 3047 634 3108 per
661 3047 710 3088 me
738 3027 924 3088 nonfacere
945 3026 985 3087 ad
1007 3029 1141 3108 propoeiae

224 3119 296 3187 tuni,
319 3129 398 3189 quae
419 3118 520 3171 tamen
543 3109 582 3170 de
603 3110 719 3171 direato
740 3112 769 3171 ei
787 3111 1022 3172 eontrariantur.
1044 3110 1137 3170 Primo

223 3194 304 3255 enim
325 3193 408 3272 quod
416 3192 492 3271 uiuit
509 3194 688 3254 autoritates
700 3193 933 3272 illaorespioere
953 3193 1077 3265 eoelum
1095 3192 1136 3253 vat

222 3276 383 3354 infernum,
393 3295 460 3347 non
469 3277 562 3355 iurat,
571 3277 643 3355 quin
653 3275 693 3336 de
704 3275 820 3338 direoto
833 3277 1135 3336 faciuntmentioneu

224 3358 263 3420 de
285 3366 366 3421 atutu
376 3358 515 3420 merendi
527 3366 558 3420 et
580 3359 759 3420 demerendi
774 3365 806 3420 et
816 3359 898 3419 huna
911 3365 1022 3420 statum
1041 3356 1136 3420 deflu-

223 3448 277 3502 unt
290 3450 388 3503 morte
402 3443 566 3504 terminari.
588 3442 704 3504 Contra
716 3442 903 3504 reverendus
914 3442 1006 3502 Pater
1018 3441 1101 3503 nullo
1109 3439 1135 3502 8.

222 3524 358 3586 Dootore
379 3527 502 3587 innixus
524 3525 618 3586 audet
632 3526 792 3587 animabus
813 3545 833 3586 a
856 3543 989 3606 eorpore
1012 3526 1134 3586 existen·

222 3607 302 3668 tibus
323 3610 484 3669 terminum
510 3609 644 3670 merendi
667 3628 855 3690 prorogare,
893 3616 924 3669 et
945 3609 1057 3668 merita
1074 3626 1134 3688 pur·

219 3692 331 3773 guterii
353 3693 384 3753 in
407 3692 500 3756 ooelo
523 3693 735 3771 remunerari,
769 3699 803 3752 et
828 3691 1003 3770 apostoliea
1024 3688 1135 3751 'elamat

237 3870 273 3941 1)
293 3830 444 3929 Loeaoher
465 3875 572 3929 notam
590 3865 713 3921 adierit:
746 3859 802 3912 iro
821 3854 1022 3906 Quarum.
