2709 4417
515 327 534 364 s
551 313 673 365 llotsriis
692 317 817 382 excepta.
1086 311 1129 378 ῠθ

207 480 379 542 nontuisse
393 479 432 542 ds
453 479 590 544 dioecesi
616 481 767 558 Romana,
791 481 844 542 sed
869 483 995 561 primam
1019 481 1132 548 adiisse

206 563 383 625 ecclesiam.
413 561 460 624 Ob
492 564 524 623 id
552 565 669 626 invicta
695 572 756 626 stat
786 563 887 624 adhuc
909 565 1052 644 Cypriani
1069 565 1132 636 ¹illu

205 647 363 708 sententia
384 645 521 708 nondum
543 647 655 709 solnta.
701 648 747 706 De
769 647 885 707 influxu
908 649 1016 724 miror,
1034 648 1130 728 ·,quod

206 729 297 790 affert
319 727 414 790 verba
431 749 505 796 ¹mea
524 730 631 804 fuisse,
656 749 726 790 oum
739 730 924 810 Cyprianum
948 738 1057 792 contra
1071 731 1131 798 Nu-

206 815 363 874 vatianum
389 811 579 890 adduxerim,
601 812 641 873 ad
666 831 756 892 quem
778 812 962 876 reverendus
976 813 1068 874 Pater
1088 814 1132 890 ni·

205 896 247 957 hil
269 894 440 975 respoudit.
1058 947 1061 956 .
1086 947 1089 960 .
1117 947 1121 962 ‚

289 978 337 1039 De
359 975 508 1051 Graecis,
531 978 630 1040 fateor
652 998 707 1040 eos
729 978 801 1040 olim
823 979 917 1040 luisse
940 977 1129 1042 Christianis-

204 1064 300 1122 simos
322 1068 354 1122 et
375 1059 580 1140 doctissimos,
603 1081 670 1122 oum
695 1063 785 1123 Rom.
806 1062 976 1122 Ecclesiam
1000 1063 1128 1141 primam

205 1143 405 1225 appellabant
435 1143 549 1206 sedem.
593 1144 653 1205 sed
684 1145 825 1223 superbia
858 1145 930 1205 elati
963 1152 993 1204 et
1013 1144 1131 1214 invidis

206 1227 311 1288 infecti
339 1226 379 1288 ab
408 1226 580 1287 obedientia
610 1228 699 1290 Rom.
722 1227 809 1288 Sedis
847 1248 881 1288 se
907 1227 1130 1306 subtrahentes,

206 1312 233 1370 in
257 1311 412 1390 pessimos
433 1309 605 1370 inciderunt
625 1329 755 1388 errores,
778 1317 809 1370 et
828 1311 918 1370 simul
945 1309 1036 1370 fidem
1060 1327 1127 1388 osup

136 1449 139 1456 .
206 1393 336 1474 imperio
373 1391 544 1472 perdidere.
574 1391 663 1466 Quod
693 1413 767 1454 vero
790 1393 956 1468 divinatur,
989 1413 1038 1454 me
1065 1391 1126 1456 non

207 1475 410 1536 exhibiturum
432 1474 579 1554 pollicita,
603 1485 634 1536 et
654 1484 865 1556 argumentum
884 1476 957 1536 fecit
977 1477 1128 1539 exMatth.

210 1561 262 1636 16,
292 1557 388 1618 miror
407 1557 616 1618 venerandum
640 1559 761 1619 Patrem
789 1558 934 1638 sophistis
967 1567 1027 1618 tam
1055 1559 1128 1620 infe-

207 1649 304 1719 stum,
326 1647 359 1700 et
379 1647 480 1700 tamen
504 1641 709 1720 sophistarum
732 1642 858 1702 cautelis
880 1641 1004 1721 pulchre
1029 1643 1129 1704 utitur.

124 1763 125 1786 r
206 1723 242 1784 Et
264 1742 337 1784 cum
359 1723 399 1782 sit
419 1722 629 1804 respondens,
659 1744 694 1786 se
724 1724 762 1785 ad
791 1733 910 1804 partem
943 1725 1127 1804 opponentis

123 1849 128 1857 ›
207 1806 359 1867 transfert.
381 1803 482 1879 Quare
503 1805 579 1866 nihil
601 1808 661 1867 iam
682 1807 872 1887 respondeo,
895 1807 949 1869 sed
972 1806 1054 1885 quod
1076 1827 1127 1887 pa

123 1941 130 1952 .
166 1906 168 1909 ·
205 1891 236 1949 tit
257 1908 318 1969 per
339 1907 389 1948 me
410 1887 543 1968 probari,
564 1890 713 1969 probabo,
735 1910 775 1950 ne
797 1909 919 1969 semper
936 1897 1054 1969 tempus
1077 1890 1127 1952 de-

205 1969 355 2033 liberandi
376 1969 538 2050 adportes
561 1991 632 2032 suas
654 1973 767 2033 veniat.

126 2105 131 2116 .
284 2055 447 2114 Postremo
472 2053 632 2114 obscurum
647 2055 815 2116 Bostarem
824 2053 1007 2114 Richardum
1020 2057 1126 2116 Amar-

141 2157 144 2164 ·
203 2156 313 2198 canum
335 2137 456 2200 reiicit,
491 2136 572 2196 illius
595 2137 728 2215 oblitus,
751 2137 832 2218 quod
854 2137 1040 2198 Richardum
1063 2137 1124 2197 dixi

204 2219 231 2279 id
260 2219 364 2282 faeere
392 2219 427 2280 Β.
448 2217 561 2280 Leonis
582 2222 754 2283 autoritate.
777 2220 873 2280 Porro
909 2219 939 2280 id
955 2239 1009 2279 ex
1039 2219 1126 2280 litera

205 2323 264 2365 non
291 2302 413 2377 evincit,
435 2300 518 2380 quod
542 2302 618 2380 petit
645 2305 875 2362 contentionem
897 2304 978 2361 inter
999 2301 1128 2381 discipu·

205 2386 249 2447 los
272 2385 403 2461 saetam,
433 2383 569 2446 Christus
600 2387 708 2446 merito
737 2385 940 2465 reprehendit
974 2384 1075 2459 Quare
1099 2392 1129 2444 et

204 2467 300 2530 verba
320 2465 431 2528 Christi
454 2468 489 2541 ⁴)
514 2469 558 2534 sio
580 2474 651 2527 sunt
671 2467 867 2548 accipienda,
897 2474 930 2527 ut
957 2468 1128 2528 contentio-

204 2571 271 2612 nem
295 2551 479 2630 reprimant,
500 2551 661 2630 primatum
686 2570 747 2611 non
769 2551 915 2611 auferant.
941 2549 983 2610 Et
1011 2556 1126 2610 textum

205 2633 359 2713 posterius
395 2630 551 2693 inductum
581 2631 678 2692 credit
705 2633 891 2694 reverendus
912 2632 1003 2693 Pater
1024 2633 1126 2694 faeere

205 2735 336 2795 prose,
371 2715 453 2794 quod
477 2713 612 2776 Christus
641 2715 802 2794 apostolos
824 2716 981 2777 vocaverit
1009 2715 1126 2784 fratres,

205 2801 290 2860 etita
311 2817 383 2860 eum
405 2817 467 2858 non
490 2798 596 2860 fecerit
617 2799 774 2861 maiorem.
797 2800 839 2858 At
861 2799 885 2857 si
908 2796 1002 2858 verba¹
1024 2806 1125 2858 textus

206 2882 409 2960 ponderaret,
442 2881 484 2940 uti
506 2879 583 2940 alias
605 2881 706 2942 facere
727 2881 827 2956 solet,
849 2883 908 2941 iam
931 2880 1050 2941 videret
1069 2880 1124 2940 Pe·

207 2973 281 3026 trum
304 2964 374 3024 aliis
395 2962 547 3042 apostolis
570 2965 769 3042 superiorem,
791 2982 860 3022 oum
885 2964 982 3024 maior
1003 2964 1043 3022 sit
1054 2982 1125 3024 con·

206 3045 328 3108 firmans
351 3044 542 3106 confirmato.
583 3043 652 3106 Hoo
673 3053 712 3106 de
734 3045 937 3106 solutionibus
960 3045 1083 3106 dictum.

288 3129 389 3188 Venio
412 3146 486 3208 ergo
508 3127 546 3188 sd
569 3128 747 3208 principale,
770 3129 852 3208 quod
875 3129 960 3208 petit,
981 3127 1124 3207 probatu·

208 3231 253 3274 rus
275 3213 439 3292 primatum
463 3211 613 3271 ecclesiae
633 3210 793 3271 Romanae
825 3230 894 3271 esse
924 3209 961 3272 de
989 3212 1054 3271 iure
1082 3210 1125 3270 di·

209 3297 275 3358 rino
299 3301 331 3354 et
353 3293 571 3354 constitutione
593 3293 728 3369 Christi,
749 3295 807 3363 ita,
830 3294 913 3373 quod
935 3294 1042 3354 Petrus
1064 3293 1124 3352 lue-

209 3378 241 3437 rit
263 3375 433 3438 monarcha
454 3375 613 3454 ecclesiae,
635 3376 788 3437 aOhn‘sto
810 3377 964 3436 institutus
977 3396 1046 3436 oum
1062 3377 1124 3434 suis

214 3458 444 3522 successoribus.
473 3458 531 3519 Pro
570 3478 631 3537 quo
663 3467 770 3539 repeto
799 3461 948 3520 rationem
977 3457 1124 3519 Bemardi

219 3543 360 3603 adactam
384 3550 414 3602 et
435 3539 570 3602 nondum
593 3541 735 3604 solutam.
777 3543 896 3622 Repeto
926 3541 1038 3602 dictum
1067 3539 1124 3622 (ty-

227 3625 302 3685 nani
325 3624 542 3704 paritormitcr,
578 3632 609 3684 et
635 3626 724 3686 tertio
747 3626 845 3705 probo
872 3645 927 3705 per
954 3625 1008 3684 illa
1031 3624 1124 3684 verba

243 3810 273 3876 ·)
295 3811 357 3862 Luc.
375 3810 416 3863 22,
