2709 4417
477 297 488 307 ’
508 333 667 392 eroum·
685 340 817 404 cmope-
1088 278 1128 401 {31

165 538 171 568 :
228 514 290 578 euin
309 515 475 595 quisquam
495 522 635 577 nostrum
657 519 838 599 episcopum
864 538 899 580 se
921 536 990 579 esse
1011 521 1129 600 episeo-

166 614 171 649 2
229 616 315 680 porum
347 598 543 677 eonstituit,
562 607 615 660 aut
648 602 808 680 tymnnieo
837 620 940 663 errore
972 601 1012 662 ed
1041 603 1129 664 obse-

228 678 321 763 quendi
342 682 561 742 neeessitetem
581 683 720 764 oollegas
752 703 826 745 suos
857 684 973 764 adigit,
1004 685 1128 765 quando

165 782 172 816 'a
228 761 424 825 utetmmnir
447 765 612 845 episeopus
632 784 689 845 pro
711 766 836 827 liuentia
857 760 1005 827 libertatis
1027 775 1059 827 et
1073 788 1127 848 po·

165 872 170 895 τ
227 846 327 907 motis
349 865 426 907 suae
447 846 602 907 arbitrium
620 849 793 928 proprium,
825 854 969 928 tanquam
1003 850 1042 910 ab
1065 850 1127 912 elio

165 944 189 978 i·
225 928 336 989 iudieari
357 947 421 988 non
442 930 551 1009 possit,
574 949 635 1009 quo
659 931 753 993 modo
776 951 834 992 neo
854 934 921 1012 ipse
935 939 1039 1011 potest
1054 933 1128 993 alte

226 1031 277 1072 nm
307 1010 461 1090 iudicare,
492 1012 548 1072 sed
576 1022 790 1094 exspeotemus
821 1016 955 1077 universi
983 1015 1127 1077 iudioium

225 1094 333 1154 Domini
352 1096 452 1154 noetri
471 1094 546 1154 Jesu
568 1095 689 1159 christi.

294 1174 386 1250 Quod
407 1183 510 1237 autem
532 1177 614 1257 dioit,
636 1179 808 1239 eRomans
828 1186 859 1240 et
880 1179 960 1239 Petri
983 1180 1127 1245 cathedr·

224 1266 309 1320 ortam
330 1276 402 1320 esse
423 1259 651 1320 saoerdotalem'
666 1262 829 1338 unitatem,
854 1261 1056 1322 libentissime
1075 1263 1127 1323 ad-

224 1343 307 1419 mitto,
328 1347 475 1421 quantum
498 1343 632 1422 pertinet
650 1342 692 1403 od
714 1343 877 1404 eeclesiam
896 1344 1127 1405 oomdenmlem.

223 1423 288 1484 llum
306 1441 418 1484 revera
448 1426 542 1485 etiam
565 1425 658 1486 Rom.
680 1426 812 1486 eoelesia
834 1433 901 1487 orte
929 1434 977 1486 est
998 1447 1038 1486 ex
1059 1427 1127 1487 Hie-

222 1505 449 1585 rosolymitano,
477 1507 555 1568 haee
575 1514 622 1568 est
643 1510 754 1569 matrix
774 1510 897 1588 proprie
923 1511 1058 1569 omnium
1081 1529 1127 1570 ee

222 1589 380 1649 etesiarum.
418 1588 480 1650 Sed
513 1608 571 1650 nee
597 1590 681 1653 velet
701 1592 939 1670 oonseuuentia,
971 1611 1010 1652 ex
1039 1592 1127 1654 Rom.

221 1670 343 1730 eoelesia
365 1679 434 1732 orta
461 1680 510 1732 est
535 1672 737 1741 sacerdotalis
757 1675 874 1752 unitas,
897 1693 970 1754 ergo
993 1676 1061 1754 ipse
1081 1684 1129 1735 est

221 1759 301 1833 eaput
320 1761 353 1814 et
372 1753 500 1815 domiuo
518 1757 657 1815 omnium
678 1757 792 1836 prime,
814 1756 949 1835 alioquin
972 1759 1127 1836 insuper*

223 1834 311 1896 blliter
330 1836 540 1915 oonoluderet,
559 1837 871 1919 Hierosolymitenem
894 1858 963 1901 esse
985 1847 1078 1919 oeput
1099 1846 1131 1899 et

219 1916 363 1981 dominnm
384 1920 532 1984 omnium.

288 2000 405 2062 Ultima
426 2003 574 2062 autoritas
605 2002 667 2062 divi
688 2003 869 2082 Hieronymi
896 2023 958 2063 non
980 2010 1064 2063 reete
1086 2006 1128 2063 in-

219 2083 325 2144 duoitur
345 2083 387 2144 eb
407 2085 536 2165 egregio
559 2085 596 2145 D.
618 2085 670 2163 D.,
704 2086 823 2145 etiamsi
844 2104 900 2165 per
921 2087 1025 2146 omnia
1046 2094 1139 2146 esset·

218 2184 282 2226 vera
300 2168 450 2228 autoritas
471 2167 671 2247 Hieronymi,
694 2169 766 2247 quia
786 2168 824 2232 Ι).
848 2169 886 2231 D.
908 2168 1039 2228 intendit
1058 2187 1125 2248 pro·

219 2249 280 2308 bere
306 2249 461 2311 eoelesiee
481 2250 570 2311 Rom.
603 2256 788 2329 potestatem
812 2252 1040 2311 monorohioam
1061 2253 1126 2310 iure

218 2330 310 2391 divino
332 2351 353 2393 a
374 2332 497 2393 Christo
518 2333 696 2393 institutam.
742 2333 811 2393 Hoo
833 2333 926 2394 verba
946 2333 1125 2413 Hieronymi

218 2432 267 2474 uon
288 2413 416 2494 liabent,
437 2415 510 2494 quia
532 2414 620 2475 dioit:
642 2416 700 2475 (lui
722 2416 747 2475 si
769 2434 832 2475 non
855 2434 963 2476 exsors
974 2417 1124 2495 quaedam

217 2495 247 2558 ab
265 2497 409 2559 omnibus
432 2499 571 2558 eminens
594 2496 683 2577 detur
703 2504 850 2578 potestas,
873 2504 920 2559 tot
940 2499 972 2558 in
988 2499 1126 2558 eeclesiis

217 2577 381 2640 adicientur
401 2580 584 2657 sehiamota,
622 2589 698 2659 quot
720 2580 906 2641 seuerdotes.
950 2581 1062 2660 Detur,
1083 2583 1125 2641 in·

218 2663 286 2741 quit,
315 2663 378 2723 hoo
399 2669 457 2741 eet,
479 2665 544 2723 iure
564 2662 698 2724 humano
720 2670 827 2743 posset
848 2662 912 2724 fieri
934 2666 1125 2724 eonsentien-

216 2743 286 2805 tibus
307 2746 420 2806 oeteris
448 2744 589 2807 omnibus
610 2744 760 2806 fidelibus.
803 2745 881 2805 Nam
904 2764 963 2805 neo
984 2765 1044 2825 ego
1066 2746 1126 2806 hoo

218 2844 304 2907 nego,
338 2829 364 2888 si
393 2829 608 2889 consenseriut
634 2830 728 2889 totius
750 2828 832 2888 orbis
854 2827 961 2888 fideles
983 2829 1015 2887 in
1037 2830 1126 2889 Rom.

218 2909 259 2969 rel
275 2910 490 2990 Parisieusem,
511 2911 562 2970 vel
575 2910 871 2991 Hagdeburgensem
891 2910 941 2970 vel
963 2929 1126 2990 quemoun·

219 3010 283 3072 oue,
317 2998 353 3052 ut
384 3000 469 3053 esset
493 2994 608 3072 primus
635 2994 778 3053 Pontifex
803 3001 836 3059 et
857 3008 1014 3071 summus,
1045 2993 1126 3054 huno

220 3080 333 3154 propter
366 3077 570 3136 reverentiam
606 3077 700 3136 totius
731 3076 881 3137 eooleaiae
914 3075 1048 3136 fidelium
1080 3079 1126 3139 sie

222 3159 428 3219 consentientis
449 3158 624 3219 habendum
647 3177 716 3220 esse
739 3178 890 3220 summum
916 3160 1125 3220 monarcham.

226 3238 282 3299 Duo
300 3248 401 3301 eutem
430 3260 531 3320 aeque
558 3242 671 3301 loetum
700 3248 748 3303 est
772 3259 920 3319 unquam,
953 3260 1054 3320 neque
1082 3241 1126 3317 lit,

225 3338 309 3401 neque
329 3322 398 3402 flet,
432 3341 502 3383 oum
533 3342 631 3403 usque
665 3322 704 3383 ad
727 3331 832 3384 nostre
854 3331 994 3403 tempora
1015 3342 1126 3405 graeou

225 3405 340 3545 {telesia
366 3425 429 3467 non
449 3407 659 3487 eonsenserit,
693 3425 793 3486 neque
827 3413 928 3467 temen
957 3409 996 3467 sit
1022 3407 1126 3468 habita

258 3489 370 3549 oretioe.
438 3546 441 3553 ,
508 3543 513 3547 .

293 3570 331 3632 m
351 3572 432 3632 hono
453 3590 524 3632 esse
543 3571 726 3632 sententiam
749 3572 786 3632 D.
808 3572 1003 3652 Hieronymi,
1027 3573 1124 3653 probo

229 3668 260 3709 ex
275 3655 401 3732 epistole
423 3654 463 3715 ad
482 3654 657 3734 Dvegrium,
685 3654 734 3714 ubi
755 3653 842 3715 dicit:
865 3654 1045 3734 Ubicunque
1063 3658 1123 3736 epi·

230 3748 321 3814 tmpus
341 3738 451 3815 luerit,
473 3738 540 3797 siva
560 3737 680 3797 Romae
701 3737 768 3798 sive
788 3737 935 3817 Dugubii,
957 3740 1022 3798 sive
1044 3739 1123 3799 Don-

232 3819 419 3901 mmiuopoli,
442 3820 508 3880 sive
528 3819 627 3899 Regii,
650 3821 715 3881 sive
731 3819 947 3900 Alexandriae,
969 3823 1034 3881 sive
1046 3821 1125 3880 The·
