<?xml version="1.0" encoding="UTF-8"?>
<!DOCTYPE html PUBLIC "-//W3C//DTD XHTML 1.0 Transitional//EN"
    "http://www.w3.org/TR/xhtml1/DTD/xhtml1-transitional.dtd">
<html xmlns="http://www.w3.org/1999/xhtml" xml:lang="en" lang="en">
 <head>
  <title>
</title>
<meta http-equiv="Content-Type" content="text/html;charset=utf-8" />
  <meta name='ocr-system' content='tesseract 3.04.00' />
  <meta name='ocr-capabilities' content='ocr_page ocr_carea ocr_par ocr_line ocrx_word'/>
</head>
<body>
  <div class='ocr_page' id='page_1' title='image "./operalatinavari00schmgoog_0354.png"; bbox 0 0 2709 4417; ppageno 0'>
   <div class='ocr_carea' id='block_1_1' title="bbox 260 374 959 444">
    <p class='ocr_par' dir='ltr' id='par_1_1' title="bbox 260 374 959 444">
     <span class='ocr_line' id='line_1_1' title="bbox 260 374 959 444; baseline -0.021 -4"><span class='ocrx_word' id='word_1_1' title='bbox 260 374 323 441; x_wconf 83' lang='lat'>342</span> <span class='ocrx_word' id='word_1_2' title='bbox 495 375 588 429; x_wconf 77' lang='lat' dir='ltr'>aeson</span> <span class='ocrx_word' id='word_1_3' title='bbox 609 376 634 425; x_wconf 83' lang='lat' dir='ltr'>L.</span> <span class='ocrx_word' id='word_1_4' title='bbox 655 391 739 444; x_wconf 84' lang='lat' dir='ltr'>snper</span> <span class='ocrx_word' id='word_1_5' title='bbox 757 374 959 443; x_wconf 86' lang='lat' dir='ltr'>Propositione</span> 
     </span>
    </p>
   </div>
   <div class='ocr_carea' id='block_1_2' title="bbox 160 560 1215 3700">
    <p class='ocr_par' dir='ltr' id='par_1_2' title="bbox 261 560 1173 1054">
     <span class='ocr_line' id='line_1_2' title="bbox 261 560 1172 643; baseline -0.003 -18"><span class='ocrx_word' id='word_1_6' title='bbox 261 566 404 625; x_wconf 84' lang='lat' dir='ltr'>Romano</span> <span class='ocrx_word' id='word_1_7' title='bbox 435 561 574 643; x_wconf 78' lang='lat' dir='ltr'>pontifici</span> <span class='ocrx_word' id='word_1_8' title='bbox 595 560 786 624; x_wconf 82' lang='lat' dir='ltr'>fidelitatem.</span> <span class='ocrx_word' id='word_1_9' title='bbox 825 560 936 621; x_wconf 86' lang='lat' dir='ltr'>Jurata</span> <span class='ocrx_word' id='word_1_10' title='bbox 965 568 1070 622; x_wconf 89' lang='lat' dir='ltr'>autem</span> <span class='ocrx_word' id='word_1_11' title='bbox 1092 560 1172 622; x_wconf 85' lang='lat' dir='ltr'>fideii·</span> 
     </span>
     <span class='ocr_line' id='line_1_3' title="bbox 263 643 1173 726; baseline 0 -21"><span class='ocrx_word' id='word_1_12' title='bbox 263 654 328 708; x_wconf 89' lang='lat' dir='ltr'>tate</span> <span class='ocrx_word' id='word_1_13' title='bbox 351 665 424 707; x_wconf 87' lang='lat' dir='ltr'>mox</span> <span class='ocrx_word' id='word_1_14' title='bbox 446 645 555 726; x_wconf 85' lang='lat' dir='ltr'>dignus</span> <span class='ocrx_word' id='word_1_15' title='bbox 579 663 612 704; x_wconf 88' lang='lat' dir='ltr'>es</span> <span class='ocrx_word' id='word_1_16' title='bbox 633 643 826 724; x_wconf 79' lang='lat' dir='ltr'>pontificari,</span> <span class='ocrx_word' id='word_1_17' title='bbox 861 645 929 703; x_wconf 88' lang='lat' dir='ltr'>sive</span> <span class='ocrx_word' id='word_1_18' title='bbox 962 643 1091 724; x_wconf 87' lang='lat' dir='ltr'>diligas,</span> <span class='ocrx_word' id='word_1_19' title='bbox 1121 646 1173 706; x_wconf 84' lang='lat' dir='ltr'>sire</span> 
     </span>
     <span class='ocr_line' id='line_1_4' title="bbox 262 726 1173 809; baseline 0 -21"><span class='ocrx_word' id='word_1_20' title='bbox 262 747 382 809; x_wconf 80' lang='lat' dir='ltr'>pasees,</span> <span class='ocrx_word' id='word_1_21' title='bbox 405 727 460 787; x_wconf 87' lang='lat' dir='ltr'>has</span> <span class='ocrx_word' id='word_1_22' title='bbox 482 729 564 788; x_wconf 89' lang='lat' dir='ltr'>enim</span> <span class='ocrx_word' id='word_1_23' title='bbox 577 727 773 788; x_wconf 82' lang='lat' dir='ltr'>conditiones</span> <span class='ocrx_word' id='word_1_24' title='bbox 790 726 931 788; x_wconf 82' lang='lat' dir='ltr'>Christus</span> <span class='ocrx_word' id='word_1_25' title='bbox 947 729 1093 807; x_wconf 89' lang='lat' dir='ltr'>requirat,</span> <span class='ocrx_word' id='word_1_26' title='bbox 1114 729 1173 806; x_wconf 88' lang='lat' dir='ltr'>quid</span> 
     </span>
     <span class='ocr_line' id='line_1_5' title="bbox 263 809 1173 887; baseline -0.001 -16"><span class='ocrx_word' id='word_1_27' title='bbox 263 811 303 871; x_wconf 88' lang='lat' dir='ltr'>de</span> <span class='ocrx_word' id='word_1_28' title='bbox 323 813 360 870; x_wconf 89' lang='lat' dir='ltr'>iis</span> <span class='ocrx_word' id='word_1_29' title='bbox 383 819 489 871; x_wconf 86' lang='lat' dir='ltr'>nostro</span> <span class='ocrx_word' id='word_1_30' title='bbox 512 810 641 870; x_wconf 79' lang='lat' dir='ltr'>seculo?</span> <span class='ocrx_word' id='word_1_31' title='bbox 663 827 722 869; x_wconf 86' lang='lat' dir='ltr'>neo</span> <span class='ocrx_word' id='word_1_32' title='bbox 742 809 804 869; x_wconf 87' lang='lat' dir='ltr'>hoe</span> <span class='ocrx_word' id='word_1_33' title='bbox 825 817 968 887; x_wconf 82' lang='lat' dir='ltr'>curetur,</span> <span class='ocrx_word' id='word_1_34' title='bbox 1001 828 1042 869; x_wconf 90' lang='lat' dir='ltr'>an</span> <span class='ocrx_word' id='word_1_35' title='bbox 1065 817 1173 871; x_wconf 82' lang='lat' dir='ltr'>sanetus</span> 
     </span>
     <span class='ocr_line' id='line_1_6' title="bbox 263 892 1173 972; baseline 0.001 -19"><span class='ocrx_word' id='word_1_36' title='bbox 263 893 434 972; x_wconf 78' lang='lat' dir='ltr'>doctusque</span> <span class='ocrx_word' id='word_1_37' title='bbox 461 895 522 971; x_wconf 86' lang='lat' dir='ltr'>sit,</span> <span class='ocrx_word' id='word_1_38' title='bbox 555 912 594 951; x_wconf 89' lang='lat' dir='ltr'>an</span> <span class='ocrx_word' id='word_1_39' title='bbox 621 893 743 952; x_wconf 87' lang='lat' dir='ltr'>minus?</span> <span class='ocrx_word' id='word_1_40' title='bbox 778 892 877 952; x_wconf 90' lang='lat' dir='ltr'>soium</span> <span class='ocrx_word' id='word_1_41' title='bbox 901 894 943 952; x_wconf 87' lang='lat' dir='ltr'>sit</span> <span class='ocrx_word' id='word_1_42' title='bbox 966 911 1075 952; x_wconf 87' lang='lat' dir='ltr'>servus</span> <span class='ocrx_word' id='word_1_43' title='bbox 1094 892 1173 954; x_wconf 85' lang='lat' dir='ltr'>Rom.</span> 
     </span>
     <span class='ocr_line' id='line_1_7' title="bbox 263 974 1172 1054; baseline -0.002 -18"><span class='ocrx_word' id='word_1_44' title='bbox 263 976 423 1036; x_wconf 78' lang='lat' dir='ltr'>ecelesiae.</span> <span class='ocrx_word' id='word_1_45' title='bbox 466 975 536 1034; x_wconf 88' lang='lat' dir='ltr'>Non</span> <span class='ocrx_word' id='word_1_46' title='bbox 560 974 632 1035; x_wconf 87' lang='lat' dir='ltr'>lieet</span> <span class='ocrx_word' id='word_1_47' title='bbox 654 975 774 1036; x_wconf 88' lang='lat' dir='ltr'>Christo</span> <span class='ocrx_word' id='word_1_48' title='bbox 797 975 948 1035; x_wconf 82' lang='lat' dir='ltr'><strong>libertatis</strong></span> <span class='ocrx_word' id='word_1_49' title='bbox 964 976 1172 1054; x_wconf 86' lang='lat' dir='ltr'>magistroser·</span> 
     </span>
    </p>

    <p class='ocr_par' dir='ltr' id='par_1_3' title="bbox 160 1055 1214 1302">
     <span class='ocr_line' id='line_1_8' title="bbox 160 1055 1171 1138; baseline 0 -22"><span class='ocrx_word' id='word_1_50' title='bbox 160 1078 165 1090; x_wconf 92' lang='lat'><strong>·</strong></span> <span class='ocrx_word' id='word_1_51' title='bbox 265 1059 338 1136; x_wconf 89' lang='lat' dir='ltr'>vire,</span> <span class='ocrx_word' id='word_1_52' title='bbox 361 1059 419 1116; x_wconf 93' lang='lat' dir='ltr'>nisi</span> <span class='ocrx_word' id='word_1_53' title='bbox 441 1059 570 1136; x_wconf 90' lang='lat' dir='ltr'>primum</span> <span class='ocrx_word' id='word_1_54' title='bbox 594 1055 650 1116; x_wconf 81' lang='lat' dir='ltr'>iias</span> <span class='ocrx_word' id='word_1_55' title='bbox 672 1059 803 1117; x_wconf 90' lang='lat' dir='ltr'>iuratum</span> <span class='ocrx_word' id='word_1_56' title='bbox 827 1059 1018 1138; x_wconf 81' lang='lat' dir='ltr'><strong>mancipium</strong></span> <span class='ocrx_word' id='word_1_57' title='bbox 1030 1057 1116 1118; x_wconf 84' lang='lat' dir='ltr'>Rom.</span> <span class='ocrx_word' id='word_1_58' title='bbox 1132 1077 1171 1117; x_wconf 87' lang='lat' dir='ltr'>eu-</span> 
     </span>
     <span class='ocr_line' id='line_1_9' title="bbox 263 1138 1170 1220; baseline -0.002 -20"><span class='ocrx_word' id='word_1_59' title='bbox 263 1142 335 1200; x_wconf 85' lang='lat' dir='ltr'>riae.</span> <span class='ocrx_word' id='word_1_60' title='bbox 379 1138 460 1200; x_wconf 80' lang='lat' dir='ltr'>Satis</span> <span class='ocrx_word' id='word_1_61' title='bbox 482 1148 530 1199; x_wconf 90' lang='lat' dir='ltr'>est</span> <span class='ocrx_word' id='word_1_62' title='bbox 548 1139 587 1199; x_wconf 92' lang='lat' dir='ltr'>ab</span> <span class='ocrx_word' id='word_1_63' title='bbox 609 1140 755 1220; x_wconf 87' lang='lat' dir='ltr'>exemplo</span> <span class='ocrx_word' id='word_1_64' title='bbox 768 1139 880 1201; x_wconf 83' lang='lat' dir='ltr'>Christi</span> <span class='ocrx_word' id='word_1_65' title='bbox 902 1139 1061 1216; x_wconf 76' lang='lat' dir='ltr'>didicisse,</span> <span class='ocrx_word' id='word_1_66' title='bbox 1083 1159 1170 1218; x_wconf 85' lang='lat' dir='ltr'>qnan-</span> 
     </span>
     <span class='ocr_line' id='line_1_10' title="bbox 264 1222 1214 1302; baseline 0.001 -21"><span class='ocrx_word' id='word_1_67' title='bbox 264 1222 338 1283; x_wconf 83' lang='lat' dir='ltr'>libet</span> <span class='ocrx_word' id='word_1_68' title='bbox 359 1222 568 1282; x_wconf 87' lang='lat' dir='ltr'>eonditionem</span> <span class='ocrx_word' id='word_1_69' title='bbox 592 1222 735 1282; x_wconf 84' lang='lat' dir='ltr'>fratribus</span> <span class='ocrx_word' id='word_1_70' title='bbox 764 1223 856 1281; x_wconf 90' lang='lat' dir='ltr'>etiam</span> <span class='ocrx_word' id='word_1_71' title='bbox 885 1224 1108 1302; x_wconf 77' lang='lat' dir='ltr'>iniquissimam</span> <span class='ocrx_word' id='word_1_72' title='bbox 1127 1224 1169 1282; x_wconf 88' lang='lat' dir='ltr'>im·</span> <span class='ocrx_word' id='word_1_73' title='bbox 1213 1282 1214 1289; x_wconf 67' lang='grc'>,</span> 
     </span>
    </p>

    <p class='ocr_par' dir='ltr' id='par_1_4' title="bbox 175 1304 1203 1467">
     <span class='ocr_line' id='line_1_11' title="bbox 175 1304 1203 1384; baseline 0 -19"><span class='ocrx_word' id='word_1_74' title='bbox 175 1326 178 1331; x_wconf 93' lang='grc'><em>·</em></span> <span class='ocrx_word' id='word_1_75' title='bbox 263 1323 380 1384; x_wconf 90' lang='lat' dir='ltr'>ponere</span> <span class='ocrx_word' id='word_1_76' title='bbox 401 1325 457 1382; x_wconf 88' lang='lat' dir='ltr'>pro</span> <span class='ocrx_word' id='word_1_77' title='bbox 479 1304 586 1384; x_wconf 88' lang='lat' dir='ltr'>libito,</span> <span class='ocrx_word' id='word_1_78' title='bbox 615 1306 715 1384; x_wconf 90' lang='lat' dir='ltr'>ipsam</span> <span class='ocrx_word' id='word_1_79' title='bbox 738 1323 812 1365; x_wconf 87' lang='lat' dir='ltr'>vero</span> <span class='ocrx_word' id='word_1_80' title='bbox 836 1305 950 1365; x_wconf 83' lang='lat' dir='ltr'>Christi</span> <span class='ocrx_word' id='word_1_81' title='bbox 973 1305 1167 1366; x_wconf 86' lang='lat' dir='ltr'>oonditiouen</span> <span class='ocrx_word' id='word_1_82' title='bbox 1197 1306 1203 1315; x_wconf 87' lang='lat'><em>&#39;</em></span> 
     </span>
     <span class='ocr_line' id='line_1_12' title="bbox 262 1387 805 1467; baseline -0.002 -20"><span class='ocrx_word' id='word_1_83' title='bbox 262 1407 304 1447; x_wconf 89' lang='lat' dir='ltr'>ne</span> <span class='ocrx_word' id='word_1_84' title='bbox 325 1387 446 1467; x_wconf 82' lang='lat' dir='ltr'>syllaba</span> <span class='ocrx_word' id='word_1_85' title='bbox 469 1387 591 1467; x_wconf 92' lang='lat' dir='ltr'>quidem</span> <span class='ocrx_word' id='word_1_86' title='bbox 616 1389 805 1448; x_wconf 81' lang='lat' dir='ltr'>meminisse.</span> 
     </span>
    </p>

    <p class='ocr_par' dir='ltr' id='par_1_5' title="bbox 263 1469 1215 2872">
     <span class='ocr_line' id='line_1_13' title="bbox 349 1469 1214 1550; baseline 0 -20"><span class='ocrx_word' id='word_1_87' title='bbox 349 1469 409 1530; x_wconf 81' lang='lat' dir='ltr'>Sed</span> <span class='ocrx_word' id='word_1_88' title='bbox 437 1469 592 1550; x_wconf 81' lang='lat' dir='ltr'>responde</span> <span class='ocrx_word' id='word_1_89' title='bbox 619 1470 721 1530; x_wconf 86' lang='lat' dir='ltr'>adhue</span> <span class='ocrx_word' id='word_1_90' title='bbox 742 1470 856 1547; x_wconf 81' lang='lat' dir='ltr'>semel,</span> <span class='ocrx_word' id='word_1_91' title='bbox 880 1469 1058 1548; x_wconf 78' lang='lat' dir='ltr'>Paschaiis,</span> <span class='ocrx_word' id='word_1_92' title='bbox 1079 1478 1166 1530; x_wconf 88' lang='lat' dir='ltr'>tuote</span> <span class='ocrx_word' id='word_1_93' title='bbox 1212 1471 1214 1492; x_wconf 84' lang='lat'><strong>²</strong></span> 
     </span>
     <span class='ocr_line' id='line_1_14' title="bbox 263 1545 1214 1632; baseline 0.001 -21"><span class='ocrx_word' id='word_1_94' title='bbox 263 1552 376 1613; x_wconf 83' lang='lat' dir='ltr'>iudicio</span> <span class='ocrx_word' id='word_1_95' title='bbox 408 1561 490 1632; x_wconf 89' lang='lat' dir='ltr'>peto.</span> <span class='ocrx_word' id='word_1_96' title='bbox 534 1553 566 1612; x_wconf 84' lang='lat' dir='ltr'>Si</span> <span class='ocrx_word' id='word_1_97' title='bbox 588 1552 725 1613; x_wconf 83' lang='lat' dir='ltr'>Christus</span> <span class='ocrx_word' id='word_1_98' title='bbox 758 1552 969 1613; x_wconf 80' lang='lat' dir='ltr'>conditionem</span> <span class='ocrx_word' id='word_1_99' title='bbox 1004 1552 1045 1612; x_wconf 92' lang='lat' dir='ltr'>ibi</span> <span class='ocrx_word' id='word_1_100' title='bbox 1066 1555 1165 1632; x_wconf 72' lang='lat' dir='ltr'>posuit</span> <span class='ocrx_word' id='word_1_101' title='bbox 1211 1545 1214 1574; x_wconf 70' lang='lat'>³</span> 
     </span>
     <span class='ocr_line' id='line_1_15' title="bbox 263 1634 1214 1713; baseline 0.001 -19"><span class='ocrx_word' id='word_1_102' title='bbox 263 1642 296 1696; x_wconf 87' lang='lat' dir='ltr'>ut</span> <span class='ocrx_word' id='word_1_103' title='bbox 318 1634 404 1712; x_wconf 88' lang='lat' dir='ltr'>diois,</span> <span class='ocrx_word' id='word_1_104' title='bbox 427 1637 488 1694; x_wconf 86' lang='lat' dir='ltr'>ism</span> <span class='ocrx_word' id='word_1_105' title='bbox 511 1642 563 1696; x_wconf 93' lang='lat' dir='ltr'>tuo</span> <span class='ocrx_word' id='word_1_106' title='bbox 579 1653 634 1696; x_wconf 88' lang='lat' dir='ltr'>ore</span> <span class='ocrx_word' id='word_1_107' title='bbox 647 1634 822 1713; x_wconf 86' lang='lat' dir='ltr'>definimus,</span> <span class='ocrx_word' id='word_1_108' title='bbox 845 1635 963 1695; x_wconf 88' lang='lat' dir='ltr'>nullum</span> <span class='ocrx_word' id='word_1_109' title='bbox 987 1653 1057 1696; x_wconf 91' lang='lat' dir='ltr'>esse</span> <span class='ocrx_word' id='word_1_110' title='bbox 1072 1635 1165 1696; x_wconf 87' lang='lat' dir='ltr'>Rom-</span> <span class='ocrx_word' id='word_1_111' title='bbox 1209 1700 1214 1709; x_wconf 22' lang='lat'>,¹</span> 
     </span>
     <span class='ocr_line' id='line_1_16' title="bbox 264 1713 1215 1799; baseline 0.001 -23"><span class='ocrx_word' id='word_1_112' title='bbox 264 1735 335 1777; x_wconf 92' lang='lat' dir='ltr'>num</span> <span class='ocrx_word' id='word_1_113' title='bbox 358 1716 546 1797; x_wconf 77' lang='lat' dir='ltr'>pontificem,</span> <span class='ocrx_word' id='word_1_114' title='bbox 569 1719 627 1778; x_wconf 90' lang='lat' dir='ltr'>nisi</span> <span class='ocrx_word' id='word_1_115' title='bbox 645 1718 752 1799; x_wconf 88' lang='lat' dir='ltr'>diligat</span> <span class='ocrx_word' id='word_1_116' title='bbox 773 1737 811 1778; x_wconf 89' lang='lat' dir='ltr'>ae</span> <span class='ocrx_word' id='word_1_117' title='bbox 826 1724 944 1798; x_wconf 85' lang='lat' dir='ltr'>paseat,</span> <span class='ocrx_word' id='word_1_118' title='bbox 968 1718 1041 1796; x_wconf 91' lang='lat' dir='ltr'>quia</span> <span class='ocrx_word' id='word_1_119' title='bbox 1061 1725 1164 1798; x_wconf 83' lang='lat' dir='ltr'>paetum</span> <span class='ocrx_word' id='word_1_120' title='bbox 1208 1713 1215 1757; x_wconf 75' lang='lat'>‘²</span> 
     </span>
     <span class='ocr_line' id='line_1_17' title="bbox 264 1799 1164 1880; baseline 0 -20"><span class='ocrx_word' id='word_1_121' title='bbox 264 1805 296 1860; x_wconf 86' lang='lat' dir='ltr'>et</span> <span class='ocrx_word' id='word_1_122' title='bbox 327 1801 504 1861; x_wconf 90' lang='lat' dir='ltr'>eommissio</span> <span class='ocrx_word' id='word_1_123' title='bbox 537 1800 774 1880; x_wconf 72' lang='lat' dir='ltr'>conditionalis,</span> <span class='ocrx_word' id='word_1_124' title='bbox 809 1803 835 1862; x_wconf 90' lang='lat' dir='ltr'>si</span> <span class='ocrx_word' id='word_1_125' title='bbox 868 1799 1007 1861; x_wconf 76' lang='lat' dir='ltr'>conditio</span> <span class='ocrx_word' id='word_1_126' title='bbox 1030 1818 1090 1861; x_wconf 92' lang='lat' dir='ltr'>non</span> <span class='ocrx_word' id='word_1_127' title='bbox 1109 1807 1164 1878; x_wconf 69' lang='lat' dir='ltr'>stet</span> 
     </span>
     <span class='ocr_line' id='line_1_18' title="bbox 264 1882 1214 1964; baseline 0 -22"><span class='ocrx_word' id='word_1_128' title='bbox 264 1900 327 1943; x_wconf 92' lang='lat' dir='ltr'>non</span> <span class='ocrx_word' id='word_1_129' title='bbox 354 1882 447 1944; x_wconf 85' lang='lat' dir='ltr'>valet.</span> <span class='ocrx_word' id='word_1_130' title='bbox 489 1883 556 1944; x_wconf 88' lang='lat' dir='ltr'>Tuo</span> <span class='ocrx_word' id='word_1_131' title='bbox 589 1903 663 1964; x_wconf 86' lang='lat' dir='ltr'>ergo</span> <span class='ocrx_word' id='word_1_132' title='bbox 692 1883 922 1964; x_wconf 76' lang='lat' dir='ltr'>enthymemate</span> <span class='ocrx_word' id='word_1_133' title='bbox 951 1889 1029 1948; x_wconf 81' lang='lat' dir='ltr'>utar.</span> <span class='ocrx_word' id='word_1_134' title='bbox 1077 1883 1164 1943; x_wconf 78' lang='lat' dir='ltr'>Archi</span> <span class='ocrx_word' id='word_1_135' title='bbox 1210 1896 1214 1902; x_wconf 84' lang='lat'>·</span> 
     </span>
     <span class='ocr_line' id='line_1_19' title="bbox 265 1966 1164 2046; baseline 0 -20"><span class='ocrx_word' id='word_1_136' title='bbox 265 1967 429 2046; x_wconf 87' lang='lat' dir='ltr'>episeopus</span> <span class='ocrx_word' id='word_1_137' title='bbox 459 1967 693 2027; x_wconf 86' lang='lat' dir='ltr'>Panormitanus</span> <span class='ocrx_word' id='word_1_138' title='bbox 720 1967 787 2026; x_wconf 91' lang='lat' dir='ltr'>sine</span> <span class='ocrx_word' id='word_1_139' title='bbox 816 1966 996 2028; x_wconf 79' lang='lat' dir='ltr'>conditione</span> <span class='ocrx_word' id='word_1_140' title='bbox 1022 1966 1164 2026; x_wconf 79' lang='lat' dir='ltr'>iuramenti</span> 
     </span>
     <span class='ocr_line' id='line_1_20' title="bbox 266 2048 1164 2130; baseline -0.001 -22"><span class='ocrx_word' id='word_1_141' title='bbox 266 2049 402 2128; x_wconf 85' lang='lat' dir='ltr'>praestiti</span> <span class='ocrx_word' id='word_1_142' title='bbox 424 2048 455 2109; x_wconf 90' lang='lat' dir='ltr'>in</span> <span class='ocrx_word' id='word_1_143' title='bbox 485 2048 567 2109; x_wconf 88' lang='lat' dir='ltr'>faoto</span> <span class='ocrx_word' id='word_1_144' title='bbox 591 2067 652 2110; x_wconf 93' lang='lat' dir='ltr'>non</span> <span class='ocrx_word' id='word_1_145' title='bbox 676 2056 724 2109; x_wconf 89' lang='lat' dir='ltr'>est</span> <span class='ocrx_word' id='word_1_146' title='bbox 745 2052 919 2130; x_wconf 86' lang='lat' dir='ltr'>episeopus.</span> <span class='ocrx_word' id='word_1_147' title='bbox 962 2048 1048 2129; x_wconf 81' lang='lat' dir='ltr'>Ergo</span> <span class='ocrx_word' id='word_1_148' title='bbox 1070 2067 1122 2108; x_wconf 85' lang='lat' dir='ltr'>nee</span> <span class='ocrx_word' id='word_1_149' title='bbox 1140 2055 1164 2107; x_wconf 86' lang='lat' dir='ltr'>tu</span> 
     </span>
     <span class='ocr_line' id='line_1_21' title="bbox 266 2129 1164 2213; baseline -0.001 -23"><span class='ocrx_word' id='word_1_150' title='bbox 266 2130 366 2210; x_wconf 88' lang='lat' dir='ltr'>Papa,</span> <span class='ocrx_word' id='word_1_151' title='bbox 394 2131 451 2190; x_wconf 91' lang='lat' dir='ltr'>nisi</span> <span class='ocrx_word' id='word_1_152' title='bbox 480 2132 511 2191; x_wconf 93' lang='lat' dir='ltr'>in</span> <span class='ocrx_word' id='word_1_153' title='bbox 542 2131 624 2193; x_wconf 83' lang='lat' dir='ltr'>fanto</span> <span class='ocrx_word' id='word_1_154' title='bbox 652 2134 782 2212; x_wconf 90' lang='lat' dir='ltr'>primum</span> <span class='ocrx_word' id='word_1_155' title='bbox 812 2142 951 2213; x_wconf 78' lang='lat' dir='ltr'>praestes</span> <span class='ocrx_word' id='word_1_156' title='bbox 974 2129 1164 2192; x_wconf 81' lang='lat' dir='ltr'>conditionem</span> 
     </span>
     <span class='ocr_line' id='line_1_22' title="bbox 265 2213 1214 2293; baseline 0 -21"><span class='ocrx_word' id='word_1_157' title='bbox 265 2214 378 2273; x_wconf 87' lang='lat' dir='ltr'>amoris</span> <span class='ocrx_word' id='word_1_158' title='bbox 401 2221 431 2273; x_wconf 89' lang='lat' dir='ltr'>et</span> <span class='ocrx_word' id='word_1_159' title='bbox 451 2233 594 2293; x_wconf 84' lang='lat' dir='ltr'>pesonae.</span> <span class='ocrx_word' id='word_1_160' title='bbox 640 2213 728 2289; x_wconf 75' lang='lat' dir='ltr'>Quae</span> <span class='ocrx_word' id='word_1_161' title='bbox 751 2216 776 2274; x_wconf 90' lang='lat' dir='ltr'>si</span> <span class='ocrx_word' id='word_1_162' title='bbox 789 2235 864 2276; x_wconf 90' lang='lat' dir='ltr'>vera</span> <span class='ocrx_word' id='word_1_163' title='bbox 875 2221 956 2291; x_wconf 88' lang='lat' dir='ltr'>sunt,</span> <span class='ocrx_word' id='word_1_164' title='bbox 978 2215 1040 2273; x_wconf 91' lang='lat' dir='ltr'>iam</span> <span class='ocrx_word' id='word_1_165' title='bbox 1062 2216 1090 2273; x_wconf 94' lang='lat' dir='ltr'>in</span> <span class='ocrx_word' id='word_1_166' title='bbox 1112 2233 1165 2273; x_wconf 80' lang='lat' dir='ltr'>sex·</span> <span class='ocrx_word' id='word_1_167' title='bbox 1213 2213 1214 2219; x_wconf 74' lang='grc'>’</span> 
     </span>
     <span class='ocr_line' id='line_1_23' title="bbox 266 2297 1164 2377; baseline -0.001 -21"><span class='ocrx_word' id='word_1_168' title='bbox 266 2297 362 2356; x_wconf 81' lang='lat' dir='ltr'>centis</span> <span class='ocrx_word' id='word_1_169' title='bbox 393 2297 481 2355; x_wconf 91' lang='lat' dir='ltr'>annis</span> <span class='ocrx_word' id='word_1_170' title='bbox 510 2317 572 2357; x_wconf 91' lang='lat' dir='ltr'>non</span> <span class='ocrx_word' id='word_1_171' title='bbox 600 2297 760 2357; x_wconf 85' lang='lat' dir='ltr'>habuimus</span> <span class='ocrx_word' id='word_1_172' title='bbox 788 2299 913 2377; x_wconf 85' lang='lat' dir='ltr'>Papam.</span> <span class='ocrx_word' id='word_1_173' title='bbox 954 2297 1063 2357; x_wconf 88' lang='lat' dir='ltr'>Nullus</span> <span class='ocrx_word' id='word_1_174' title='bbox 1097 2298 1164 2355; x_wconf 89' lang='lat' dir='ltr'>enin</span> 
     </span>
     <span class='ocr_line' id='line_1_24' title="bbox 264 2378 1166 2459; baseline -0.001 -20"><span class='ocrx_word' id='word_1_175' title='bbox 264 2378 370 2439; x_wconf 79' lang='lat' dir='ltr'>docuit</span> <span class='ocrx_word' id='word_1_176' title='bbox 392 2397 449 2438; x_wconf 91' lang='lat' dir='ltr'>nos</span> <span class='ocrx_word' id='word_1_177' title='bbox 471 2379 596 2440; x_wconf 89' lang='lat' dir='ltr'>verbum</span> <span class='ocrx_word' id='word_1_178' title='bbox 618 2381 686 2441; x_wconf 89' lang='lat' dir='ltr'>Dei.</span> <span class='ocrx_word' id='word_1_179' title='bbox 731 2380 797 2440; x_wconf 88' lang='lat' dir='ltr'>Neo</span> <span class='ocrx_word' id='word_1_180' title='bbox 818 2379 941 2454; x_wconf 85' lang='lat' dir='ltr'>suffieit,</span> <span class='ocrx_word' id='word_1_181' title='bbox 964 2379 1166 2459; x_wconf 82' lang='lat' dir='ltr'>quodpromit</span> 
     </span>
     <span class='ocr_line' id='line_1_25' title="bbox 265 2462 1167 2542; baseline -0.001 -21"><span class='ocrx_word' id='word_1_182' title='bbox 265 2468 311 2522; x_wconf 88' lang='lat' dir='ltr'>tas</span> <span class='ocrx_word' id='word_1_183' title='bbox 334 2468 365 2521; x_wconf 87' lang='lat' dir='ltr'>te</span> <span class='ocrx_word' id='word_1_184' title='bbox 386 2469 573 2538; x_wconf 87' lang='lat' dir='ltr'>amaturum,</span> <span class='ocrx_word' id='word_1_185' title='bbox 605 2463 675 2542; x_wconf 92' lang='lat' dir='ltr'>quia</span> <span class='ocrx_word' id='word_1_186' title='bbox 706 2462 760 2523; x_wconf 86' lang='lat' dir='ltr'>tibi</span> <span class='ocrx_word' id='word_1_187' title='bbox 786 2483 849 2524; x_wconf 93' lang='lat' dir='ltr'>non</span> <span class='ocrx_word' id='word_1_188' title='bbox 880 2462 993 2522; x_wconf 85' lang='lat' dir='ltr'>suffieit</span> <span class='ocrx_word' id='word_1_189' title='bbox 1020 2463 1167 2542; x_wconf 88' lang='lat' dir='ltr'>promissio</span> 
     </span>
     <span class='ocr_line' id='line_1_26' title="bbox 264 2545 1167 2626; baseline 0 -22"><span class='ocrx_word' id='word_1_190' title='bbox 264 2545 406 2620; x_wconf 89' lang='lat' dir='ltr'>iuraturi,</span> <span class='ocrx_word' id='word_1_191' title='bbox 439 2545 492 2604; x_wconf 88' lang='lat' dir='ltr'>sed</span> <span class='ocrx_word' id='word_1_192' title='bbox 516 2545 595 2607; x_wconf 88' lang='lat' dir='ltr'>siout</span> <span class='ocrx_word' id='word_1_193' title='bbox 624 2555 655 2605; x_wconf 93' lang='lat' dir='ltr'>tu</span> <span class='ocrx_word' id='word_1_194' title='bbox 678 2565 698 2605; x_wconf 92' lang='lat' dir='ltr'>a</span> <span class='ocrx_word' id='word_1_195' title='bbox 729 2547 823 2606; x_wconf 84' lang='lat' dir='ltr'>fratre</span> <span class='ocrx_word' id='word_1_196' title='bbox 849 2547 948 2626; x_wconf 84' lang='lat' dir='ltr'>exigis</span> <span class='ocrx_word' id='word_1_197' title='bbox 972 2545 1167 2605; x_wconf 88' lang='lat' dir='ltr'>eonditionen</span> 
     </span>
     <span class='ocr_line' id='line_1_27' title="bbox 264 2627 1169 2704; baseline 0.001 -18"><span class='ocrx_word' id='word_1_198' title='bbox 264 2627 295 2686; x_wconf 91' lang='lat' dir='ltr'>in</span> <span class='ocrx_word' id='word_1_199' title='bbox 318 2627 408 2704; x_wconf 86' lang='lat' dir='ltr'>iaeto,</span> <span class='ocrx_word' id='word_1_200' title='bbox 431 2627 473 2685; x_wconf 87' lang='lat' dir='ltr'>ita</span> <span class='ocrx_word' id='word_1_201' title='bbox 495 2646 552 2687; x_wconf 87' lang='lat' dir='ltr'>nos</span> <span class='ocrx_word' id='word_1_202' title='bbox 575 2628 700 2688; x_wconf 90' lang='lat' dir='ltr'>nomine</span> <span class='ocrx_word' id='word_1_203' title='bbox 713 2628 824 2690; x_wconf 82' lang='lat' dir='ltr'>Christi</span> <span class='ocrx_word' id='word_1_204' title='bbox 839 2630 987 2689; x_wconf 90' lang='lat' dir='ltr'>maiorem</span> <span class='ocrx_word' id='word_1_205' title='bbox 1011 2629 1090 2687; x_wconf 87' lang='lat' dir='ltr'>hane</span> <span class='ocrx_word' id='word_1_206' title='bbox 1110 2646 1169 2687; x_wconf 88' lang='lat' dir='ltr'>eon·</span> 
     </span>
     <span class='ocr_line' id='line_1_28' title="bbox 266 2709 1168 2790; baseline 0 -22"><span class='ocrx_word' id='word_1_207' title='bbox 266 2709 413 2769; x_wconf 91' lang='lat' dir='ltr'>ditionem</span> <span class='ocrx_word' id='word_1_208' title='bbox 438 2710 587 2790; x_wconf 83' lang='lat' dir='ltr'>exigimus</span> <span class='ocrx_word' id='word_1_209' title='bbox 611 2712 641 2769; x_wconf 94' lang='lat' dir='ltr'>in</span> <span class='ocrx_word' id='word_1_210' title='bbox 663 2711 762 2790; x_wconf 82' lang='lat' dir='ltr'>faot0,</span> <span class='ocrx_word' id='word_1_211' title='bbox 791 2719 844 2772; x_wconf 87' lang='lat' dir='ltr'>aut</span> <span class='ocrx_word' id='word_1_212' title='bbox 864 2719 917 2770; x_wconf 90' lang='lat' dir='ltr'>tua</span> <span class='ocrx_word' id='word_1_213' title='bbox 939 2712 1103 2771; x_wconf 87' lang='lat' dir='ltr'>autoritate</span> <span class='ocrx_word' id='word_1_214' title='bbox 1122 2710 1168 2769; x_wconf 84' lang='lat' dir='ltr'>Pa·</span> 
     </span>
     <span class='ocr_line' id='line_1_29' title="bbox 264 2811 517 2872; baseline 0.004 -21"><span class='ocrx_word' id='word_1_215' title='bbox 264 2811 335 2872; x_wconf 90' lang='lat' dir='ltr'>pam</span> <span class='ocrx_word' id='word_1_216' title='bbox 359 2811 517 2872; x_wconf 85' lang='lat' dir='ltr'>negamus.</span> 
     </span>
    </p>

    <p class='ocr_par' dir='ltr' id='par_1_6' title="bbox 266 2873 1214 3700">
     <span class='ocr_line' id='line_1_30' title="bbox 350 2873 1214 2963; baseline 0 -29"><span class='ocrx_word' id='word_1_217' title='bbox 350 2873 430 2949; x_wconf 78' lang='lat' dir='ltr'>Quid</span> <span class='ocrx_word' id='word_1_218' title='bbox 452 2874 502 2934; x_wconf 87' lang='lat' dir='ltr'>hio</span> <span class='ocrx_word' id='word_1_219' title='bbox 523 2875 637 2935; x_wconf 85' lang='lat' dir='ltr'>sanies?</span> <span class='ocrx_word' id='word_1_220' title='bbox 671 2875 757 2935; x_wconf 90' lang='lat' dir='ltr'>vides</span> <span class='ocrx_word' id='word_1_221' title='bbox 780 2894 873 2956; x_wconf 88' lang='lat' dir='ltr'>ergo,</span> <span class='ocrx_word' id='word_1_222' title='bbox 905 2895 997 2955; x_wconf 88' lang='lat' dir='ltr'>qnam</span> <span class='ocrx_word' id='word_1_223' title='bbox 1021 2876 1169 2956; x_wconf 85' lang='lat' dir='ltr'>impatiens</span> <span class='ocrx_word' id='word_1_224' title='bbox 1213 2946 1214 2963; x_wconf 13' lang='grc' dir='ltr'>χ</span> 
     </span>
     <span class='ocr_line' id='line_1_31' title="bbox 267 2957 1170 3038; baseline -0.001 -21"><span class='ocrx_word' id='word_1_225' title='bbox 267 2957 469 3037; x_wconf 82' lang='lat' dir='ltr'>sitSoriptura</span> <span class='ocrx_word' id='word_1_226' title='bbox 482 2959 697 3038; x_wconf 81' lang='lat' dir='ltr'>corruptionis,</span> <span class='ocrx_word' id='word_1_227' title='bbox 719 2977 812 3037; x_wconf 89' lang='lat' dir='ltr'>quam</span> <span class='ocrx_word' id='word_1_228' title='bbox 834 2977 932 3019; x_wconf 84' lang='lat' dir='ltr'>vanos</span> <span class='ocrx_word' id='word_1_229' title='bbox 953 2959 1097 3019; x_wconf 85' lang='lat' dir='ltr'>ostendat</span> <span class='ocrx_word' id='word_1_230' title='bbox 1117 2977 1170 3033; x_wconf 88' lang='lat' dir='ltr'>eos,</span> 
     </span>
     <span class='ocr_line' id='line_1_32' title="bbox 267 3040 1170 3122; baseline 0.001 -23"><span class='ocrx_word' id='word_1_231' title='bbox 267 3041 376 3122; x_wconf 88' lang='lat' dir='ltr'>quise</span> <span class='ocrx_word' id='word_1_232' title='bbox 399 3040 562 3104; x_wconf 81' lang='lat' dir='ltr'>maculant.</span> <span class='ocrx_word' id='word_1_233' title='bbox 603 3040 710 3101; x_wconf 87' lang='lat' dir='ltr'>Noluit</span> <span class='ocrx_word' id='word_1_234' title='bbox 731 3041 890 3104; x_wconf 81' lang='lat' dir='ltr'>Paschalis</span> <span class='ocrx_word' id='word_1_235' title='bbox 911 3042 994 3101; x_wconf 86' lang='lat' dir='ltr'>vinei</span> <span class='ocrx_word' id='word_1_236' title='bbox 1017 3041 1170 3121; x_wconf 79' lang='lat' dir='ltr'>interroga</span> 
     </span>
     <span class='ocr_line' id='line_1_33' title="bbox 266 3123 1170 3205; baseline -0.002 -22"><span class='ocrx_word' id='word_1_237' title='bbox 266 3125 360 3200; x_wconf 88' lang='lat' dir='ltr'>tione,</span> <span class='ocrx_word' id='word_1_238' title='bbox 383 3141 441 3182; x_wconf 89' lang='lat' dir='ltr'>neo</span> <span class='ocrx_word' id='word_1_239' title='bbox 464 3123 544 3183; x_wconf 89' lang='lat' dir='ltr'>male</span> <span class='ocrx_word' id='word_1_240' title='bbox 566 3125 668 3204; x_wconf 86' lang='lat' dir='ltr'>egisse</span> <span class='ocrx_word' id='word_1_241' title='bbox 690 3123 801 3201; x_wconf 86' lang='lat' dir='ltr'>videri,</span> <span class='ocrx_word' id='word_1_242' title='bbox 825 3132 856 3183; x_wconf 89' lang='lat' dir='ltr'>et</span> <span class='ocrx_word' id='word_1_243' title='bbox 876 3126 1004 3205; x_wconf 87' lang='lat' dir='ltr'>ignarus</span> <span class='ocrx_word' id='word_1_244' title='bbox 1027 3143 1061 3184; x_wconf 87' lang='lat' dir='ltr'>se</span> <span class='ocrx_word' id='word_1_245' title='bbox 1084 3125 1170 3204; x_wconf 89' lang='lat' dir='ltr'>ipsun</span> 
     </span>
     <span class='ocr_line' id='line_1_34' title="bbox 268 3204 1171 3287; baseline -0.001 -21"><span class='ocrx_word' id='word_1_246' title='bbox 268 3212 332 3267; x_wconf 89' lang='lat' dir='ltr'>toto</span> <span class='ocrx_word' id='word_1_247' title='bbox 355 3204 716 3286; x_wconf 82' lang='lat' dir='ltr'>pontificatu—indignum</span> <span class='ocrx_word' id='word_1_248' title='bbox 735 3206 903 3287; x_wconf 75' lang='lat' dir='ltr'>redarguit,</span> <span class='ocrx_word' id='word_1_249' title='bbox 936 3207 1071 3286; x_wconf 90' lang='lat' dir='ltr'>dumque</span> <span class='ocrx_word' id='word_1_250' title='bbox 1092 3207 1171 3266; x_wconf 85' lang='lat' dir='ltr'>festu·</span> 
     </span>
     <span class='ocr_line' id='line_1_35' title="bbox 267 3288 1171 3368; baseline -0.001 -19"><span class='ocrx_word' id='word_1_251' title='bbox 267 3308 333 3349; x_wconf 87' lang='lat' dir='ltr'>eam</span> <span class='ocrx_word' id='word_1_252' title='bbox 355 3288 438 3348; x_wconf 81' lang='lat' dir='ltr'>fratri</span> <span class='ocrx_word' id='word_1_253' title='bbox 460 3289 555 3368; x_wconf 83' lang='lat' dir='ltr'>eruit,</span> <span class='ocrx_word' id='word_1_254' title='bbox 588 3289 689 3349; x_wconf 85' lang='lat' dir='ltr'>trabes</span> <span class='ocrx_word' id='word_1_255' title='bbox 723 3309 793 3349; x_wconf 86' lang='lat' dir='ltr'>suas</span> <span class='ocrx_word' id='word_1_256' title='bbox 823 3289 911 3349; x_wconf 89' lang='lat' dir='ltr'>nobis</span> <span class='ocrx_word' id='word_1_257' title='bbox 935 3289 1080 3350; x_wconf 88' lang='lat' dir='ltr'>ostendit.</span> <span class='ocrx_word' id='word_1_258' title='bbox 1121 3289 1171 3348; x_wconf 82' lang='lat' dir='ltr'>late</span> 
     </span>
     <span class='ocr_line' id='line_1_36' title="bbox 267 3368 1171 3452; baseline -0.002 -20"><span class='ocrx_word' id='word_1_259' title='bbox 267 3391 341 3452; x_wconf 88' lang='lat' dir='ltr'>ergo</span> <span class='ocrx_word' id='word_1_260' title='bbox 365 3368 451 3452; x_wconf 79' lang='lat' dir='ltr'>estl)</span> <span class='ocrx_word' id='word_1_261' title='bbox 477 3377 610 3449; x_wconf 88' lang='lat' dir='ltr'>pastura,</span> <span class='ocrx_word' id='word_1_262' title='bbox 633 3371 716 3450; x_wconf 92' lang='lat' dir='ltr'>quod</span> <span class='ocrx_word' id='word_1_263' title='bbox 732 3373 862 3433; x_wconf 86' lang='lat' dir='ltr'>Romani</span> <span class='ocrx_word' id='word_1_264' title='bbox 875 3371 909 3446; x_wconf 81' lang='lat'>²)</span> <span class='ocrx_word' id='word_1_265' title='bbox 936 3375 1042 3434; x_wconf 90' lang='lat' dir='ltr'>omnia</span> <span class='ocrx_word' id='word_1_266' title='bbox 1063 3371 1118 3432; x_wconf 89' lang='lat' dir='ltr'>sibi</span> <span class='ocrx_word' id='word_1_267' title='bbox 1137 3373 1171 3430; x_wconf 92' lang='lat' dir='ltr'>in·</span> 
     </span>
     <span class='ocr_line' id='line_1_37' title="bbox 267 3453 1172 3534; baseline -0.001 -19"><span class='ocrx_word' id='word_1_268' title='bbox 267 3453 404 3528; x_wconf 80' lang='lat' dir='ltr'>flectunt,</span> <span class='ocrx_word' id='word_1_269' title='bbox 427 3453 568 3513; x_wconf 89' lang='lat' dir='ltr'>omnibus</span> <span class='ocrx_word' id='word_1_270' title='bbox 592 3455 696 3515; x_wconf 88' lang='lat' dir='ltr'>omnia</span> <span class='ocrx_word' id='word_1_271' title='bbox 709 3456 880 3534; x_wconf 83' lang='lat' dir='ltr'>imponunt,</span> <span class='ocrx_word' id='word_1_272' title='bbox 903 3455 1046 3515; x_wconf 91' lang='lat' dir='ltr'>omnibus</span> <span class='ocrx_word' id='word_1_273' title='bbox 1068 3454 1172 3515; x_wconf 88' lang='lat' dir='ltr'>sesub·</span> 
     </span>
     <span class='ocr_line' id='line_1_38' title="bbox 267 3535 1173 3615; baseline 0 -19"><span class='ocrx_word' id='word_1_274' title='bbox 267 3537 400 3614; x_wconf 81' lang='lat' dir='ltr'>trahunt,</span> <span class='ocrx_word' id='word_1_275' title='bbox 423 3544 462 3614; x_wconf 90' lang='lat' dir='ltr'>et,</span> <span class='ocrx_word' id='word_1_276' title='bbox 486 3537 567 3614; x_wconf 91' lang='lat' dir='ltr'>quod</span> <span class='ocrx_word' id='word_1_277' title='bbox 581 3538 714 3596; x_wconf 83' lang='lat' dir='ltr'>atrocius</span> <span class='ocrx_word' id='word_1_278' title='bbox 729 3545 785 3615; x_wconf 86' lang='lat' dir='ltr'>est,</span> <span class='ocrx_word' id='word_1_279' title='bbox 807 3557 868 3598; x_wconf 92' lang='lat' dir='ltr'>non</span> <span class='ocrx_word' id='word_1_280' title='bbox 885 3536 924 3598; x_wconf 92' lang='lat' dir='ltr'>ad</span> <span class='ocrx_word' id='word_1_281' title='bbox 943 3539 1106 3615; x_wconf 72' lang='lat' dir='ltr'>Christum,</span> <span class='ocrx_word' id='word_1_282' title='bbox 1127 3535 1173 3597; x_wconf 89' lang='lat' dir='ltr'>sed</span> 
     </span>
     <span class='ocr_line' id='line_1_39' title="bbox 266 3619 1172 3700; baseline 0.001 -21"><span class='ocrx_word' id='word_1_283' title='bbox 266 3619 305 3679; x_wconf 88' lang='lat' dir='ltr'>ad</span> <span class='ocrx_word' id='word_1_284' title='bbox 328 3639 362 3679; x_wconf 92' lang='lat' dir='ltr'>se</span> <span class='ocrx_word' id='word_1_285' title='bbox 383 3620 469 3699; x_wconf 90' lang='lat' dir='ltr'>ipsos</span> <span class='ocrx_word' id='word_1_286' title='bbox 491 3638 548 3678; x_wconf 85' lang='lat' dir='ltr'>nos</span> <span class='ocrx_word' id='word_1_287' title='bbox 571 3627 700 3700; x_wconf 78' lang='lat' dir='ltr'>cogunt,</span> <span class='ocrx_word' id='word_1_288' title='bbox 722 3638 786 3681; x_wconf 92' lang='lat' dir='ltr'>non</span> <span class='ocrx_word' id='word_1_289' title='bbox 809 3621 938 3700; x_wconf 86' lang='lat' dir='ltr'>exigunt</span> <span class='ocrx_word' id='word_1_290' title='bbox 960 3621 1172 3696; x_wconf 81' lang='lat' dir='ltr'>conditionem,</span> 
     </span>
    </p>
   </div>
   <div class='ocr_carea' id='block_1_3' title="bbox 480 3754 689 3762">
    <p class='ocr_par' dir='ltr' id='par_1_7' title="bbox 480 3754 689 3762">
     <span class='ocr_line' id='line_1_40' title="bbox 480 3754 689 3762; baseline -0.01 0"><span class='ocrx_word' id='word_1_291' title='bbox 480 3755 531 3762; x_wconf 60' lang='lat'>0-</span> <span class='ocrx_word' id='word_1_292' title='bbox 535 3754 689 3761; x_wconf 63' lang='lat'>--...----</span> 
     </span>
    </p>
   </div>
   <div class='ocr_carea' id='block_1_4' title="bbox 254 3805 1197 3967">
    <p class='ocr_par' dir='ltr' id='par_1_8' title="bbox 254 3805 1197 3967">
     <span class='ocr_line' id='line_1_41' title="bbox 295 3805 1197 3890; baseline -0.035 -11"><span class='ocrx_word' id='word_1_293' title='bbox 295 3821 331 3888; x_wconf 87' lang='lat'>1)</span> <span class='ocrx_word' id='word_1_294' title='bbox 352 3819 385 3874; x_wconf 90' lang='lat' dir='ltr'>In</span> <span class='ocrx_word' id='word_1_295' title='bbox 408 3819 452 3876; x_wconf 87' lang='lat' dir='ltr'>ed.</span> <span class='ocrx_word' id='word_1_296' title='bbox 473 3818 588 3890; x_wconf 83' lang='lat' dir='ltr'>priore:</span> <span class='ocrx_word' id='word_1_297' title='bbox 607 3818 652 3868; x_wconf 79' lang='lat' dir='ltr'>est</span> <span class='ocrx_word' id='word_1_298' title='bbox 670 3826 753 3880; x_wconf 75' lang='lat' dir='ltr'>ergo.</span> <span class='ocrx_word' id='word_1_299' title='bbox 784 3808 821 3859; x_wconf 74' lang='lat' dir='ltr'>‘u</span> <span class='ocrx_word' id='word_1_300' title='bbox 839 3805 877 3853; x_wconf 71' lang='lat' dir='ltr'>in</span> <span class='ocrx_word' id='word_1_301' title='bbox 894 3805 1012 3855; x_wconf 62' lang='lat' dir='ltr'>emen.</span> <span class='ocrx_word' id='word_1_302' title='bbox 1030 3809 1197 3855; x_wconf 52' lang='lat' dir='ltr'>mmmm-</span> 
     </span>
     <span class='ocr_line' id='line_1_42' title="bbox 254 3888 693 3967; baseline -0.036 -16"><span class='ocrx_word' id='word_1_303' title='bbox 254 3893 349 3953; x_wconf 79' lang='lat' dir='ltr'>ditnnr</span> <span class='ocrx_word' id='word_1_304' title='bbox 369 3896 502 3967; x_wconf 61' lang='lat' dir='ltr'>legetur:</span> <span class='ocrx_word' id='word_1_305' title='bbox 522 3888 693 3962; x_wconf 69' lang='lat' dir='ltr'>ponentem.</span> 
     </span>
    </p>
   </div>
   <div class='ocr_carea' id='block_1_5' title="bbox 0 0 1369 4417">
    <p class='ocr_par' dir='ltr' id='par_1_9' title="bbox 0 0 1369 4417">
     <span class='ocr_line' id='line_1_43' title="bbox 0 0 1369 4417; baseline 0 0"><span class='ocrx_word' id='word_1_306' title='bbox 0 0 1369 4417; x_wconf 95' lang='lat' dir='ltr'> </span> 
     </span>
    </p>
   </div>
  </div>
 </body>
</html>
