2709 4417
429 368 434 376 ·
463 348 533 402 lllll.
553 346 589 403 dc
605 353 743 418 potestate
762 349 861 418 Papus.
1064 343 1126 413 3To

202 531 369 611 lndrees,
405 534 574 612 lohannes,
608 533 678 613 quid
696 533 794 611 aliud,
817 552 907 612 quam
929 533 1126 612 singularium

204 623 271 674 unt
293 617 436 696 plebium
457 619 575 697 capita,
604 627 636 677 et
656 625 766 677 temen
781 615 837 676 sub
859 634 921 677 uno
943 618 1043 696 eapite
1065 635 1127 677 om·

202 716 251 757 res
279 709 356 759 sunt
377 700 515 760 membra
536 700 694 760 ecclesiae.
739 698 798 760 Sed
821 699 899 759 baec
919 701 1003 759 satis.

286 781 460 843 Audiamus
483 785 542 842 iam
564 784 664 862 ipsum
688 791 781 862 caput
801 783 953 859 omnium,
984 781 1057 861 quid
1080 801 1127 841 au·

202 882 253 922 ›er
292 865 385 925 huius
407 865 603 927 monarchiae
635 872 716 925 statu
749 864 909 925 definierit.
967 865 1044 924 Nam
1078 865 1129 924 hio

202 950 365 1008 ›raescius
393 949 563 1008 futurorum
584 949 796 1026 quaestionem
826 947 904 1006 banc
931 949 1043 1026 primus
1066 966 1129 1008 om·

202 1030 288 1089 sium
326 1040 357 1091 et
388 1031 491 1091 dedita
524 1050 619 1110 opera
649 1031 806 1103 dissolvit,
841 1037 872 1090 et
895 1037 940 1091 tot
961 1029 1062 1090 adhuc
1083 1049 1128 1090 se·

201 1112 281 1171 culis
305 1133 398 1193 super
427 1133 465 1174 ee
486 1121 633 1190 certatur,
669 1115 756 1193 qnasi
780 1111 875 1172 verbe
897 1112 1008 1173 Christi
1029 1113 1129 1173 fumus

201 1195 276 1272 sint,
299 1205 332 1256 et
353 1199 451 1257 inania
470 1196 584 1257 fabula.

289 1279 408 1339 Dicitur
427 1281 530 1357 itaque
551 1279 620 1339 Luc.
645 1281 700 1340 22:
730 1279 824 1338 Facta
852 1284 900 1338 cst
925 1285 1026 1338 autem
1054 1297 1125 1338 con·

201 1362 314 1433 tentio,
338 1362 404 1440 quis
426 1381 532 1422 eorum
544 1361 698 1422 videretur
719 1380 788 1420 esse
801 1362 907 1435 maior,
930 1361 1007 1421 dixit
1027 1368 1128 1421 autem

200 1443 264 1502 eis:
293 1445 396 1525 Reges
428 1446 563 1525 gentium
593 1445 790 1509 dominantur
818 1443 983 1520 eorum¹),
1016 1451 1047 1504 et
1078 1445 1129 1523 qui

201 1535 392 1605 potestatem
414 1527 530 1587 habent
552 1546 644 1606 super
665 1545 730 1604 eos,
752 1526 881 1586 benefici
894 1537 1051 1604 vocantur,
1073 1545 1130 1587 vos

201 1616 309 1669 autem
334 1629 395 1670 non
418 1611 477 1686 sic,
506 1609 559 1669 sed
583 1611 634 1688 qui
657 1610 755 1669 maior
776 1616 822 1668 est
843 1618 995 1682 vestrum,
1017 1609 1071 1669 liat
1091 1610 1129 1669 si·

202 1694 395 1753 cut'minor:
420 1694 523 1770 etqui
545 1711 726 1772 praecessor
747 1700 809 1769 est,
831 1693 909 1752 sicut
933 1693 1129 1753 ministrator.

207 1774 267 1848 (lat
293 1775 469 1854 exemplum
497 1794 584 1834 suum
613 1775 796 1854 subiungit.)
842 1774 920 1834 Nam
943 1776 1010 1853 quis
1033 1775 1130 1834 maior

205 1864 270 1934 est,
305 1859 356 1936 qui
384 1856 548 1934 recumbit,
587 1877 625 1917 an
655 1860 707 1936 qui
730 1857 903 1917 ministrat?
945 1857 1057 1917 Nonne
1078 1857 1129 1934 qui

205 1939 377 2000 recumbit?
421 1940 489 2020 Elgo
512 1948 614 2001 autem
636 1941 667 1999 in
691 1940 792 1999 medio
816 1949 949 2000 vestrum
972 1959 1050 2015 sum,
1072 1941 1127 2000 sic-

206 2023 313 2100 utqui
337 2023 496 2084 ministrat.
1101 2053 1104 2060 ·

290 2105 401 2181 Vides,
436 2104 518 2184 quod
548 2105 685 2164 Christus
718 2112 824 2185 aperte
855 2106 1036 2184 pronunciat
1062 2123 1131 2165 csse

208 2207 297 2268 reges
309 2190 457 2268 gentium,
478 2206 542 2248 non
555 2186 727 2266 pontifices,
751 2189 801 2266 qui
817 2187 924 2247 volunt
945 2207 1014 2247 esse
1037 2187 1130 2248 maio·

208 2290 265 2332 res.
309 2271 350 2330 Et
383 2277 566 2349 potestatem
595 2270 677 2330 illam
701 2270 884 2330 mundanam
910 2267 1041 2350 (idest,
1065 2271 1130 2330 sine

208 2353 303 2413 verbo
327 2362 359 2413 et
379 2354 562 2423 dilectione)
597 2372 720 2432 prorsus
750 2354 884 2413 damnat.
928 2353 1040 2412 Verum
1070 2371 1130 2432 ego

208 2435 319 2512 credo,
350 2435 597 2515 quondoquidem
630 2436 792 2495 ecclesiam
821 2454 949 2495 neeesse
977 2436 1032 2495 fuit
1054 2455 1131 2495 sem·

210 2518 469 2598 peragentibus
493 2519 639 2598 opprimi,
662 2526 695 2577 ut
715 2511 827 2579 Erech.
851 2519 880 2579 4.
903 2517 991 2578 dicit:
1014 2517 1047 2578 ln
1070 2537 1130 2576 me-

210 2600 259 2660 dio
283 2602 420 2680 gentium
442 2602 532 2680 posui
555 2619 641 2676 eam,
663 2607 694 2660 et
714 2601 793 2662 Psal.
818 2600 940 2674 <110²t:
965 2600 1130 2661 Dominare

211 2686 239 2742 in
261 2683 368 2744 medio
391 2684 584 2744 inimicorum
609 2690 746 2744 tuorum:
776 2682 847 2743 ideo
877 2682 999 2762 quando
1022 2682 1133 2749 desunt

210 2772 320 2846 gentes
342 2765 435 2842 alise,
457 2772 490 2825 ut
511 2765 666 2844 Scriptura
687 2765 858 2846 impleatur,
880 2767 910 2825 in
933 2766 1065 2825 ecclesia
1087 2786 1131 2829 re

210 2866 263 2927 ges
286 2847 419 2928 gentiles
441 2847 506 2907 lieri
529 2850 712 2927 oportuisse,
736 2857 767 2909 et
786 2856 939 2928 potestate
953 2848 1132 2909 dominante
1209 2881 1212 2887 ·

210 2950 303 3010 super
331 2931 495 2991 ecclesiam
524 2932 731 3010 tymnnisare,
767 2930 913 3011 diligendi
942 2939 973 2990 et
1000 2930 1132 2992 docendi

210 3011 313 3073 officio
348 3013 386 3072 sd
409 3013 488 3073 elios
509 3014 667 3074 translato.
711 3014 796 3087 ltem,
819 3014 911 3073 Marci
936 3017 984 3088 10,
1006 3014 1056 3074 ubi
1079 3013 1132 3073 lilii

210 3095 363 3155 Zebedaei
387 3096 623 3176 adpotestatam
639 3098 819 3176 aspirarunt,
843 3103 878 3157 ut
899 3115 976 3156 unus
998 3095 1038 3156 ad
1060 3096 1131 3156 dex-

210 3187 306 3237 teram
339 3187 370 3237 et
403 3178 515 3257 [alius]
546 3178 585 3238 ad
607 3180 758 3239 sinistram
781 3178 918 3255 sederet,
948 3186 1133 3257 acceperunt

212 3280 286 3320 sane
307 3279 493 3340 responsum
515 3261 656 3341 dignum,
678 3262 812 3331 scilicet,
840 3269 874 3321 ut
902 3262 1028 3322 calicem
1051 3261 1132 3321 bibe·

211 3351 294 3418 rent,
331 3361 389 3403 neo
415 3352 516 3402 tamen
545 3345 641 3416 certi,
674 3344 725 3405 ubi
753 3345 864 3404 sessuri
893 3351 1004 3404 essent.
1046 3343 1134 3403 Hanc
1189 3335 1197 3352 ’

211 3426 389 3486 ambitionis
410 3425 616 3486 infirmitatem
652 3426 724 3504 quid
757 3429 863 3487 mirum
890 3433 937 3486 est
959 3427 989 3486 in
1012 3424 1132 3506 pontill-

210 3508 296 3569 cibus
322 3527 447 3588 quoque
468 3509 618 3568 Romanis
639 3509 743 3587 fuisse,
765 3508 986 3588 quantumlibet
1006 3510 1131 3582 sanctis,

209 3593 304 3651 etiam
328 3590 524 3670 martyribus,
547 3590 670 3669 qisando
693 3593 724 3651 in
742 3592 890 3672 apostolis
913 3610 980 3650 eam
993 3591 1132 3652 Christus

208 3673 361 3754 pertulit?
406 3674 547 3751 Denique
576 3693 644 3734 cum
667 3675 710 3734 illi
733 3675 794 3734 duo
816 3674 948 3753 apostoli
971 3673 1030 3733 hac
1052 3692 1133 3734 arro

250 3873 282 3933 ¹)
300 3872 332 3922 In
355 3871 396 3927 ed.
415 3875 478 3929 len.
499 3882 529 3931 ct
548 3876 646 3937 wilt:
668 3886 722 3940 eis.
762 3883 798 3953 2)
818 3882 855 3940 ln
878 3881 926 3939 ed
944 3882 1041 3955 (κλμ
1058 3839 1148 3935 mx
