2709 4417
442 328 478 383 ad
496 330 555 386 Ioh.
575 330 834 409 oecolampadium.
1045 331 1112 399 487

195 511 250 575 ied
272 514 390 594 placuit
410 517 519 596 nugari
540 522 642 577 tecum
664 517 870 594 amicissimo,
898 535 997 596 eaque
1018 518 1056 579 ds
1079 538 1112 580 rc

195 615 280 676 uuam
304 601 539 677 exspectatione
561 601 694 677 maiore,
734 619 824 678 quam
853 599 951 660 fructu
973 602 1024 680 agi
1044 602 1112 681 ipse

195 679 261 741 uidi.
305 680 352 740 De
384 679 558 742 huiusmodi
593 682 869 762 disceptationibus
900 683 1111 761 plausibilibus

195 761 261 842 quid
285 762 337 822 alii
360 765 509 843 sentiant,
543 766 667 843 nescio,
699 765 773 825 mihi
795 766 917 844 quidem
939 767 1114 845 periculosa

195 842 341 905 uidentur.
385 845 513 926 Ingenia
546 847 749 909 cruditionem
781 849 895 908 variam
919 855 950 908 et
969 850 1113 929 multipli-

195 946 259 988 eem
293 927 465 988 doctrinam
498 929 559 989 hoc
593 931 713 993 theatro
747 938 940 992 ostentarunt
971 933 1038 1008 isti,
1073 953 1112 994 ex

195 1008 300 1090 quibus
340 1010 380 1071 ad
410 1012 557 1091 pietatem
597 1021 632 1073 ut
670 1013 800 1094 plurima
838 1012 926 1073 fieret
962 1015 1112 1088 obsessio,

195 1094 334 1172 optarim.

275 1175 417 1236 Ceterum
440 1176 523 1256 apud
555 1197 611 1237 nos
635 1197 766 1259 magnae
788 1177 983 1238 admirationi
1006 1179 1112 1259 pleris-

195 1275 250 1336 que
272 1256 330 1318 fnit
348 1257 460 1318 Eccius
483 1259 522 1320 ob
546 1261 646 1320 varias
668 1271 699 1321 et
720 1262 856 1340 insignes
878 1262 992 1340 ingenii
1014 1261 1112 1323 dotes.

195 1339 438 1401 [larclcstadium
468 1341 669 1422 descriptis,
704 1343 815 1418 credo,
849 1345 976 1420 novisti,
1013 1344 1111 1404 honus

195 1430 237 1482 cst
275 1425 342 1500 vir,
385 1432 416 1483 et
448 1444 517 1484 rara
550 1424 705 1503 doctrina,
744 1427 897 1509 planeque
932 1445 994 1486 non
1036 1427 1111 1487 nihil

195 1510 278 1564 extra
301 1506 385 1585 vulgi
408 1505 507 1566 aleam
532 1507 676 1568 eruditus.
721 1509 754 1567 ln
776 1508 909 1568 Luthero
934 1507 1028 1589 longo
1050 1511 1111 1569 iam

195 1606 247 1646 usu
293 1588 368 1646 mihi
407 1587 595 1649 familiariter
634 1591 760 1671 cognito
809 1591 902 1650 vivax
944 1591 1112 1671 ingenium,

195 1667 394 1730 cruditionem
430 1678 460 1730 et
495 1671 669 1732 facundiam
706 1672 859 1748 admiror‚
899 1673 1051 1733 sincerum
1083 1682 1114 1733 et

195 1770 264 1812 sure
288 1751 493 1813 Christianum
527 1756 661 1814 animum
694 1774 756 1815 nou
794 1774 922 1834 possum
949 1775 1011 1815 non
1042 1755 1113 1816 dea-

195 1853 284 1894 nare.
938 1901 942 1908 ,
1085 1910 1087 1914 7

272 1916 390 1977 Amicis
414 1918 630 1978 communibus
664 1940 702 1979 ex
733 1920 821 1979 nobis
854 1919 983 1979 salutem
1007 1920 1112 1995 dicito.

195 1999 255 2059 icis
300 1998 381 2077 quod
424 1998 482 2059 dici
523 2002 648 2061 Graecis
687 2002 781 2073 solet,
825 2002 974 2082 πολέμου
1012 2001 1112 2077 καινὰ

195 2079 310 2145 couci.
355 2080 456 2156 Quare
479 2101 540 2142 non
564 2091 628 2163 est,
653 2090 685 2143 ut
707 2083 745 2144 de
767 2086 856 2144 huius
879 2084 1113 2164 disceptationis

195 2169 304 2223 aventu
328 2182 428 2242 neque
450 2164 566 2242 famae,
602 2185 702 2245 neque
725 2169 780 2242 iis,
813 2168 864 2246 qui
892 2169 922 2226 in
954 2187 992 2227 ea
1013 2167 1113 2227 famae

195 2245 387 2320 induerunt,
424 2248 528 2306 omnia
561 2248 677 2312 credas.
731 2249 822 2322 Vale,
863 2250 1112 2330 Vuittembergae

195 2326 237 2392 t1.
261 2327 455 2405 1ulii‚Ann0
480 2333 569 2394 1519.

430 2530 657 2598 Excusatio
679 2531 872 2597 Iohannis

195 2703 278 2762 dccii
304 2701 343 2760 ad
373 2720 410 2760 ea
433 2718 512 2778 quae
532 2699 610 2760 falso
634 2699 690 2759 sibi
713 2700 870 2779 Philippus
894 2699 1110 2760 Melanchthon

210 2784 442 2844 Grammaticus
472 2781 769 2862 Vuittembergensis
791 2801 882 2861 super
917 2782 1091 2860 theologica

388 2865 594 2945 disputatione
616 2865 737 2944 Lipsica
760 2865 931 2944 adscripsit.

245 3027 450 3089 Iohannes
472 3029 618 3088 Eccius
650 3027 830 3089 Candido
853 3028 1009 3089 Lectori
1032 3029 1063 3090 S.

277 3181 356 3240 Dum
378 3182 409 3241 in
431 3182 513 3242 felici
535 3181 674 3261 Lipsensi
697 3181 866 3261 Gymnasiu
890 3201 958 3241 cum
982 3182 1014 3245 P.
1036 3182 1112 3241 hiar-

195 3265 258 3324 tino
280 3263 414 3324 Luthero
444 3272 475 3324 et
496 3264 621 3324 Andrea
644 3265 860 3325 Oarclostadio
891 3284 981 3343 super
1010 3264 1112 3324 arduis
1186 3319 1190 3327 .

195 3346 285 3408 rebus
309 3346 493 3426 theologicis
517 3347 740 3426 disputassem,
777 3356 869 3426 atque
902 3354 1003 3405 aetum
1032 3351 1114 3406 essct

195 3448 250 3509 per
272 3429 468 3489 illustrissimi
499 3430 645 3507 Principis
667 3431 702 3490 D.
729 3428 855 3509 Georgii
878 3429 1032 3489 Saxoniae
1054 3429 1112 3488 Du-

195 3514 239 3571 cis
264 3518 322 3570 etc.
352 3507 386 3570 et'
407 3511 620 3572 Universitatis
642 3512 798 3591 Lipsensis
821 3510 1037 3582 Consiliarios·‚
1074 3529 1113 3570 ne

195 3594 264 3674 quis
276 3593 430 3672 disputata
441 3602 547 3654 nostra
557 3595 877 3674 perchalcographum
891 3593 1112 3670 disseminaret,
1197 3648 1200 3659 ,

195 3685 362 3755 antequam
394 3696 449 3755 per
477 3677 659 3756 deligendos
695 3677 812 3738 iudices
844 3682 926 3736 esset
947 3676 1113 3752 decretum,

195 3760 262 3836 ouis
284 3765 422 3817 nostrum
444 3759 516 3819 fidei
533 3759 725 3820 Christianae
742 3765 952 3820 consentanea
971 3765 1023 3817 aut
1039 3777 1114 3837 pug-

195 3839 292 3897 rantia
335 3839 464 3920 diceret,
527 3862 623 3907 ausus
670 3851 721 3908 est
758 3851 870 3907 tamen
901 3841 1137 3905 Qummmahcus
