2709 4417
218 346 283 415 496
449 346 583 407 Defensio
602 345 677 400 Phile
689 344 919 399 Halancbtlronis

222 538 399 618 priusquam
422 532 461 594 de
483 553 602 593 summa
624 533 742 594 iudices
764 533 977 594 decreverint.
1010 533 1129 612 Primum,

223 618 307 698 quod
329 619 409 677 inter
429 623 532 696 partes
555 618 716 693 convenit,
749 616 837 676 vides
867 616 909 677 ad
930 636 984 677 me
1004 635 1063 677 non
1081 637 1153 696 par·⁴

223 703 332 763 tinere.
382 699 490 778 Neque
521 699 601 759 enim
638 699 804 777 quidquam
840 700 919 760 milri
958 718 1028 759 cum
1056 699 1130 760 Eccio

223 803 324 845 rerum
338 801 471 861 unquam
482 782 546 858 fuit,
569 789 601 841 et
614 781 755 861 Lipsicae
771 802 899 871 pugnae
924 784 1045 844 otiosus
1064 801 1131 862 spec

224 874 306 927 tator
331 867 362 924 in
392 865 510 943 reliquo
534 864 627 944 vulgo
650 864 726 927 sedi.
770 865 896 926 Deinde
920 865 962 926 de
980 864 1131 945 evulganda

224 948 433 1028 disputatione
455 954 576 1007 cautum
599 954 657 1009 est.
700 948 742 1008 At
769 967 830 1029 ego
863 948 970 1010 obiter
992 955 1023 1008 et
1042 965 1132 1028 paum-

224 1033 270 1092 las
293 1038 410 1090 tantum
433 1031 600 1090 sententias
622 1029 784 1110 decerpsi,
807 1051 826 1092 e
849 1031 965 1110 quibus
989 1031 1080 1111 magis
1098 1050 1131 1090 ar·

207 1120 371 1194 gumenta
403 1112 620 1194 disputationis
653 1123 938 1193 cognoscerentur,
981 1132 1068 1193 quam
1096 1114 1133 1178 rat

223 1197 437 1256 aestimaretur
464 1204 607 1272 eventus,
640 1196 689 1256 vel
716 1195 904 1257 iudicaretur
932 1215 1037 1258 causa.
1087 1195 1133 1255 0b-

225 1296 324 1355 secro,
347 1277 386 1337 de
409 1279 539 1338 victoria
559 1279 749 1357 pronuncio,
772 1298 841 1338 cum
866 1278 941 1339 dico
964 1297 1029 1339 non
1050 1285 1133 1338 acum

224 1378 295 1420 esse
329 1361 409 1419 inter
429 1359 557 1420 Eccium
593 1367 624 1419 et
655 1359 904 1422 Oarolostadium
947 1361 989 1422 de
1018 1360 1134 1420 humana

224 1443 355 1522 iustitia,
385 1460 440 1501 seu
474 1440 513 1501 de
536 1444 645 1503 merito
667 1445 810 1523 congrui,
849 1444 905 1504 sed
945 1464 986 1504 an
1009 1443 1134 1503 voluntas

225 1524 339 1585 bonum
363 1542 442 1604 opus
465 1531 582 1585 tantum
609 1525 758 1604 recipiat?
781 1525 861 1600 Quid
891 1532 1134 1600 contravertatur,

224 1606 338 1684 iudico,
360 1624 423 1666 non
446 1609 627 1687 pronuncio,
650 1616 716 1678 uter
737 1610 854 1669 vicerit.
905 1609 972 1671 lam
1002 1607 1083 1687 quod
1102 1609 1136 1666 ait

225 1689 332 1748 iudicis
355 1688 458 1750 officio
481 1709 531 1750 me
553 1690 746 1765 defunctum,
774 1692 848 1751 satis
877 1711 929 1753 me
953 1691 1064 1752 liberat
1083 1692 1133 1769 epi·
1175 1718 1176 1723 1

226 1772 322 1849 stola,
346 1772 375 1831 in
400 1791 460 1850 qua
481 1773 559 1833 haec
580 1774 700 1849 insunt,
722 1792 867 1852 quorsum
889 1774 1069 1835 inclinarint
1088 1792 1136 1850 res,

227 1854 298 1914 mihi
322 1873 397 1914 sane
419 1875 481 1916 non
504 1865 551 1916 est
570 1857 601 1915 ia
624 1856 753 1935 proclivi
773 1856 921 1919 iudicare.
1142 1850 1149 1875 ⁶

309 1936 347 2019 2)
372 1938 516 1998 Voluisse
537 1938 673 2016 Eccium,
696 1958 735 1998 ne
756 1939 938 2015 dictaretur,
963 1945 1058 1998 testes
1078 1945 1138 1996 sunt

225 2020 398 2099 gravissimi
421 2028 452 2080 et
472 2022 660 2101 integerrimi
682 2023 752 2099 viri,
775 2019 825 2101 qui
848 2040 956 2083 coram
981 2020 1137 2100 designatis

226 2121 294 2163 eam
317 2122 439 2163 causam
456 2105 563 2182 partim
587 2105 645 2183 ipsi
667 2113 805 2184 egerunt,
827 2106 938 2184 partim
963 2103 1064 2163 studio
1086 2103 1135 2162 iac·

226 2187 344 2246 tionum
365 2192 544 2265 praesentes
567 2188 617 2267 agi
651 2187 799 2248 viderunt.
828 2187 892 2246 lam
914 2193 949 2246 ut
973 2187 1044 2247 dem
1065 2184 1136 2264 apud

226 2267 404 2348 designatos
427 2287 488 2328 non
512 2268 542 2328 id
565 2277 666 2329 actum
689 2289 774 2347 esse,
812 2270 915 2348 palam
945 2278 1009 2344 est,
1044 2267 1135 2346 displi-

225 2353 327 2412 cuisse
349 2351 509 2411 consilium
533 2353 717 2432 excipiendi.
761 2353 873 2430 Porro,
906 2352 979 2432 quid
1011 2351 1137 2430 oportuit

226 2433 396 2494 detrectare
419 2436 553 2494 universi
580 2435 663 2496 orbis
684 2435 827 2495 iudicium
848 2435 944 2514 idque
965 2437 996 2494 in
1018 2451 1136 2513 paucos,

226 2519 331 2577 nescio
355 2536 449 2595 quos,
485 2519 628 2596 reiicere,
664 2519 688 2577 si
717 2517 787 2578 fidei
810 2537 951 2595 causam,
991 2525 1024 2576 ut
1044 2526 1136 2591 vocat,

226 2599 382 2661 obscurari
405 2601 510 2661 noluit.

308 2681 346 2764 3)
370 2683 555 2762 Susceperat
575 2683 804 2744 Oarolostadius
824 2682 1052 2742 defendendam
1073 2699 1136 2740 con-

225 2765 393 2825 clusionem
410 2785 495 2825 suam
512 2765 723 2826 undecimam:
745 2766 887 2826 Liberum
899 2763 1057 2824 arbitrium
1072 2771 1135 2823 ante

224 2850 353 2928 gratiam
376 2868 438 2908 non
461 2849 574 2926 valere,
597 2851 655 2908 nisi
676 2850 716 2908 ad
736 2847 937 2928 peccandum.
981 2846 1070 2907 Hanc
1090 2864 1136 2924 op·

224 2930 382 3010 pugnabat
403 2931 528 3009 Eccius,
560 2951 651 3010 quam
684 2930 770 2993 vides
805 2929 844 2990 de
865 2931 1009 2990 humanis
1031 2929 1136 2990 viribus

224 3015 431 3093 propositam,
468 3021 559 3093 atque
592 3014 671 3074 adeo
701 3014 739 3074 de
766 3014 882 3074 iustitia
904 3013 1057 3089 humana,
1088 3029 1136 3070 seu

224 3098 335 3156 merito
357 3098 495 3175 congrui.
544 3097 651 3176 Neque
673 3099 734 3157 iam
757 3096 894 3176 disputo,
928 3094 1059 3156 accedat
1092 3113 1136 3172 pe-

223 3179 337 3239 culiare
358 3180 515 3255 auxilium,
538 3199 652 3255 necne,
675 3181 794 3240 variant
815 3181 896 3239 enirn
919 3185 951 3238 et
973 3179 1032 3258 ipsi
1054 3195 1136 3255 quae-

223 3261 356 3321 stionum
379 3263 524 3341 Magistri.
569 3263 659 3323 Certe
688 3282 802 3344 magno
835 3281 991 3322 consensu
1018 3259 1136 3321 scholae

222 3342 252 3401 id
273 3345 427 3423 peculiare
448 3346 592 3405 auxilium
616 3347 745 3426 gratiam
768 3346 837 3406 lesu
851 3344 964 3405 Christi
987 3363 1058 3404 esse
1080 3362 1136 3402 non

221 3430 409 3505 permittunt.
452 3428 555 3506 Atque
589 3430 620 3490 id
643 3436 724 3506 erat,
759 3427 841 3508 quod
880 3427 963 3487 avidi
987 3426 1162 3487 auditorss¹

222 3512 494 3590 exspectabamus,
529 3513 611 3592 quod
626 3514 774 3572 lectorem
797 3509 836 3570 ad
859 3530 946 3570 suam
970 3509 1139 3571 conclusio·

221 3611 290 3652 nem
323 3594 455 3674 relegat,
489 3616 580 3656 nemo
616 3603 677 3655 tam
703 3594 845 3674 stupidus
875 3601 938 3669 est,
972 3594 1025 3671 qui
1057 3598 1140 3672 putet

220 3675 467 3738 Garolostadium
483 3677 649 3738 Eccianam
667 3678 898 3737 conclusionem
911 3675 1137 3735 defendendam

215 3763 405 3848 suscepisse.
442 3762 490 3825 Ab
512 3761 570 3825 iilo
590 3761 737 3822 instituto
754 3760 794 3814 'in
812 3757 973 3830 angutiae
995 3758 1155 3829 quaecum,
