2709 4417
217 347 281 414 356
436 347 531 404 Resol.
550 347 578 403 L
598 358 682 417 snper
698 349 894 417 Propositione

155 578 158 582 -
218 533 293 594 deo:
326 533 393 594 Tuo
417 532 528 611 leqneo
557 539 588 592 te
609 533 709 611 sapio.
751 531 783 592 Si
816 531 997 611 imperatori
1030 530 1121 590 tribuis

217 616 431 695 temporalium
455 616 593 675 omnium
606 620 802 695 potestatem,
825 631 879 672 eur
902 632 978 694 ergo
992 620 1044 672 tua
1062 620 1123 672 tem·

218 699 337 780 poralia
368 697 536 774 subtrahis,
572 704 603 757 et
632 716 696 757 non
718 698 764 774 vis
797 696 947 757 subdite?
989 694 1030 754 Et
1054 697 1123 774 quod

173 819 175 823 >
218 783 318 841 maius
340 787 396 858 est,
419 787 450 840 et
471 778 695 841 inaestimabile
708 786 888 849 monstrum,
913 797 967 838 eur
989 785 1022 837 tu
1042 779 1121 857 imps-

218 864 272 940 rie,
293 882 399 943 regna,
418 863 558 922 dominia
579 870 675 941 tenes,
689 864 800 940 aufers,
820 862 955 939 coniers,
969 861 1121 921 transfers?

219 945 280 1005 Cur
300 945 347 1005 his
370 954 401 1005 te
421 945 553 1005 misoes?
594 945 651 1005 Ilst
672 944 733 1004 hoo
753 945 933 1023 imperatori
956 943 1122 1023 temporalis

219 1029 404 1110 permittere,
426 1035 457 1087 et
478 1027 531 1088 tibi
555 1028 725 1107 spiritualia
745 1026 890 1087 servare?

300 1109 380 1183 Quid
402 1109 452 1170 hio
473 1110 576 1170 dicent
597 1129 705 1170 omnes
727 1108 955 1186 deeretalistae,
978 1109 1037 1167 nisi
1054 1110 1120 1186 quod

220 1201 281 1253 tam
305 1211 345 1252 ex
374 1192 474 1253 verbis
504 1211 595 1273 quam
630 1192 773 1272 operibus
806 1194 869 1251 suis
900 1200 1120 1271 cognoscuntur,

223 1294 279 1335 eeu
301 1295 340 1335 ex
361 1275 441 1336 soliis
465 1282 497 1336 et
517 1273 673 1353 fructibus,
697 1294 731 1335 se
760 1276 895 1352 nescire,
918 1273 991 1352 quid
1023 1274 1120 1333 situel

221 1359 407 1438 temporale,
430 1358 480 1417 vel
500 1359 674 1438 spirituale,
695 1359 758 1418 imo
780 1358 902 1417 amissis
924 1355 1120 1435 spiritualibus,

221 1441 320 1501 solum
343 1440 526 1519 temporalia
545 1459 659 1520 amare,
681 1447 715 1499 ut
730 1440 993 1520 praeoellentiam,
1015 1439 1119 1518 opulen-

221 1524 310 1600 tiam,
339 1524 538 1602 voluptatem.
582 1523 614 1584 si
651 1524 733 1583 enirn
759 1525 928 1602 imperator
956 1520 1118 1581 excellitin

221 1606 451 1686 temporalibus,
474 1624 535 1666 non
559 1604 652 1665 debet
673 1625 711 1666 ea
727 1605 891 1684 spiritualis
906 1604 1045 1685 pontifex
1056 1623 1119 1663 usur·

221 1707 311 1766 pare,
344 1687 399 1748 sed
430 1687 550 1748 subdita
571 1688 615 1747 illi
636 1689 825 1768 relinquere,
859 1687 1005 1747 tributum
1036 1686 1070 1746 de
1085 1688 1118 1746 eis

220 1770 356 1850 pendere
377 1771 554 1850 imperatori
576 1777 608 1831 et
628 1770 772 1849 ducibus,
800 1789 838 1830 ae
858 1769 1045 1850 ‘reipublicae
1062 1777 1119 1829 ten·

223 1853 320 1931 porali
343 1871 399 1932 per
419 1854 472 1913 illa
492 1854 614 1928 servire,
637 1855 758 1933 quoties
780 1853 892 1913 fuerint
914 1854 1060 1932 requisiti.

304 1935 389 1995 Licet
416 1954 479 1996 non
506 1937 688 2015 simpliciter
719 1936 843 2015 dietum*
863 1935 971 1996 fuerit:
1022 1933 1119 1997 Subditi

226 2023 335 2092 estote,
357 2018 412 2077 sed
433 2017 569 2079 additum
593 2020 662 2079 fuit:
688 2026 812 2098 propter
835 2018 948 2081 Deum.

306 2099 385 2174 Quid
407 2100 491 2161 hoo?
522 2102 571 2161 An
593 2102 703 2161 iterum
726 2102 889 2162 eonsilium
912 2100 967 2161 fiet
995 2120 1034 2161 ex
1052 2119 1120 2179 prae·

226 2189 332 2261 cepto:
363 2203 467 2243 ennon
495 2184 673 2264 simpliciter
694 2203 829 2264 persona
859 2185 1015 2262 loquentis
1044 2187 1123 2242 atten-
1165 2230 1166 2252 2

223 2264 325 2325 denda
347 2266 414 2326 est?
445 2286 483 2325 an
512 2286 575 2326 non
603 2267 784 2347 simpliciter
815 2266 956 2327 subditos
987 2285 1057 2326 auos
1078 2265 1122 2324 Pe·

224 2348 326 2424 trus*)
351 2350 533 2428 provocavit
552 2348 592 2409 ad
611 2349 835 2409 humilitatem?
868 2349 940 2409 Non
963 2349 1125 2429 simpliciter

222 2433 390 2510 imperator
416 2432 576 2511 praecellit
600 2433 630 2492 in
658 2431 898 2512 temporalibus?
943 2431 970 2492 Ο
998 2434 1126 2492 miserum

224 2525 255 2575 et
276 2515 399 2574 anxium
424 2514 582 2596 effugium,
604 2516 666 2575 imo
690 2515 880 2594 deploranda
901 2515 1039 2592 inseitia,
1060 2531 1127 2592 quse

225 2596 377 2674 nondum,
410 2598 481 2675 quid
510 2607 635 2678 propter
655 2598 759 2658 Deum
786 2598 876 2677 velit,
899 2599 1023 2676 aecipit-
1060 2597 1129 2656 Petn'

224 2698 332 2739 sensus
355 2681 464 2760 planus
487 2688 542 2758 est,
564 2683 721 2740 utstatim
745 2701 780 2741 se
801 2682 868 2760 ipse
889 2682 1036 2760 exponit:
1062 2679 1130 2753 Quia

228 2762 359 2842 (inquit)
384 2765 429 2822 sio
450 2770 497 2823 est
517 2764 660 2823 voluntas
683 2764 756 2842 oei,
782 2763 853 2824 ideo
877 2765 997 2823 scilieet
1017 2770 1130 2843 propter

224 2845 322 2904 Deum
344 2845 433 2905 subdi
457 2846 586 2926 debere,
609 2865 671 2906 non
694 2848 766 2925 quia
785 2847 829 2906 illi
852 2853 1029 2906 mereantur
1049 2845 1129 2924 magi·

224 2934 351 3004 stratus,
384 2922 439 2988 sled
464 2931 537 3008 quia
565 2930 647 2989 Deus
674 2930 719 2989 ita
745 2930 851 2990 voluit.
893 2931 937 2990 At
970 2929 1131 2989 decretator

223 3010 303 3070 forte
324 3018 453 3071 conatur
466 3012 526 3072 boo
547 3011 642 3073 verbo
663 3031 727 3073 non
749 3014 956 3073 neeessariam
975 3031 1044 3072 esse
1071 3010 1132 3070 sub

224 3092 388 3152 lectionem
413 3095 562 3154 eiusmodi
584 3094 712 3174 dooere,
744 3098 830 3174 quasi
852 3096 959 3156 Petrus
988 3093 1131 3154 indebitos

226 3174 409 3253 obseorarit,
442 3179 541 3237 meriti
562 3177 707 3238 videlieet
727 3178 905 3239 humilitatis
928 3197 1033 3239 eausa.
1075 3177 1132 3235 Vae

225 3257 296 3336 tibi,
330 3260 381 3337 qui
406 3260 531 3320 verbum
554 3261 611 3320 Dei
640 3261 871 3322 saluberrimum
904 3270 968 3323 tam
997 3259 1133 3322 audaoter

225 3343 404 3421 eorrumpis,
426 3342 594 3403 miserrime
616 3344 798 3409 deoretator.

307 3423 372 3484 Nee
393 3444 474 3503 pure,
491 3427 529 3484 sit
550 3428 713 3506 seriptum,
737 3429 816 3508 Regi
838 3428 1056 3508 praecellenti,
1087 3426 1133 3487 sed

225 3505 436 3585 interpositum
459 3508 529 3583 fuit,
558 3509 661 3569 forsan
683 3529 746 3570 non
769 3514 835 3571 sine
856 3530 963 3587 eausa,
986 3521 1133 3590 tanquam.

309 3588 370 3648 Tot
391 3588 582 3651 mendacium
610 3600 681 3673 eget
708 3593 800 3672 brois,
833 3602 867 3654 nt
897 3614 1004 3654 verum
1034 3593 1135 3653 saltem

225 3667 373 3750 videatur,
392 3691 482 3751 quam
504 3676 614 3735 misere
635 3684 794 3755 torquetur
814 3677 864 3737 hio
884 3677 980 3757 fugax
996 3682 1094 3754 autor,
1109 3681 1137 3734 ut

297 3850 325 3921 ¹)
349 3851 366 3906 1
387 3848 469 3907 Petr.
485 3850 514 3908 2.
