2709 4417
400 335 481 388 XIII.
502 334 536 390 de
554 340 689 404 potestate
706 333 808 403 Pspse.
1005 329 1068 397 349

186 535 205 577 r.
250 516 312 578 Sed
334 538 403 598 age,
427 518 595 598 videamus,
619 537 710 598 quam
733 518 886 598 loquentis
903 536 1067 597 personam

186 617 322 660 cncvus
343 602 477 663 advehet
498 603 672 681 Scripturas
695 603 854 681 interpres.

235 699 395 760 Scribebat
418 703 497 760 enim
521 702 691 781 Apostolus
713 700 840 761 subditis
863 703 939 779 suis,
962 709 993 762 et
1014 721 1069 762 eos

213 784 356 842 meritum
379 784 557 844 humilitatis
580 785 780 864 provocabat.
856 779 861 792 ‘

236 881 287 942 Sic
310 881 405 959 habes
428 884 581 963 loquentis
610 903 792 966 personam,
827 889 858 942 et
889 901 994 943 eorum
1029 882 1068 942 ad

187 984 229 1024 ,cs
252 966 383 1044 scripsit,
407 957 517 1044 iNest,
540 967 663 1028 maioris
680 973 712 1026 et
727 966 862 1041 minoris,
884 964 995 1026 deinde
1008 967 1067 1025 vim

187 1049 336 1189 cutionipi,
370 1067 448 1190 qnpp
476 1057 523 1110 est
544 1051 725 1131 provocatio
749 1048 788 1109 nd
812 1050 950 1108 meritum
973 1049 1069 1108 hunri-

187 1137 254 1190 atis.
329 1150 415 1190 aeci
441 1151 467 1192 e.

234 1231 400 1311 Principio,
424 1231 495 1310 quid
515 1233 598 1310 novi,
621 1251 748 1311 quaeso,
770 1231 848 1292 haec
870 1229 959 1292 offert
979 1232 1068 1292 inter-

187 1314 306 1374 static?
350 1313 424 1388 Quis
447 1333 580 1394 unquam
603 1314 754 1394 praecipit
782 1313 865 1392 aliis,
899 1320 952 1373 aut
978 1312 1071 1374 docet

192 1415 251 1473 os,
274 1415 366 1475 quarn
388 1397 527 1477 subditos
549 1398 641 1457 suos?
685 1396 764 1471 Quid
797 1416 871 1478 ergo
899 1398 1072 1457 necessaria

188 1486 195 1540 t
228 1478 385 1540 distinctio
415 1500 629 1560 personarum,
663 1479 702 1539 ad
724 1479 956 1560 intelligendum
990 1480 1071 1539 hunc

188 1563 251 1622 lum
276 1563 378 1622 locum
401 1563 497 1640 Petri,
532 1583 605 1643 prae
633 1564 742 1623 ceteris
767 1554 921 1639 eiusdem,
955 1569 986 1622 et
1008 1582 1070 1623 om·

188 1665 235 1704 rm
271 1645 432 1705 doctorum
468 1645 643 1726 scripturis?
704 1647 752 1705 An
793 1646 822 1705 iu
857 1644 967 1706 ceteris
1003 1646 1070 1706 sub·

188 1729 206 1786 ;i
233 1727 348 1788 docent
381 1729 531 1806 maiores,
565 1728 705 1807 discipuli
739 1730 931 1809 magistrum,
962 1736 1070 1808 gentes

191 1811 352 1871 ostolum?
398 1811 528 1889 Verum,
551 1812 595 1871 sic
619 1818 741 1893 oportet
761 1811 858 1891 loqui,
879 1830 918 1870 ne
940 1814 1071 1886 taceant,

189 1893 203 1951 i
228 1894 280 1953 vel
301 1894 468 1972 pessimam
491 1913 614 1953 causam
639 1901 774 1970 tuentur,
807 1894 856 1954 vel
881 1893 979 1974 ignari
1002 1901 1072 1954 sunt

189 1995 309 2036 erorum
334 1995 498 2037 sacrarum.
541 1976 631 2036 Fallit
661 1985 763 2037 autem
786 1978 869 2037 lrunc
889 1977 1070 2053 locatorem,

192 2057 236 2118 od
260 2059 355 2118 verba
377 2059 458 2118 Petri
484 2061 604 2120 interim
629 2061 791 2120 arbitratur
823 2078 891 2119 esse
924 2061 996 2119 iuris
1025 2062 1069 2119 sni

194 2143 289 2220 mani,
313 2144 343 2201 in
367 2142 475 2220 quibus
498 2143 662 2222 aliquando
695 2143 826 2202 maiores
851 2149 987 2203 statuunt
1014 2162 1070 2224 pro

189 2225 333 2284 leriorum
357 2225 464 2301 salute,
488 2244 567 2304 quoe
590 2226 674 2305 ipsos
698 2244 761 2284 non
790 2232 926 2306 tangunt.
969 2227 1071 2305 Atque

189 2308 378 2383 eniminum
402 2314 466 2383 est,
496 2307 578 2387 qnod
603 2328 641 2367 ex
663 2307 768 2368 divino
802 2313 967 2390 praecepto
989 2307 1071 2368 Petri

189 2390 243 2450 =bis
268 2390 430 2453 consilium
453 2389 535 2467 facit,
558 2389 673 2468 dicens,
697 2411 766 2450 eum
790 2410 979 2470 provocasse
1001 2391 1071 2451 sub·

189 2481 236 2534 tos
259 2473 299 2533 ad
322 2473 533 2550 humilitatem,
556 2473 700 2534 videlicet
722 2493 782 2533 non
795 2475 999 2554 praecepisse,
1014 2493 1072 2534 nec

194 2557 364 2634 nsuluisse,
396 2556 450 2616 scd
474 2564 616 2635 tanquam
640 2556 678 2616 ad
701 2556 879 2615 humilitatis
913 2576 1070 2636 superero—

190 2650 259 2699 ,tnm
287 2647 337 2714 [ut
360 2647 489 2717 vocant)
517 2641 654 2698 meritum
677 2658 874 2718 provocasse.
907 2639 995 2699 Hanc
1015 2641 1071 2701 sci-

190 2731 227 2783 ret
251 2723 311 2781 vim
334 2723 364 2780 in
388 2722 544 2784 locutione
562 2722 616 2781 nei
634 2723 793 2781 inveniunt
806 2729 944 2800 'restores
959 2723 1072 2797 ovium,

193 2826 223 2864 m
248 2805 354 2865 Petrus
378 2806 554 2885 praecipiat,
578 2811 773 2886 pracceptum
799 2802 932 2864 divinum
963 2811 994 2866 et
1021 2825 1071 2864 ne·

191 2890 322 2949 scorium
346 2884 482 2946 addens:
505 2887 555 2947 sio
576 2894 622 2947 est
646 2888 786 2946 voluntas
809 2887 874 2947 Dei.

239 2990 409 3066 Sequemur·
433 3000 533 3048 tamen
556 3007 677 3048 sensum
702 2988 777 3063 eius,
800 2987 850 3066 qui
873 2997 929 3062 est,
951 2987 1010 3046 hac
1028 2988 1071 3048 lo·

195 3075 288 3134 tionis
316 3073 345 3129 vi
379 3070 528 3132 distinctis
562 3071 718 3149 por-sonis,
754 3089 815 3129 non
839 3070 975 3145 Petrum,
1009 3090 1071 3131 non

192 3174 353 3217 ccessores
376 3155 450 3228 eius,
473 3175 534 3214 non
557 3162 692 3214 rectores
713 3154 744 3211 in
763 3151 909 3227 ecclesia,
932 3151 985 3212 sed
1004 3153 1072 3212 sub·

191 3249 237 3301 tos
262 3245 377 3298 tanturn
401 3238 562 3315 provocari
584 3237 622 3297 ad
645 3236 876 3297 subiectionem.
909 3234 1072 3295 Videamus

191 3324 228 3385 rid
253 3330 407 3400 sequatur.

240 3423 359 3497 Prim0,
393 3421 498 3480 Petrus
521 3427 552 3479 et
586 3420 747 3498 pontifices
784 3427 854 3478 sunt
885 3419 1019 3497 exempti
1054 3439 1074 3479 a

192 3511 325 3585 accepto
337 3505 405 3580 Dei,
429 3523 491 3564 non
513 3502 604 3562 decet
625 3520 680 3563 eos
703 3501 829 3562 obedire
845 3502 925 3578 Deo,
948 3501 1002 3560 sed
1024 3519 1072 3562 sn

191 3611 203 3651 s
226 3587 376 3649 subditos.
410 3587 450 3646 EI
469 3605 536 3645 cum
559 3586 604 3645 ius
628 3605 683 3645 seu
705 3585 830 3645 verbnm
854 3583 987 3644 divinum
1010 3603 1074 3644 om·

191 3674 267 3750 bus,
288 3669 489 3752 praefigatur,
529 3668 647 3747 magnis
678 3674 710 3727 et
744 3669 861 3746 parvis,
895 3667 1074 3746 nullumque

192 3763 238 3815 rat
258 3762 433 3830 exceptum,
468 3752 607 3811 notarios
632 3757 738 3813 tamen
758 3751 867 3834 Papae
890 3756 1085 3832 potestatem

192 3835 240 3894 let
261 3835 414 3911 excipere,
438 3852 518 3914 quos
544 3835 643 3900 volet.
688 3838 738 3902 lta
759 3836 874 3916 vines,
903 3856 963 3919 per
979 3834 1104 3894 becre-
