2709 4417
216 348 280 415 ru
356 300 361 308 ’
507 347 539 399 11.
559 346 665 401 anas
684 346 717 400 n.
737 347 771 400 a.
792 346 870 399 na.

218 533 429 595 ooniormes
421 531 548 612 imagini
580 529 691 590 Christi
718 527 948 612 reddamur*)
979 530 1045 589 siva
1065 530 1129 590 illud

217 619 249 677 in
271 618 349 682 vita
378 616 445 674 sire
474 617 505 673 in
529 613 633 672 interis
659 610 729 689 fiat,
762 613 812 673 vel
835 613 930 672 etiam
952 613 983 672 in
1006 613 1130 692 periculo

220 700 344 774 mortis
372 699 458 756 utin
479 696 549 756 illos
572 701 703 756 terrores
727 696 948 770 nominamur,
971 702 1003 754 et
1023 703 1132 756 oontre

219 783 395 857 misaamus,
417 798 455 838 aa
473 797 582 839 omnes
604 778 675 838 illos
698 779 866 837 sentiamus
879 742 1045 855 erudiatus,
1067 796 1133 856 quoa

220 864 357 924 Christus
390 863 420 921 in
451 879 540 922 oruoe
562 861 695 940 pertulit.
737 860 794 920 Est
820 866 924 921 autern
948 860 1133 936 horrendum,

219 946 270 1006 illa
294 952 357 1005 tum
377 944 510 1022 demum,
533 962 601 1002 oum
624 943 662 1002 de
683 946 748 1002 vita
758 944 979 1023 periclitamur,
1002 945 1133 1023 experiri.

302 1026 408 1086 Orahit
427 1028 520 1107 igitur
541 1026 750 1104 unusquisque
774 1026 889 1105 Deum,
923 1032 958 1086 nt
981 1043 1134 1087 corsuum

219 1107 392 1169 induratum
421 1109 574 1184 emolliat,
612 1117 646 1168 ut
674 1111 773 1188 possit
803 1127 872 1168 enm
906 1110 1010 1169 frnotu
1041 1110 1135 1187 aliquo

241 1193 396 1251 assionem
420 1191 531 1251 Christi
553 1190 729 1270 diligentins
751 1193 856 1252 animo
880 1192 1034 1252 meditari.
1066 1191 1135 1251 Nan

219 1212 280 1334 hoo
301 1292 393 1334 nenio
421 1274 586 1354 cogitabit,
622 1272 704 1351 quod
733 1275 847 1334 nostris
869 1275 988 1335 viribus
1011 1274 1135 1334 sinedi·

220 1357 292 1416 vina
312 1359 411 1436 gratia
433 1358 607 1435 passionem
631 1356 741 1416 Christi
771 1376 844 1418 vere
876 1357 1022 1417 meditari
1048 1359 1135 1436 possi-

220 1457 297 1515 mus,
319 1439 377 1498 Dei
398 1438 473 1498 illud
495 1446 542 1498 est
564 1457 651 1518 opus,
673 1458 736 1499 non
749 1447 896 1500 nostrum.
921 1441 1034 1518 Neque
1053 1441 1134 1499 etiam

220 1521 298 1580 haee
319 1521 368 1580 vel
391 1521 452 1580 alia
473 1520 631 1597 donentur,
653 1529 687 1581 ut
708 1523 826 1602 cogites
848 1524 909 1583 tuis
923 1523 1041 1583 viribus
1058 1542 1136 1602 prae-

220 1605 293 1662 stari
315 1623 353 1663 ea
373 1623 475 1699 posse.
512 1604 539 1664 A
563 1605 628 1664 Deo
651 1605 704 1664 illa
725 1605 854 1668 facultas
875 1604 1068 1684 postulanda
1087 1612 1134 1677 eat

221 1692 254 1744 nt
280 1686 361 1745 illius
390 1688 505 1766 gratia,
541 1705 603 1746 non
634 1689 748 1748 nostris
779 1687 892 1748 viribus
926 1688 1025 1748 adiuti
1059 1707 1133 1767 prae-

220 1775 301 1829 stare
324 1787 361 1828 ea
378 1770 538 1847 possimus.
582 1769 659 1829 Nam
684 1769 766 1848 qnod
791 1770 851 1848 illi,
884 1771 925 1830 de
956 1770 1067 1849 quibus
1093 1789 1132 1829 su-

219 1869 275 1930 pra
296 1850 445 1929 diximus,
467 1870 529 1911 non
551 1859 634 1912 reate
657 1852 768 1912 Christi
789 1854 970 1932 passionem
994 1859 1132 1925 tractave-

220 1940 298 2009 runt,
322 1934 353 1993 id
376 1941 472 1994 totum
495 1935 567 1994 inda
582 1937 727 2011 manavit,
748 1934 832 2013 qnod
854 1937 917 1995 suis
937 1935 1054 1996 viribus
1075 1937 1131 1996 heti

222 2016 362 2076 humanis
381 2018 550 2078 rationibus
571 2037 636 2077 rem
649 2024 854 2099 tentaverunt,
881 2037 985 2097 neque
1008 2018 1130 2078 divinam

222 2102 350 2179 gratiam
372 2099 622 2178 imploraverunt.
664 2099 786 2160 Nullam
818 2102 910 2180 igitur
938 2100 1013 2160 inde
1041 2120 1130 2181 repor-

220 2189 321 2242 tarunt
343 2182 515 2244 utilitatem

301 2266 447 2343 Decimo,
483 2267 533 2343 qui
555 2265 647 2345 igitur
670 2264 781 2324 Christi
810 2267 992 2345 passionem
1015 2266 1063 2326 vel
1084 2285 1130 2345 per

220 2367 311 2407 unum
335 2348 433 2423 diem,
468 2348 516 2407 vel
537 2367 593 2427 per
613 2348 708 2406 horae
730 2349 861 2426 spatium
885 2349 931 2407 sie
952 2351 1056 2409 animo
1078 2369 1127 2408 me

219 2429 331 2491 ditatus
352 2431 457 2506 faerit,
489 2430 527 2490 de
549 2431 603 2490 illo
626 2448 701 2490 sane
724 2430 783 2490 diei
806 2430 880 2490 illud
903 2430 1024 2492 Alberti
1046 2433 1127 2511 patie-

220 2532 301 2590 mur,
334 2513 415 2592 quod
439 2514 545 2572 melias
567 2514 642 2572 illud
664 2520 784 2593 tempus
808 2453 1064 2590 collocaverit,p
1048 2533 1126 2593 quam

220 2596 245 2655 si
266 2615 321 2675 per
342 2616 454 2656 annum
477 2597 604 2674 singulis
627 2595 734 2656 diebus
756 2597 889 2672 ieiunet,
927 2603 981 2656 aut
1001 2596 1128 2656 Psalmo·

218 2696 283 2737 rnm
313 2680 429 2739 librum
449 2679 582 2739 evolvat.
626 2679 711 2739 Haeo
739 2680 820 2738 enim
852 2678 1012 2740 meditatio
1040 2687 1127 2740 totum

218 2761 360 2821 immutat
379 2763 546 2837 hominem,
570 2769 601 2821 et
621 2761 851 2847 quodammodo
864 2769 1038 2841 regenerat,
1059 2763 1128 2821 sieut

218 2843 394 2924 baptismus
440 2845 541 2923 Atque
568 2844 628 2904 hoo
655 2844 729 2904 illud
750 2863 929 2924 germanum
952 2852 983 2904 et
1005 2845 1128 2924 praeola-

218 2946 283 2986 rnm
307 2929 459 3006 passionis
482 2927 593 2987 Christi
572 2936 693 3007 tropus
716 2935 778 3004 est,
811 2934 842 2987 ut
870 2926 1104 2988 mortificett
1056 2935 1128 2988 veta·

218 3028 282 3091 rem
304 3009 470 3087 hominem,
494 3017 526 3070 ut
536 3010 721 3090 voluptates,
743 3012 815 3070 item
831 3009 972 3069 flduoiam
998 3029 1035 3071 ao
1052 3029 1128 3089 spen

217 3094 249 3152 in
279 3100 433 3152 creaturas
463 3094 583 3170 eiioiat3
615 3092 873 3171 quemadmodum
896 3091 1036 3153 Christus
1063 3111 1128 3171 qno

218 3194 278 3254 que
300 3174 338 3235 ab
360 3175 519 3255 omnihus,
543 3177 634 3237 etiam
658 3175 697 3236 ab
718 3178 786 3256 ipso
809 3175 886 3254 Deo,
909 3181 976 3235 erat
998 3177 1128 3236 desertus

218 3276 256 3317 ao
276 3257 448 3319 destitutus.

233 3366 235 3373 ·
301 3341 489 3419 Undecimo,
522 3361 589 3402 anm
621 3342 713 3421 igitur
740 3360 803 3401 nou
834 3341 872 3399 sit
901 3346 1074 3400 nostrarum
1094 3340 1130 3399 vi·

217 3424 294 3482 rium
324 3427 368 3484 sia
391 3424 529 3484 meditari
553 3425 666 3485 Christi
689 3424 883 3502 passionem,
917 3441 1130 3502 nonnunquam

152 3540 162 3549 -
217 3506 344 3585 aooidit,
368 3513 401 3568 ut
422 3507 453 3566 id
476 3529 494 3567 a
515 3508 581 3567 Deo
605 3508 812 3586 postulemus,
837 3523 937 3583 neque
959 3513 1063 3565 tamen
1083 3506 1130 3564 im·

217 3597 382 3668 patremus,
405 3610 461 3666 eo,
485 3609 545 3669 quo
570 3608 626 3649 nos
650 3589 807 3666 volumus,
830 3595 985 3667 tempore,
1009 3587 1131 3666 quodsi

137 3740 139 3744 ,
217 3669 280 3752 flat,
304 3692 366 3732 non
389 3673 460 3733 ideo
476 3675 577 3733 statim
593 3672 818 3752 desperandum
843 3677 896 3731 aut
908 3669 1132 3731 intermittenda

218 3819 467 3945 ”aazia
