2709 4417
369 341 412 398 vl.
432 340 536 399 &ndo
554 340 697 414 quomodo
715 344 752 397 stt
769 359 795 413 p.
815 356 839 396 u
858 341 894 397 ad
913 359 950 400 m.
1054 339 1117 407 453

194 527 272 590 bunt
293 535 460 611 perpetuo,
482 530 532 591 hic
554 529 624 591 dum
648 532 777 610 vixeris,
801 525 837 592 st
853 532 925 593 alibi
946 541 1018 612 post
1038 550 1116 593 mor·

193 617 256 673 tem
278 613 311 673 in
334 614 399 673 vita
421 619 555 675 aeterna.

191 776 245 837 Vl.
269 776 419 839 Concio
442 778 646 854 Quomodo
676 781 730 861 sit
751 779 948 860 parandus
971 780 1117 840 animus

538 861 584 923 ad
607 869 778 924 mortem.

277 1027 380 1088 Primo
403 1046 485 1088 mors
508 1034 555 1088 est
576 1027 665 1088 huius
688 1029 770 1089 vitae
793 1029 990 1106 omniumque
1012 1029 1115 1087 huma

192 1127 305 1170 norum
330 1129 458 1189 operum
479 1109 558 1170 finis.
602 1111 739 1172 Necesse
760 1113 851 1192 igitur
873 1117 935 1185 est,
969 1117 1003 1170 ut
1024 1129 1117 1190 quen-

192 1199 258 1252 tum
282 1192 321 1252 ad
344 1193 481 1253 fortunas
503 1194 628 1272 attinet,
663 1213 719 1254 sua
746 1194 829 1254 bona
850 1194 1059 1272 uuusquisque
1080 1194 1117 1253 iis

193 1274 337 1356 deleget,
366 1294 444 1354 quos
467 1282 498 1336 et
519 1276 605 1358 leges
627 1283 659 1337 et
680 1296 737 1336 sua
757 1277 900 1337 voluutas
923 1276 1030 1336 iubent
1050 1295 1114 1336 suc

193 1356 324 1437 cedere,
353 1377 394 1419 ne
425 1358 529 1437 alique
550 1359 689 1440 litigandi
713 1366 744 1420 et
765 1358 972 1420 contendendi
994 1361 1117 1421 occasio

193 1441 387 1520 relinquatur
420 1443 667 1520 successoribus,
700 1442 739 1502 ad
782 1461 859 1521 quoa
892 1441 993 1501 redire
1027 1441 1119 1502 debet

191 1523 380 1587 haereditas.
422 1524 480 1585 Est
506 1531 609 1586 autem
624 1512 718 1585 ireec
745 1531 874 1585 externa
897 1531 928 1585 et
949 1525 1117 1604 corporalis

192 1605 348 1685 quaedam
371 1608 460 1684 ratic,
484 1589 544 1687 due
564 1608 711 1668 mundum
733 1606 912 1686 deserimus,
936 1615 968 1668 et
989 1607 1117 1668 dicimus

192 1689 265 1750 vele
285 1690 481 1751 facultatibus
504 1697 536 1751 et
556 1691 685 1752 fortunis
707 1693 830 1750 nostris.

282 1805 444 1884 Secundo,
479 1816 527 1868 est
547 1814 650 1868 autem
672 1808 733 1868 alia
755 1807 907 1888 quaedam
931 1809 1024 1885 ratio,
1059 1826 1119 1887 qua

194 1887 344 1950 mundum
367 1888 550 1968 deserimus,
578 1909 669 1970 quam
692 1890 881 1970 spiritualem
904 1890 1063 1970 appellare
1085 1890 1119 1949 li·

193 1979 262 2050 cet,
285 1979 319 2032 ut
337 1980 463 2052 propter
485 1973 583 2034 Deum
606 1972 818 2035 condonemus
840 1971 926 2052 aliis,
947 1975 971 2032 si
994 1972 1066 2052 quid
1088 1975 1118 2033 in

194 2073 254 2117 nos
278 2056 496 2120 commiserint.
537 2057 614 2118 ltem
636 2063 669 2117 ut
691 2058 824 2116 vicissim
848 2076 905 2116 nos
929 2075 1051 2135 quoque
1072 2075 1118 2135 ro·

194 2157 305 2218 gemus
330 2140 452 2198 veniam
464 2138 503 2199 ab
516 2140 562 2217 iis,
586 2158 664 2218 quos
686 2141 745 2219 ipsi
771 2138 964 2217 offendimus,
986 2139 1035 2198 vel
1059 2157 1118 2198 ma·

194 2220 233 2280 lis
257 2220 420 2300 exemplis,
443 2221 493 2281 vel
516 2221 711 2301 quodminus
726 2221 909 2299 officiorum,
933 2242 1023 2300 quam
1047 2240 1118 2281 con·

195 2302 359 2378 veniebat,
390 2306 422 2363 in
454 2305 538 2384 ipsos
573 2305 803 2365 contulerimus.
846 2305 1002 2365 Habemus
1037 2305 1119 2364 enim

195 2386 256 2446 Dei
278 2386 474 2465 mandatum,
501 2395 534 2447 ut
555 2387 607 2455 alii
629 2388 696 2448 aliis
719 2389 830 2448 mutuis
852 2389 986 2448 caritatis
1010 2387 1118 2449 officiis

195 2468 343 2548 adsimus,
364 2469 435 2531 ideo
458 2477 560 2530 autem
582 2471 643 2530 hoo
659 2489 783 2550 quoque
798 2471 968 2549 requiritur,
991 2469 1118 2550 nequid

195 2551 397 2632 relinquatur,
419 2552 501 2632 quod
525 2554 746 2613 conscientiam
769 2569 897 2633 gravare
918 2553 1026 2631 possit.

279 2669 402 2749 Tertio,
424 2676 588 2750 postquam
611 2671 654 2730 ita
677 2669 817 2730 omuibus
839 2668 1014 2729 hominibus
1037 2670 1116 2729 vule-

196 2751 329 2829 dixsris,
365 2759 428 2812 tum
456 2753 487 2812 in
510 2753 609 2813 solum
633 2753 730 2813 Deum
754 2751 908 2833 defigendi
932 2759 1002 2812 sunt
1026 2753 1118 2813 oculi.

195 2834 275 2895 Nam
312 2834 350 2895 ad
379 2853 449 2895 eum
483 2853 605 2914 quoque
637 2855 696 2896 nos
729 2854 784 2915 per
814 2842 941 2896 mortem
972 2835 1118 2895 ducimur.

196 2917 252 2978 Est
273 2923 375 2978 eutem
395 2917 474 2978 haec
495 2925 627 2998 augusta
647 2918 701 2978 illa
724 2925 831 2997 porta,
853 2928 883 2978 et
903 2927 989 2979 arcta
1010 2920 1120 2978 semita

198 2999 237 3061 ad
259 3001 364 3078 vitam,
384 3019 451 3061 eam
475 2999 666 3062 confidenter
687 3000 894 3081 ingrediamur
912 3020 1041 3061 necesse
1063 3008 1118 3062 est.

197 3082 345 3158 Quamvis
368 3084 448 3143 enim
472 3090 557 3142 arcta
577 3085 618 3144 sit
639 3082 692 3144 illa
705 3085 823 3161 semita,
846 3091 1015 3143 esttamen
1038 3102 1118 3143 com-

195 3164 357 3245 pendiaria
378 3174 410 3226 st
431 3164 542 3226 brevis.

280 3269 323 3330 Et
343 3270 602 3348 quemadmodum
635 3272 709 3331 satis
739 3290 852 3351 magno
882 3290 950 3330 cum
981 3270 1117 3350 periculo

197 3373 275 3434 puer
296 3373 336 3413 ex
365 3353 419 3413 illa
449 3361 579 3433 angusta
603 3355 730 3414 materni
760 3355 838 3414 uteri
864 3353 974 3413 cellula
1004 3355 1033 3411 in
1057 3372 1118 3413 am·

196 3437 282 3516 plum
304 3434 364 3496 hoc
385 3436 592 3496 etiucundum
616 3438 697 3498 coeli
718 3437 819 3497 lumen
835 3437 942 3511 editur,
965 3435 1117 3497 sichomo

197 3538 255 3599 per
275 3518 361 3578 illam
385 3521 489 3580 mortis
506 3527 624 3600 portam
648 3539 687 3580 ex
709 3519 767 3580 hac
781 3521 892 3579 misera
913 3520 976 3578 vita
997 3520 1027 3578 in
1049 3538 1118 3599 per·

197 3607 323 3682 petuam
349 3603 443 3662 vitem
471 3604 632 3684 immigrat.
677 3603 717 3663 Et
749 3620 920 3682 quanquam
949 3600 1010 3661 hoc
1039 3601 1118 3662 coeli

198 3686 343 3766 spatium,
364 3686 395 3744 in
418 3704 477 3766 quo
500 3687 560 3745 iam
584 3687 723 3764 vivimus,
746 3687 817 3746 item
840 3684 893 3744 illa
915 3692 1014 3744 terrae
1038 3703 1118 3765 mag·

164 3758 173 3785 ’
193 3767 304 3826 nitudo
326 3768 402 3826 setis
424 3768 528 3849 ampla
550 3769 726 3850 videantur,
745 3775 833 3831 tanto
852 3775 960 3829 tamen
977 3774 1052 3826 sunt
1066 3767 1122 3824 mi-

183 3865 264 3906 nora
286 3853 319 3906 et
339 3851 536 3932 augustiore,
572 3855 598 3916 si
622 3854 664 3918 ad
685 3856 815 3920 futuros
834 3852 950 3917 coetos
970 3863 1157 3926 comunes,
