2709 4417
252 349 317 417 472
527 344 575 403 w.
595 345 700 400 concio
717 339 868 411 Quomodo
888 342 925 394 stt

256 539 329 600 dato
350 536 516 610 adductus,
551 552 607 594 oro
630 531 705 592 nihil
727 531 888 602 dubitans,
920 527 996 607 quin
1019 543 1066 586 me
1088 544 1162 602 exau·

257 623 324 682 dias
346 639 384 679 ac
406 637 508 679 veram
531 617 604 676 mihi
625 617 656 675 in
679 622 710 675 te
732 614 831 675 donea
851 611 958 672 fldem.

340 703 409 762 Hoc
428 702 520 781 igitur
540 718 596 778 per
616 707 712 758 totam
735 699 829 757 vitam
852 702 918 756 erat
950 713 971 752 a
992 693 1059 752 Deo
1079 700 1165 770 postu·

259 785 403 862 landum,
437 792 470 843 ut
497 782 649 842 morituris
680 780 794 840 donum
815 777 889 839 fidei
910 775 1106 838 concederet.
1129 773 1166 841 id

260 867 344 948 qnod
378 866 561 927 suavissimo
593 866 728 924 carmine
750 862 897 923 Germani
920 862 952 920 in
976 858 1059 919 seriis
1079 857 1168 916 Pente
1211 840 1212 882 ¹

261 957 364 1012 costas
387 954 516 1008 canunt:

305 1065 354 1127 au
378 1065 463 1127 bitteu
486 1063 538 1126 tuit
561 1067 610 1124 teu
632 1065 747 1142 heiligen
771 1063 842 1139 petit,

303 1146 377 1208 amu
400 1149 450 1208 bat
471 1144 577 1223 aetiten
599 1146 734 1209 &leuben
752 1145 904 1217 udetmaiii,

303 1229 373 1291 Qud
396 1247 423 1290 rt
446 1236 502 1289 oud
525 1229 619 1305 benite
643 1246 680 1288 uu
702 1229 807 1304 unietur
830 1225 918 1298 duta,

304 1310 397 1375 {Besa
420 1311 473 1372 tuit
496 1311 565 1389 [paim
588 1311 665 1384 iuteu
689 1318 744 1372 utut
767 1310 861 1385 bidem
884 1308 1001 1386 (diruta,
1024 1307 1157 1368 ttirioteit.

346 1445 442 1506 Porro
473 1448 552 1520 tum,
586 1463 654 1503 oum
682 1445 742 1504 iam
772 1441 969 1502 moriendum
998 1449 1067 1517 est,
1100 1441 1173 1500 huius

265 1528 432 1601 orationis,
464 1529 537 1586 item
561 1525 697 1586 mandati
719 1535 751 1587 et
770 1526 987 1605 promissionis
1009 1542 1086 1583 suae
1107 1541 1173 1582 oom-

265 1609 459 1670 moneiaoere
481 1609 579 1668 Deum
601 1611 761 1685 convenit,
794 1607 869 1667 nihil
893 1606 1090 1681 dubitantes,
1116 1607 1173 1683 quin

265 1699 371 1752 nostra
392 1692 431 1750 sit
452 1690 597 1751 exaudita
618 1692 727 1752 oratio.
768 1691 845 1750 Nam
869 1692 896 1750 si
917 1698 1084 1767 utrumque
1104 1707 1174 1767 prae-

266 1775 362 1852 cepit,
392 1780 423 1832 at
445 1776 631 1851 orationem,
666 1773 808 1834 attidem
831 1774 861 1831 in
884 1773 1045 1848 oratione,
1069 1773 1094 1829 si
1115 1789 1172 1848 quo-

270 1875 328 1934 que
350 1856 489 1935 promisit
509 1875 596 1915 suam
618 1859 766 1936 gratiam,
795 1855 867 1935 quid
897 1873 1016 1932 quaeso
1039 1853 1172 1915 dubitabi-

268 1957 333 1998 mus
363 1936 402 1996 de
430 1936 491 1998 fide
512 1938 629 2016 ipsius?
661 1942 727 2017 sine
759 1938 851 1998 dubio
876 1937 1024 1997 exaudiet
1045 1956 1116 2011 nos,
1145 1956 1173 1995 ao
1211 1976 1212 1980 =

266 2041 351 2081 suam
376 2019 506 2080 redimet
525 2020 628 2080 fidem.

353 2103 519 2182 Vigesimo,
541 2103 613 2182 quid
630 2113 733 2165 autem
755 2125 774 2164 a
795 2104 862 2164 Deo
887 2104 1020 2182 amplius
1041 2102 1110 2161 addi
1130 2122 1170 2180 po-

268 2184 386 2247 tested
409 2184 636 2247 confirmandos
658 2207 727 2265 nos,
750 2194 782 2246 ut
805 2194 917 2265 sponte
942 2192 1073 2245 mortem
1097 2185 1169 2244 obea-

268 2288 345 2343 mus,
367 2287 496 2347 eamque
518 2271 601 2328 omni
624 2279 706 2331 metu
729 2270 871 2348 deposito
894 2287 1084 2347 superemus.
1211 2296 1212 2301 1

350 2350 491 2410 Ostendit
519 2360 551 2410 et
578 2351 674 2412 donat
703 2353 803 2412 tibiin
825 2350 947 2425 Christo
973 2351 1085 2427 vitam,
1117 2370 1168 2428 gra·
1211 2310 1212 2398 d

269 2436 339 2493 tiam
365 2440 395 2492 et
415 2433 608 2511 felicitatem,
640 2435 748 2513 quibus
771 2433 891 2493 adiutus
923 2452 1025 2511 neque
1048 2441 1168 2491 mortem.

268 2534 368 2594 neque
391 2523 560 2594 peccatum,
582 2538 641 2578 nec
661 2519 811 2577 infernum
833 2523 963 2576 metuas.

350 2597 513 2658 Praeterea
542 2609 702 2679 peceatum
732 2607 830 2677 tuum,
862 2605 993 2658 mortem
1016 2606 1111 2668 tuam,
1136 2606 1168 2654 tu-

270 2699 380 2759 umque
408 2681 575 2757 infernum,
608 2684 661 2742 illa
690 2685 720 2742 in
750 2682 938 2762 unigenitum
967 2699 1055 2739 sunm
1083 2679 1168 2737 Filium

269 2763 383 2837 reiicit,
406 2767 439 2821 ut
460 2765 485 2822 is
508 2765 666 2824 victoriam
690 2786 727 2823 ex
750 2764 809 2824 illis
830 2763 971 2824 hostibus
994 2769 1108 2841 partam
1127 2760 1168 2818 tibi

270 2844 374 2918 donet,
395 2864 434 2904 ne
457 2844 527 2923 quid
550 2848 682 2926 amplius
704 2845 828 2906 laedere
851 2852 881 2905 te
902 2847 1034 2925 possint.

352 2926 513 2987 Praeterea
534 2933 705 2990 tentatione
728 2930 849 3003 mortis,
876 2929 988 2987 inferni
1015 2934 1047 2987 et
1069 2926 1171 3006 peccati

272 3008 423 3069 Christum
447 3029 570 3089 quoque
592 3013 700 3072 Filium
728 3031 815 3072 suum
838 3017 981 3086 exercet,
1015 3018 1048 3069 ut
1075 3008 1172 3068 habeas

269 3092 458 3170 exemplum,
492 3093 649 3171 quomodo
682 3093 827 3154 ferendae
857 3099 887 3152 et
914 3091 1104 3172 superandae
1125 3092 1172 3148 sint

270 3175 453 3235 tentationes
475 3175 557 3235 illae.

351 3256 465 3317 Horum
489 3264 590 3317 autem
615 3260 750 3319 omnium
775 3258 926 3319 donorum
953 3258 985 3316 in
1008 3263 1039 3317 te
1062 3255 1173 3316 collato-

269 3357 334 3396 num
359 3341 487 3419 pignora
509 3340 595 3401 addit
619 3361 674 3401 sua
697 3348 902 3418 sacramenta,
923 3347 956 3399 ut
978 3340 1103 3401 omnino
1125 3356 1176 3396 oer-

268 3427 316 3479 tus
339 3421 429 3497 plane
451 3422 525 3482 nihil
547 3424 678 3484 dubitas.

350 3502 420 3562 Suis
444 3506 572 3584 angelis,
597 3506 717 3567 Sanctis
739 3506 944 3567 accusaturis
967 3505 1029 3564 suis
1049 3501 1178 3563 omnibus

268 3585 311 3643 tui
335 3603 437 3645 curam
460 3586 640 3666 demandat,
674 3595 708 3649 ut
737 3607 888 3667 nusquam
918 3608 937 3647 a
964 3594 995 3648 te
1025 3585 1180 3647 deflectant

268 3667 393 3747 oeulos,
421 3668 475 3728 sed
498 3671 631 3730 animam
655 3672 716 3731 iam
739 3672 875 3732 morituri
898 3671 1057 3750 excipiant
1079 3675 1109 3730 et
1128 3688 1180 3729 ser·

266 3756 350 3815 vent,

350 3837 543 3905 Mandatum
562 3840 736 3920 praeterea
756 3829 893 3902 adrodit,
915 3834 956 3882 nt
976 3826 1040 3878 xxxo.
1062 3844 1089 3879 a
1108 3841 1147 3876 ss
1157 3841 1208 3892 aa
