2709 4417
370 358 456 429 Epist.
476 358 535 415 Ioh.
554 358 629 414 ilarii
658 359 694 413 ad
711 357 773 415 «ἵν.
792 358 985 414 Ηοοὴεπαῐοω
1057 354 1120 423 475

203 543 364 623 extemplo
387 543 605 606 Melanchthon
635 542 745 606 eodem
773 562 879 606 mense
909 562 996 604 suum
1024 560 1119 624 oppo

204 628 264 684 suit
310 627 456 705 seriptum
494 627 772 708 elegantissimum:
808 628 998 689 Defensio
1031 626 1119 689 Phi·

203 708 306 788 lippi
346 710 663 771 Melanchthonis
718 718 855 771 eontra
903 711 1118 771 Iohannem

203 791 362 851 Ecoium
385 793 641 874 Theologiac
662 794 948 854 Professorem.

286 874 457 953 Epistulam
481 875 565 935 Mocii
588 876 627 936 ad
650 876 710 937 lac.
731 877 935 936 Hoohstraten
964 876 1066 936 datam
1091 881 1121 936 et

202 958 367 1099 epppitippam
383 957 628 1101 Melancpntthopis
649 958 978 1102 adogoolauppppium
997 959 1120 1106 mipggpp

200 1060 233 1099 re
278 1059 388 1099 rrmus
417 1060 456 1100 ex
479 1060 496 1100 e
519 1062 550 1106 ι.
598 1061 705 1102 enensr
799 1089 806 1102 .
859 1063 876 1100 u
913 1061 956 1102 eri
977 1062 1004 1101 a.

200 1122 251 1183 ubi
274 1123 418 1201 leguntur
438 1123 472 1186 T.
495 1125 516 1186 1.
539 1144 568 1203 p.
592 1125 651 1189 359
674 1144 741 1204 sqq.
755 1062 797 1197 ll).
841 1126 873 1184 ln
896 1124 967 1186 edit.
990 1087 1121 1185 Witten3

200 1206 285 1286 berg.
310 1205 369 1264 hae
392 1206 542 1284 epistolae
564 1214 595 1267 et
615 1208 733 1287 reliqua
747 1226 826 1286 quae
848 1212 1016 1285 sequuntur
1038 1209 1120 1267 inve·

201 1290 327 1347 niuntur
357 1287 393 1348 Τ.
419 1288 441 1348 Ι.
487 1291 571 1353 .335
595 1309 678 1368 sqq„
712 1291 887 1370 germanice
917 1290 1060 1370 leguntur
1087 1291 1117 1350 in

200 1370 338 1429 Walohii
360 1370 431 1430 edit.
455 1309 533 1450 (lpp.
557 1370 642 1436 Luth.
666 1373 700 1432 T.
723 1372 789 1450 XV,
812 1393 841 1453 p.
865 1374 944 1436 1443
968 1392 1035 1452 sqq.

285 1453 416 1512 Textum
443 1453 660 1515 Excusationis
682 1448 836 1515 Mucianae
858 1455 1056 1534 repetivimus
1081 1475 1120 1516 ex

199 1536 344 1596 editione
365 1537 518 1615 principe,
541 1555 619 1615 quae
642 1537 755 1617 prodiit
777 1538 832 1597 sub
855 1538 914 1598 hoo
936 1538 1039 1598 titulo:

240 1618 458 1678 Excusatio
485 1619 674 1680 Eclrii'ad
708 1639 752 1680 ea
782 1640 880 1700 quae
907 1620 1013 1680 falso
1045 1620 1120 1681 sibi

240 1701 448 1780 philippus
498 1701 782 1762 Melanchthon
838 1705 1120 1782 grammaticus

241 1783 568 1864 Vuittenbcrgen.
598 1804 713 1864 super
733 1785 977 1862 Theologioa
1000 1785 1120 1866 dispu-

241 1869 397 1925 tatione
426 1865 581 1945 Lipsica
609 1865 835 1946 adscripsit.
879 1867 971 1928 Tituli
1007 1870 1121 1950 pagina

241 1968 302 2008 nec
323 1967 436 2015 annum
465 1968 522 2008 nec
544 1950 662 2027 locum,
692 1969 757 2029 quo
786 1951 907 2010 libellus
936 1951 1035 2010 editus
1065 1957 1121 2029 est,

241 2031 368 2107 indicat,
391 2031 486 2109 signis
502 2037 604 2091 autem
627 2033 857 2113 typographicis
881 2039 989 2094 ornata
1012 2045 1067 2108 est,
1089 2035 1120 2094 in

241 2113 351 2191 quibus
387 2114 507 2193 insigne
541 2114 622 2174 urbis
650 2114 772 2194 Lipsiae
811 2117 952 2176 cernitur.
995 2116 1029 2176 In
1059 2115 1120 2177 line

243 2196 367 2275 legitur:
411 2194 499 2254 (lum
530 2197 761 2277 Privilegio.

285 2278 431 2338 Defensio
460 2278 535 2341 Phil.
569 2279 814 2340 Melanchthonis
847 2280 967 2341 reddita
995 2288 1043 2341 est
1081 2301 1120 2342 ex

199 2359 338 2420 editione
363 2361 518 2440 originali,
554 2363 840 2440 quaeann01519
864 2362 919 2424 sub
947 2362 1007 2424 hoo
1029 2364 1117 2424 titulo

197 2443 322 2521 Lipsiae
344 2442 474 2522 prodiit:
1184 2504 1187 2508 Δ

240 2524 960 2606 DefensioPhilippiMelanchthonis
983 2535 1121 2590 contra

239 2607 428 2668 Ioannem
453 2608 617 2667 Mokium
650 2608 892 2689 Theologiae
913 2610 1120 2690 professo·

236 2709 324 2751 rem.
366 2690 458 2750 Tituli
481 2691 594 2770 pagina
628 2710 685 2750 neo
718 2692 819 2752 locum
851 2712 909 2752 nec
935 2712 1048 2753 annum
1075 2693 1119 2753 iu·

241 2771 325 2833 diost
346 2791 446 2850 neque
467 2771 562 2832 ullum
584 2790 657 2852 prae
678 2794 711 2833 se
725 2775 783 2834 fert
807 2781 1018 2835 ornamentum
1031 2782 1119 2856 typo-

239 2853 428 2936 graphicum.
470 2846 504 2914 ln
529 2853 589 2914 line
611 2855 737 2952 legitur:
760 2856 841 2937 Lipsi
861 2860 940 2937 (sic)
965 2858 1120 2937 impressit

240 2937 785 3101 Villittltlltlttltllllli·
801 3022 985 3082 concursus
1001 3028 1117 3083 axium

274 3208 302 3268 1)
325 3205 398 3258 llaec
417 3208 492 3259 Eccii
512 3207 630 3274 epistola
656 3207 690 3258 ad
713 3208 764 3261 lac.
784 3208 966 3261 Hochstraten
988 3209 1071 3260 missa
1088 3210 1116 3262 iu

197 3285 276 3330 tomo
297 3277 418 3329 seeundo
438 3277 566 3330 editionis
578 3278 702 3331 lenensis
723 3278 792 3347 Opp.
814 3280 888 3332 Luth.
910 3296 936 3347 p.
948 3279 1000 3333 494
1018 3279 1117 3333 iisdem

197 3349 290 3401 verbis
318 3355 360 3399 est
379 3352 495 3416 repetita
520 3350 571 3401 sub
600 3351 651 3401 hac
670 3353 862 3417 inscriptione:
894 3350 1018 3418 Epistola
1036 3351 1118 3404 Nota-

195 3420 327 3472 bilissimi
341 3418 396 3471 Viri
418 3427 444 3472 et
463 3421 586 3488 Magistri
606 3421 729 3489 Magistri
750 3423 860 3474 loannis
879 3422 957 3473 Eclrii
977 3425 1062 3474 missa
1083 3439 1118 3474 ex

196 3490 290 3557 Lipsia
310 3489 344 3540 ad
364 3493 502 3547 famosum
522 3497 549 3543 et
567 3493 748 3544 reverendam
769 3493 878 3545 Patrem
898 3494 1020 3546 Fratrem
1040 3494 1118 3548 Jaco-

196 3563 263 3614 bum
285 3561 546 3626 Hoelrstratensem„
578 3564 739 3632 Magistrum
765 3568 793 3616 in
812 3565 968 3632 Theologio
991 3574 1116 3618 nostrum

197 3641 249 3685 ete.
269 3647 351 3698 quam
373 3633 419 3685 ille
439 3640 568 3701 tanquam
589 3637 740 3702 pretiosum
773 3637 932 3687 thesaurum
953 3636 1119 3690 cordialissi·

196 3706 249 3755 mis
270 3705 365 3754 amieis
386 3722 446 3756 eum
460 3720 562 3772 magna
575 3705 665 3774 gloria
686 3707 814 3774 ostendit,
834 3723 916 3773 quam
937 3709 1018 3759 etiam
1038 3708 1117 3760 multi

190 3774 334 3825 Iacobitae
351 3778 570 3843 excopiaveruut
591 3777 639 3846 (In
658 3778 714 3834 line
729 3778 802 3850 lege.
824 3778 873 3832 Mu
887 3777 983 3846 lipsia
994 3778 1044 3831 Ἃ.
1058 3779 1125 3831 lulli

184 3846 270 3893 Anno
288 3846 400 3909 gratiae
417 3847 544 3903 M,D,XX
568 3848 655 3920 (sic).
