2709 4417
232 342 275 411 88
447 344 604 413 Disputatio
623 344 731 412 Lipsiae
748 345 841 399 babila
857 361 880 400 a.
900 342 966 399 XIX

230 532 395 611 ecclesiae,
422 531 474 592 ille
502 531 583 591 enim
613 535 662 592 cst
683 529 859 611 principalis
881 531 1046 595 Dominus·
1077 534 1113 596 Set

231 617 302 696 quia
322 616 444 676 Petrum
475 613 632 675 constitnit
652 613 816 686 vicarium,
848 621 880 675 et
901 621 1081 696 potestatem
1103 639 1113 680 ι

147 740 153 753 ,
229 717 321 780 super
334 705 400 760 tota
412 695 694 772 ecolesiaoontulit,
716 695 797 770 uti1)
817 696 918 759 &Leo
940 717 1009 760 can.
1029 699 1113 762 ltaDo

230 783 328 843 minus
351 784 400 846 21.
423 780 492 841 dist.
515 784 651 841 testatur.
674 778 716 841 Et
736 780 830 842 miror
848 781 1011 861 plurimum
1023 800 1037 861 ,¹
1060 801 1113 862 quo

228 865 335 927 relicto
359 869 446 926 textu
468 863 498 925 Β.
520 862 633 923 Leonis
654 862 840 936 reverendus
860 864 952 925 Pater
981 865 1080 945 arripit
1096 867 1113 929 il

228 968 319 1009 unam
340 948 476 1028 glossam
498 946 595 1007 textui
616 943 809 1009 contrariam.
844 946 911 1008 Imo
932 953 1048 1009 tantum
1069 968 1113 1010 oon

226 1031 285 1093 fert
305 1031 425 1093 Christo
447 1028 624 1091 ascendenti
646 1028 686 1089 ad
707 1028 835 1108 coelos,
856 1033 890 1092 ut
910 1031 981 1093 loco
1003 1033 1049 1092 sui
1069 1052 1113 1094 oon

190 1156 193 1161 -
227 1116 366 1177 stituerct
385 1114 436 1174 hic
458 1113 602 1174 vicarium
625 1119 738 1192 caput,
769 1111 807 1173 ad
836 1113 919 1193 quod
940 1122 1023 1176 esset
1043 1135 1113 1178 recu

227 1218 280 1261 sus
298 1199 331 1258 in
353 1196 451 1258 dubiis
474 1201 505 1256 et
525 1196 592 1255 aliis
614 1194 736 1258 casibus
757 1197 994 1277 emergentibus,
1016 1215 1057 1260 ne
1077 1205 1113 1259 tot

227 1279 337 1342 Christi
356 1278 491 1340 ccclesia
510 1284 592 1339 esset
612 1298 705 1338 unum
727 1279 887 1341 confusum
908 1280 1003 1342 chaos
1022 1282 1113 1343 Anan

225 1365 372 1444 goricum.
392 1363 485 1423 Istam
506 1362 689 1423 sententiam
712 1368 779 1423 tota
799 1369 884 1424 tenet
905 1364 1052 1444 ecclesia,
1066 1366 1113 1425 sic

227 1453 273 1509 est
293 1447 324 1507 in
344 1445 554 1526 responsorio,
576 1463 637 1523 quo
660 1444 792 1506 ecclesia
812 1445 850 1507 de
871 1445 903 1509 S.
925 1447 1017 1508 Petro
1038 1448 1113 1510 utitur

225 1529 271 1591 'l'u
299 1549 332 1590 es
361 1534 467 1609 pastor
488 1528 613 1604 ovium,
640 1529 784 1607 princeps
811 1529 1035 1608 apostolorum.
1076 1529 1113 1592 tlt

227 1611 350 1674 tradidit
376 1613 460 1673 Deus
482 1612 586 1671 omnia
612 1629 710 1691 regna
730 1611 845 1672 mundi.
888 1612 935 1673 lta
969 1631 1113 1674 oremus:

224 1695 366 1757 ecclesia.
387 1694 453 1755 lmo
478 1692 597 1755 divinus
618 1693 810 1771 Promissus,
838 1694 946 1775 sigillis
968 1697 1112 1776 stigmam

215 1778 432 1859 approbatus,
457 1778 566 1837 tratres
598 1777 671 1836 suos
699 1782 730 1836 et
748 1781 847 1838 totum
868 1777 974 1839 orbem
998 1784 1113 1839 terrarui

226 1860 331 1922 docuit
352 1859 478 1921 obedire
505 1878 625 1920 summo
647 1858 803 1936 Pontifici,
836 1856 869 1920 et
894 1861 924 1920 in
951 1861 1059 1941 regula
1084 1860 1113 1920 bt

224 1944 391 2024 praecepit.
434 1941 509 2005 Ideo
541 1940 579 2001 de
608 1960 645 2002 eo
675 1943 757 2002 canit
785 1942 928 2004 ecclesia:
969 1944 1113 2004 Franciso

224 2028 271 2087 vir
293 2025 462 2088 catholicus
486 2031 518 2084 et
531 2029 614 2094 totus
625 2024 814 2104 apostolicus
835 2032 940 2086 tenere
951 2025 1045 2087 fidem
1058 2027 1113 2087 Bor

226 2109 377 2170 ecclesiae
405 2106 520 2169 docuit.
548 2107 594 2167 lta
614 2106 735 2186 plurimi
762 2110 871 2170 summi
891 2107 1072 2183 Pontifices,
1102 2110 1112 2168 i

226 2211 313 2253 soora
342 2190 473 2252 coucilia
505 2187 728 2266 definiverunt,
756 2209 835 2269 quae
865 2191 1024 2252 brevitatis
1046 2191 1111 2252 stud

224 2294 287 2357 non
309 2273 438 2335 adduco.
460 2273 612 2333 Plurimae
636 2291 759 2350 quoque
779 2271 810 2335 S.
832 2275 954 2334 Petrum
976 2275 1113 2336 sententis

222 2358 305 2419 idem
333 2362 446 2418 sonant
475 2361 506 2416 et
527 2354 706 2435 approbant.
746 2354 833 2430 Quae
866 2358 970 2419 onmia
991 2377 1049 2418 suo
1071 2365 1113 2420 ter

224 2461 318 2522 pore,
347 2450 421 2499 cum·
440 2438 545 2499 videro
567 2437 728 2498 reverendi
748 2437 845 2499 Patris
867 2445 1030 2506 tractatum
1052 2460 1113 2520 supr

222 2524 283 2584 hoc
304 2523 430 2600 negotio
452 2519 605 2582 adducere
625 2539 687 2581 non
710 2521 874 2602 negligam.

304 2605 336 2667 Si
358 2611 458 2664 tamen
480 2604 625 2684 primatus
647 2602 737 2662 Rom.
765 2602 921 2666 Pontificio
950 2610 1068 2666 tantum
1088 2606 1113 2666 iu

220 2688 358 2749 innititur
376 2687 520 2765 humano,
543 2691 574 2746 et
594 2684 731 2746 elevatur
752 2705 904 2747 consensu
924 2688 1041 2768 populi,
1064 2706 1113 2749 unt

221 2780 294 2841 tuno
314 2766 473 2831 reverendi
485 2769 582 2829 Patris
604 2767 807 2829 mendicitatis
823 2770 1038 2851 privilegium?
1057 2771 1113 2832 Unt

221 2855 280 2915 iste
313 2852 472 2932 religionis
509 2850 631 2912 babitus
647 2850 673 2927 ἶ),
713 2850 803 2912 Unde
844 2859 982 2932 potestas
1029 2855 1113 2915 conis

222 2938 325 2999 siones
362 2933 520 3011 audiendi,
549 2932 762 3012 praedicandi,
795 2953 863 2996 cum
897 2935 965 2997 aliis
995 2937 1113 2999 inumer

220 3019 398 3100 privilegiis,
421 3016 529 3097 quibus
552 3035 571 3076 a
593 3016 667 3077 sede
689 3016 862 3097 apostolica
882 3018 1060 3095 obruuntur,
1083 3039 1113 3100 ep

221 3103 339 3182 scopis,
369 3099 608 3179 archiepiscopis
637 3106 668 3160 et
690 3101 801 3161 curatis
822 3101 997 3181 frequenter
1026 3110 1112 3164 contr

157 3186 160 3201 ²
223 3181 421 3247 dicentibus?
461 3180 519 3256 Qui
541 3188 643 3243 tamen
678 3189 712 3243 ut
728 3182 795 3251 ,filii
823 3183 1022 3245 obedientiae
1055 3185 1113 3247 Ror

219 3266 400 3329 Pontificem
423 3263 558 3342 audiunt,
582 3272 613 3324 et
632 3265 662 3324 in
674 3285 713 3325 eo
729 3264 891 3345 Christum,
915 3274 949 3328 ut
970 3268 1016 3328 sic
1027 3287 1111 3348 perp

220 3349 344 3412 tientiae
371 3349 486 3410 bonum
517 3347 608 3407 vitam
638 3346 844 3428 adipiscantur
870 3357 1037 3411 aeternam.

300 3433 386 3492 Haec
406 3429 512 3491 brevia
534 3429 616 3490 volui
638 3429 772 3491 adiicere
807 3432 838 3490 in
868 3434 1023 3512 praesenti
1045 3431 1110 3512 disp

189 3546 203 3564 ι
220 3516 344 3579 tationis
366 3513 511 3593 negotio,
535 3518 682 3590 quantum
703 3520 823 3593 tempus
845 3513 937 3593 dedit,
961 3513 1051 3595 plura
1070 3516 1112 3576 ali

220 3598 291 3676 quin
314 3596 469 3673 allaturus,
491 3595 549 3655 nisi
565 3594 725 3656 'fastidium
746 3616 796 3658 me
818 3596 1002 3686 absterreret
1025 3605 1056 3659 et
1076 3598 1113 3660 ill·

218 3680 357 3742 strissimi
379 3678 529 3760 Principis
550 3678 661 3743 iussus.

235 3841 273 3912 1)
293 3844 325 3899 ln
348 3845 393 3902 ed.
416 3849 518 3922 orig:
540 3846 602 3902 ubi.
706 3843 714 3865 ¹
