2709 4417
464 362 483 400 a
498 347 620 403 hlotariis
637 353 798 416 excepta„
911 354 917 368 ‘
1008 341 1071 413 123

230 534 318 597 Illud.
340 535 455 598 Johan.
477 535 539 615 ult,
561 536 646 615 quod
668 536 726 598 soli
750 536 841 598 Petro
871 533 984 598 dictum
1008 540 1071 597 est:

189 637 285 697 lquere
313 637 378 696 me,
416 620 582 699 interprete
606 618 804 699 Theophilo,
831 621 871 681 sit
900 618 1072 699 intelligen-

189 723 221 760 ιιι]
243 722 307 763 non
331 702 427 763 modo
450 701 488 762 de
511 721 624 782 genere
648 703 799 782 martyrii,
834 701 888 763 sed
911 708 942 763 et
964 700 1073 763 ordine

189 786 329 865 agisterii.
357 785 448 864 Nego
470 784 695 866 Theophilum,
735 804 802 845 aum
825 783 908 864 quod
928 784 1073 865 Augusti·

189 888 208 926 is
228 868 338 929 melius
362 867 501 928 videatur
522 869 635 928 sentire
658 868 763 928 dicens
785 869 841 927 sic:
865 866 1001 946 Sequere
1023 886 1073 928 me

189 951 333 1030 mporalia
356 951 437 1010 mala
458 950 651 1029 perferendo.
686 951 727 1010 Et
748 952 774 1010 si
797 951 987 1030 Augustinus
1008 968 1072 1011 non

189 1039 284 1111 caret,
317 1035 386 1113 ipse
420 1039 520 1094 textus
558 1033 711 1114 evangelii
740 1034 948 1095 convinceret.
989 1031 1074 1093 Exiit

189 1117 233 1177 rim
260 1135 363 1176 sermo
393 1117 471 1176 inter
501 1115 684 1195 discipulos,
714 1116 796 1195 quod
831 1114 999 1195 discipulus
1020 1114 1073 1176 ille

189 1219 216 1258 in
237 1207 421 1277 moreretur,
450 1217 517 1258 cum
546 1198 706 1260 audissent
727 1198 880 1259 Christum
903 1199 1072 1260 dicentem:

206 1282 278 1343 volo
301 1281 387 1341 illum
410 1300 544 1358 manere,
567 1281 638 1360 quid
661 1282 701 1342 ad
722 1281 773 1341 te?
795 1281 840 1342 Tu
863 1300 912 1341 me
933 1299 1073 1359 sequere.

191 1384 225 1426 eo
246 1365 526 1427 manifestissimum
550 1371 611 1442 est,
634 1364 718 1443 quod
741 1364 780 1424 de
800 1383 916 1443 genere
937 1363 1074 1443 martyrii

189 1447 359 1528 passionis
382 1447 512 1510 imitatio
534 1448 594 1508 ista
614 1446 816 1526 intelligenda
838 1448 884 1508 sit.
1150 1447 1152 1451 ’

235 1529 336 1604 Quare
358 1549 417 1609 ego
441 1547 518 1609 rogo
543 1529 579 1590 D.
601 1529 637 1589 D.
663 1531 888 1590 omittatnova
909 1527 1073 1604 adducere,

189 1615 385 1693 tpraesertim
409 1631 456 1688 ea,
478 1631 558 1692 quae
581 1632 642 1673 non
654 1612 771 1673 faciunt
792 1611 832 1671 ad
853 1631 928 1689 rem,
951 1628 1020 1671 cum
1042 1616 1075 1671 et

189 1716 214 1776 go
248 1714 371 1774 possem
395 1694 539 1756 iuducere
573 1695 649 1754 illud
684 1693 754 1757 Act.
776 1695 824 1771 8.,
861 1693 912 1754 ubi
939 1693 1074 1772 apostoli

190 1781 298 1838 iserunt
320 1778 441 1838 Petrum
465 1785 496 1838 et
517 1777 690 1839 iohannem
714 1784 857 1856 tanquam
887 1776 1073 1854 inferiorem,

189 1861 262 1921 ;hct
285 1864 332 1925 15.
358 1860 493 1921 lacobus
529 1879 702 1921 sermonem
734 1860 815 1921 Petri
849 1867 881 1920 et
913 1856 1072 1919 confirma·

189 1947 202 2004 lt
219 1951 247 2004 et
267 1945 404 2005 mutavit.
437 1942 497 2004 Sed
520 1943 603 2003 nolui
624 1942 703 2003 haec
731 1950 762 2002 et
784 1942 895 2003 similia
916 1938 1074 2017 inducere,

189 2047 221 2086 rm
246 2025 422 2086 iamdudum
453 2028 658 2087 concesserim
686 2026 849 2104 primatum
871 2022 997 2084 honoris
1019 2023 1073 2083 Pe·

189 2128 212 2187 ·o,
232 2110 393 2188 solumque
414 2110 590 2188 negaverim
613 2109 776 2188 primatum
797 2107 959 2187 potestatis
983 2123 1088 2185 super

189 2200 270 2253 steros
294 2192 465 2272 apostolos.
502 2192 586 2252 llaec
607 2198 655 2250 est
676 2191 757 2251 euim
779 2189 832 2254 illa
845 2207 988 2269 persona,
1009 2190 1072 2249 imo

189 2276 356 2354 tprimatus
386 2275 528 2352 honoris,
559 2292 650 2352 quam
680 2273 763 2332 Deus
792 2291 854 2333 non
877 2272 1020 2351 respicit,
1040 2277 1074 2333 ut

189 2358 289 2437 iperius
312 2356 434 2433 induxi,
467 2376 528 2418 non
551 2364 652 2416 autem
681 2355 734 2415 illa
757 2373 890 2435 persona
911 2353 1073 2433 piscatoris

189 2431 401 2520 tparipertatis,
425 2446 457 2499 ut
472 2439 661 2516 Ambrosius,
684 2437 835 2498 referente
855 2437 1000 2513 Doctore,
1022 2455 1072 2495 ex-

189 2524 263 2584 osuit.
287 2521 495 2602 Hieronymus
518 2523 599 2582 enim
622 2520 732 2580 melius
754 2520 793 2580 de
815 2517 979 2599 magnifica
1001 2536 1072 2597 qua

189 2610 239 2666 late
260 2605 388 2665 Paulum
409 2607 642 2685 interpretatur,
664 2622 755 2681 quam
778 2600 1011 2682 pseudapostoli
1033 2599 1072 2663 ad

189 2688 289 2766 alatam
312 2696 460 2766 tanquam
482 2687 521 2748 ab
543 2687 708 2747 autoritate
718 2685 808 2761 Petri,
830 2684 1007 2745 subvertere
1019 2700 1072 2743 vo-

189 2777 282 2832 lerunt.
327 2770 400 2832 Sum
423 2771 504 2830 enim
528 2775 691 2832 contentus
714 2769 848 2846 optime,
870 2765 952 2844 quod
976 2765 1012 2824 l).
1034 2765 1072 2831 D.

189 2871 249 2915 ram·
261 2854 504 2934 propositionem
527 2872 582 2932 per
604 2853 784 2911 autoritates
796 2848 987 2928 Hieronymi,
1000 2846 1073 2907 Am·

189 2912 426 3013 mciiiiernardi,
447 2936 559 2996 Leonis
574 2932 775 3010 confirmavit,
797 2932 962 3012 praecipue
983 2949 1076 3009 super

189 3037 236 3078 auc
256 3019 470 3079 autoritatem:
493 3018 537 3078 Tu
562 3037 596 3079 es
617 3017 734 3092 Petrus,
753 3013 848 3076 modo
872 3031 941 3073 mea
954 3019 1074 3075 senten·

189 3106 261 3176 sut
283 3102 313 3160 in
336 3100 592 3181 praecedentibus
615 3099 798 3174 dictumest,
820 3096 937 3158 eisdem
960 3101 992 3155 et
1012 3113 1073 3155 ma·

189 3182 269 3243 uibus
297 3183 510 3244 autoritatibus
537 3189 569 3244 et
600 3183 698 3261 magis
731 3179 771 3240 ad
799 3179 1001 3241 intentionem
1030 3176 1073 3236 lo·

189 3266 326 3340 uentibus,
349 3265 559 3327 confirmatior
582 3263 739 3336 habeatur,
761 3263 895 3323 referens
910 3259 1072 3338 haecquo-

189 3366 220 3406 ue
237 3348 274 3408 ad
296 3349 452 3426 iudicium,
476 3355 631 3426 utsupra.

532 3529 686 3591 Eccius.

241 3682 437 3746 Reverendus
468 3682 561 3742 Pater
587 3679 719 3743 recludit
739 3653 831 3742 hodie
853 3679 1014 3754 conclusa,
1043 3681 1074 3737 et
1114 3669 1119 3684 “

189 3779 207 3832 s,
233 3781 308 3837 puae
331 3765 416 3823 velut
435 3765 621 3831 accessorio.
637 3773 671 3830 et
694 3766 888 3832 emblemata
906 3766 940 3828 in
964 3759 1088 3826 conclu-

189 3854 224 3896 ue
242 3842 358 3903 adiecit
383 3848 589 3931 coronidem,
624 3855 809 3940 repercutit
836 3860 875 3921 ut
900 3845 1111 3942 principali&
