2709 4417
267 349 330 416 194
466 352 626 420 Disputatio
643 351 756 421 Lipsius
774 353 869 406 lubito
887 368 914 407 u.
933 351 997 406 XIX

250 537 349 619 ”quoti
372 538 515 599 contritio
537 537 649 598 nullius
670 539 711 599 sit
730 538 885 618 utilitatis,
905 539 964 601 nisi
987 535 1043 596 fiat
1061 536 1091 595 in
1109 538 1166 596 enn'·
1204 534 1221 578 t

266 628 339 686 tote.
359 620 562 701 Hocquidom
586 640 701 699 verum,
724 621 779 681 sed
802 621 972 682 secuudum
986 620 1168 699 August'nun
1199 620 1221 685 t:

265 703 306 764 od
327 705 486 764 ceritatem
506 723 570 767 nou
592 705 777 783 pervenitur,
800 705 859 764 nisi
880 718 937 785 per
957 705 1106 765 timorem.
1133 701 1169 762 ‘ll
1199 700 1221 765 ,e

266 805 334 847 mor
355 786 610 848 medicamentum
632 794 689 865 est,
712 789 823 849 carita
851 789 977 848 sunites.
1019 785 1105 846 Unde
1123 803 1171 846 non
1200 784 1221 853 ,n

266 869 435 930 secedente
468 868 595 930 ceritute
622 888 732 931 omnes
760 871 840 931 bene
870 875 1026 932 noverunt
1051 870 1171 931 morou
1201 876 1221 921 t-

266 951 352 1012 illum
376 952 625 1032 insufficientem,
657 958 825 1033 propterea
844 955 876 1014 iu
899 955 952 1015 vie
971 952 1059 1013 illum
1079 953 1171 1012 consti·
1202 990 1205 1003 ·

265 1041 362 1113 munt,
383 1054 447 1095 non
468 1036 661 1098 intermino.
1200 1036 1204 1057 ²

347 1133 397 1194 Ad
418 1136 568 1196 rationem
585 1148 625 1195 ex
646 1135 681 1196 B.
694 1135 846 1215 Dionysio
868 1141 1023 1215 sumptam
1045 1134 1172 1211 transisit

266 1217 321 1278 sed
342 1236 406 1277 non
429 1220 549 1298 aperuit
570 1219 606 1279 D.
628 1216 729 1294 Peter,
751 1235 819 1277 oum
843 1224 1006 1297 peccatum
1029 1217 1069 1276 sit
1086 1217 1171 1296 imno,

266 1302 430 1360 sicuritas
452 1302 601 1380 superius,
623 1299 710 1383 quod
733 1303 772 1361 sit
794 1300 929 1361 medium
950 1298 1190 1380 pervenientis·

265 1390 393 1464 peccato
415 1384 447 1442 in
469 1385 637 1462 ceritatem,
659 1389 692 1444 et
713 1385 852 1464 profecto
874 1384 958 1444 eliud
980 1381 1056 1442 dare
1075 1383 1196 1464 nequit,'

266 1482 358 1545 quem
390 1466 536 1545 Basilius,
566 1466 665 1544 Beda,
703 1469 909 1548 Augustinus,
937 1465 1171 1543 Bernartius

266 1565 394 1610 morem.

348 1645 466 1708 Deinde
488 1649 617 1708 assumit
637 1650 766 1730 gratiam
789 1651 971 1730 praevenire
1004 1648 1173 1711 timoremet

267 1746 420 1809 amorem,
450 1730 533 1811 quod
559 1733 584 1790 si
605 1731 741 1810 loquitur
762 1731 803 1793 de
823 1733 923 1813 gretie
952 1732 1097 1792 motionis
1117 1731 1171 1792 divi-

266 1832 335 1892 nae,
357 1832 419 1893 que
439 1812 522 1874 Deus
545 1833 602 1873 nos
625 1813 790 1897 aspirando
812 1815 990 1895 praevenit,
1010 1815 1106 1874 fateor
1124 1816 1171 1894 qul·

266 1896 336 1956 dein
357 1906 456 1975 tunc,
492 1896 517 1957 sl
549 1901 650 1957 autem
681 1896 816 1979 loquitur
853 1897 892 1958 de
921 1895 1021 1981 gretie
1050 1897 1170 1977 ostiolis,

265 1974 340 2040 illut
362 1998 424 2039 non
447 1985 592 2059 eccepto,
616 1978 688 2059 quit
709 1980 806 2057 illius,
836 1988 915 2060 quae
936 1986 1022 2041 recte
1045 1980 1171 2060 sapientie

269 2064 299 2122 iri
322 2058 485 2143 Scripturis
511 2062 704 2143 appellatur,
736 2062 856 2122 initium
878 2071 926 2124 est
947 2065 1039 2123 timor
1060 2060 1171 2139 Domini,

268 2146 406 2225 quamvls
429 2146 521 2205 timor
541 2145 599 2205 iste
621 2145 738 2224 absque
761 2147 887 2206 ceritnte
916 2148 957 2206 sit
977 2146 1170 2207 infructuosus.

349 2244 462 2325 Porr0,
486 2245 567 2327 quod
592 2242 805 2326 Ambrosium,
827 2236 1087 2327 Gregorium,'et
1112 2244 1171 2306 elios

166 2360 170 2365 -
267 2327 410 2390 doctores
438 2328 579 2406 admittit,
603 2328 657 2388 sed
681 2349 743 2390 non
766 2335 874 2389 contre
889 2328 1075 2411 Apostolum
1097 2326 1131 2388 de
1147 2330 1172 2388 t·

267 2431 352 2472 more
366 2412 455 2492 legis,
477 2413 669 2491 nescioquas
688 2410 818 2473 offundit
831 2412 970 2473 nebulas.
993 2412 1083 2472 Dicet
1099 2411 1173 2487 clere,
1219 2472 1221 2479 ,

264 2500 320 2554 'eut
340 2494 390 2553 isti
419 2492 448 2558 S.
472 2494 576 2555 Patres
605 2515 660 2574 per
683 2515 731 2555 me
761 2494 887 2575 allegati
908 2501 1083 2576 repugnent
1103 2492 1173 2554 dictis
1219 2490 1221 2495 ’

267 2577 428 2661 Apostoli,
451 2577 500 2637 vel
523 2579 631 2638 miuus.
672 2578 704 2639 Si
732 2585 905 2670 pepugueut
933 2579 1017 2639 dicto
1040 2576 1174 2657 Apostoli,
1215 2608 1217 2615 ·

266 2658 327 2720 hoc
349 2659 511 2738 ostendet,
547 2658 630 2739 quod
651 2680 806 2741 uunquam
836 2658 901 2721 fieri
928 2680 1024 2742 posse
1054 2659 1173 2738 arbitror,
1219 2736 1221 2741 Ι

268 2762 336 2819 cum
370 2744 401 2803 in
429 2743 522 2802 sacris
558 2743 720 2823 Scripturis
747 2742 859 2805 fuerint
876 2744 1128 2823 exercitatissimi
1152 2748 1175 2803 el

267 2818 381 2909 Spiritu
414 2832 521 2886 sancto
560 2824 686 2906 repleti,
724 2828 900 2906 apostolum
929 2826 1058 2888 Paulum
1094 2845 1174 2907 aeque
1217 2876 1221 2909 .·

268 2909 347 2971 bene
369 2908 586 2988 intelligentes,
608 2910 686 2969 sicut
707 2929 774 2972 nos.
799 2908 830 2971 si
852 2929 914 2970 non
937 2916 1111 2991 repugnent
1129 2909 1173 2968 dic·
1209 2938 1214 2947 ·

267 2986 306 3052 tis
328 2986 427 3070 Pauli,
465 2997 525 3052 stet
552 3011 658 3052 eorum
691 2994 883 3070 sententiae,
911 3001 943 3054 et
963 2992 1174 3074 praedicatores

268 3074 392 3135 modum
424 3075 615 3135 contritionis
647 3083 677 3135 et
706 3077 917 3156 poenitentiae
945 3076 1116 3161 preciotpm
1134 3074 1173 3135 do·

176 3219 179 3226 ,
268 3164 372 3219 centes
395 3178 456 3218 non
478 3156 649 3241 improbet,
682 3178 740 3219 nec
767 3160 806 3219 ab
827 3159 1002 3220 hominibus
1025 3158 1173 3239 peccatori·
1211 3230 1217 3235 ,

269 3241 325 3302 bus
363 3241 536 3300 huiusmodi
569 3242 711 3301 timorem
740 3242 879 3303 servilem
911 3242 1014 3303 utilem
1044 3241 1172 3324 ret-qnasi

193 3371 199 3386 .
255 3325 474 3384 necessarium
498 3323 629 3383 medium
652 3325 805 3385 excludet.

350 3441 419 3503 Nou
448 3442 564 3503 relevat
591 3458 681 3520 eum,
711 3442 792 3520 quod
816 3443 971 3505 existimet
992 3443 1099 3506 habits
1117 3443 1174 3506 cuti·

199 3527 204 3539 “
269 3530 332 3585 tote
354 3526 470 3587 moveri
504 3531 637 3587 mentem
658 3525 698 3585 ed
721 3527 877 3604 timonem,
898 3527 1045 3604 quonium
1065 3526 1123 3589 hcc
1139 3544 1173 3584 es·
1218 3556 1221 3565 ·

269 3613 317 3668 set
343 3609 487 3668 canonino
525 3627 611 3669 more
636 3608 822 3688 retrogradi,
861 3617 968 3670 contre
994 3611 1030 3671 B.
1052 3608 1173 3689 Gregorii

266 3693 452 3755 senteutiam
484 3691 536 3753 lib.
565 3695 595 3756 2·
626 3691 756 3754 humilio
777 3695 828 3754 tu.
863 3712 954 3769 snper
987 3692 1172 3754 Ezechielem.

258 3775 394 3838 Constet
414 3777 529 3859 procul
553 3775 664 3855 dubio,
685 3777 761 3854 oute
780 3793 803 3834 u
820 3775 936 3831 tumore
961 3772 1007 3831 ou
1024 3774 1191 3856 septenium

244 3863 452 3946 menuitur,
476 3884 546 3928 non
570 3868 683 3925 entem
704 3877 728 3917 u
738 3854 901 3936 tuttiffli'm
919 3850 965 3908 ὠ
980 3851 1136 3907 mmm
1146 3844 1210 3900 xci»
