2709 4417
460 371 510 425 ad
528 372 588 428 loh.
607 372 862 444 oecolampadlum.
1064 373 1128 438 483

210 562 244 617 ut
272 559 503 619 consentiamus
533 561 564 618 in
595 565 702 620 nostra
730 578 798 620 esse
819 565 990 639 potestate,
1023 562 1129 639 inquit.

209 638 243 698 ld
259 636 497 700 Oarolostadius
519 643 710 722 oppugnavit
730 642 848 721 aliquot
868 643 1032 723 Augustini
1055 645 1129 704 locis

208 728 241 781 et
267 722 330 783 hoc
352 724 437 783 Pauli
454 727 487 797 *t
523 724 704 784 fortissime:
738 725 821 784 Deus
854 725 947 785 efficit
975 727 1004 785 in
1038 727 1128 787 nobis

208 804 291 864 velle
313 812 344 865 et
364 805 521 885 perficere,
565 808 666 886 Atque
689 808 784 883 haec,
817 808 847 866 ui
871 808 976 885 fallor,
1009 816 1129 869 sentcn-

207 887 251 947 lia
280 889 367 947 salva
388 889 603 949 Oarolostadio
631 891 752 952 mansit.
795 888 953 964 Quaedam
977 910 1032 970 pro
1056 892 1129 971 dog-

208 976 293 1029 ·ato
330 989 387 1030 suo
416 991 456 1031 ex
483 971 639 1031 Beruardo
677 973 911 1051 transcripserat
942 973 1053 1033 Ecoius
1090 974 1128 1034 ad

205 1068 272 1112 ram
294 1072 401 1132 parum
424 1055 595 1116 attinentia.
639 1055 741 1132 Atque
763 1055 840 1114 haec
861 1056 925 1116 fare
947 1063 1026 1129 aunt,
1048 1075 1127 1135 quae

206 1151 276 1193 cum
301 1134 518 1196 Osrolostadio
540 1136 661 1197 Eocius.
704 1137 857 1216 Integraur
894 1138 986 1198 credo
1014 1138 1128 1198 hebdo-

207 1216 330 1276 madam
354 1218 541 1296 perdidimus
563 1221 594 1278 in
617 1220 674 1294 his,
698 1238 826 1299 quorum
842 1222 943 1300 capita
960 1220 1129 1302 συντόμως

206 1300 325 1359 notavi.

289 1381 347 1441 His
374 1382 533 1442 autoribus
570 1385 699 1462 primum
729 1382 836 1461 didici,
872 1384 943 1462 quid
978 1386 1018 1443 sit
1045 1384 1127 1462 quod

206 1469 328 1524 veteres
352 1464 568 1546 σοφιστεύειν
591 1464 741 1525 dixerunt.
779 1466 887 1525 Mirum
920 1467 997 1526 haec
1025 1469 1128 1526 omnia

207 1563 267 1624 quo
291 1547 437 1624 tumultu,
470 1566 560 1625 quam
589 1549 705 1627 tragice
729 1556 858 1608 tractata
880 1550 955 1625 sint,
992 1568 1052 1627 quo
1075 1552 1126 1608 mi·

206 1648 262 1688 nus
286 1630 396 1688 mirum
420 1637 481 1706 est,
509 1649 616 1708 parum
640 1631 809 1707 profectum
840 1650 918 1692 esse.
962 1631 1024 1692 Sua
1046 1634 1127 1691 enim

152 1738 155 1743 ·
208 1711 331 1771 silentia
367 1718 450 1772 amat
478 1712 625 1793 Spiritus,
664 1732 719 1791 pei·
750 1730 830 1790 quae
862 1714 951 1773 nobis
985 1714 1127 1792 illabitur,

207 1812 301 1873 seque
322 1796 459 1854 insinuat
480 1794 607 1874 cupidus
630 1813 692 1854 non
715 1795 844 1873 gloriae,
866 1796 919 1854 sed
937 1814 1126 1875 cognosceu-

205 1875 263 1935 dae
295 1878 442 1940 veritatis.
491 1876 561 1936 Non
596 1882 716 1956 prostat
746 1879 776 1936 in
813 1877 979 1956 porticibus
1012 1897 1127 1956 sponsa

146 2018 148 2023 ,
203 1957 258 2018 illa
291 1959 407 2019 dilecta
437 1958 572 2036 Christo,
607 1959 660 2019 sed
695 1961 725 2018 in
759 1960 884 2019 domum
919 1961 1021 2020 matria
1051 1981 1127 2022 suaa

198 2058 352 2120 sponsum
374 2041 554 2118 introducit,
592 2043 653 2101 imo
678 2060 779 2120 neque
801 2042 853 2101 ulli
875 2062 933 2101 nos
956 2045 1125 2121 sapientiae

197 2123 350 2184 coelestis
372 2123 448 2183 radii
469 2123 636 2202 illustrent,
668 2126 728 2183 nisi
757 2126 816 2184 iam
848 2131 919 2185 ante
947 2143 1038 2186 curce
1060 2145 1125 2205 per-

195 2212 352 2286 purgatos
375 2213 574 2284 mortuosque
595 2208 730 2286 pristinis
754 2206 856 2266 mundi
880 2208 1062 2282 elementia,
1095 2217 1129 2268 ut

193 2305 272 2349 cnm
297 2288 395 2348 Paulo
418 2287 528 2350 dicam.

286 2371 351 2431 Sub
379 2370 456 2430 hacc
484 2378 515 2431 et
535 2373 572 2432 D.
595 2373 741 2431 Martinus
762 2371 910 2431 Lutherus
938 2374 970 2431 iu
1000 2391 1124 2433 arenam

193 2451 376 2530 descondit,
398 2473 468 2513 nam
491 2454 639 2513 hacteuus
656 2473 716 2514 non
741 2455 813 2513 satis
830 2462 944 2513 certum
968 2462 1033 2514 arat
1054 2474 1121 2515 oon·

194 2535 307 2616 gredi,
354 2554 421 2595 curn
462 2555 573 2596 causac
610 2535 781 2596 invidiosae
812 2537 928 2596 iudices
963 2536 1126 2617 designare

193 2617 369 2679 commode
392 2637 453 2677 non
476 2626 597 2697 posset,
627 2638 684 2697 pro
707 2621 770 2678 iure
794 2619 1019 2698 Appellationis
1041 2639 1124 2682 suae.

196 2700 324 2761 Tamen
354 2720 422 2761 cum
457 2700 496 2761 de
522 2720 559 2762 eo
589 2703 799 2778 convenisset,
831 2703 880 2780 agi
908 2709 1050 2781 coeptum
1079 2710 1126 2762 est

199 2782 241 2843 de
271 2784 405 2843 Romani
433 2783 590 2844 Pontificis
621 2786 799 2861 autoritate,
832 2791 1125 2864 controversumque

199 2872 260 2943 est,
284 2884 323 2925 an
346 2868 410 2926 iure
432 2866 536 2926 divino
559 2867 681 2945 probari
715 2873 821 2944 posset
842 2870 1031 2927 oecumenici
1048 2868 1125 2928 Pon·

200 2947 294 3008 tificia
317 2949 486 3008 autoritas?
519 2949 597 3008 Esse
620 2950 850 3008 oecumenicum
873 2948 1052 3010 Pontificem
1082 2952 1125 3009 in·

199 3050 307 3112 genua
337 3033 448 3090 fatetur
469 3031 626 3094 Luthsrus,
671 3032 704 3090 ln
728 3033 787 3091 lroc
809 3031 963 3110 disputat,
999 3052 1037 3091 an
1060 3034 1124 3092 iure

201 3113 312 3174 divino
333 3113 457 3192 probari
473 3115 537 3173 eius
560 3114 708 3173 autoritas
730 3115 837 3194 possit.
869 3114 902 3172 ln
920 3114 1001 3174 huuc
1021 3115 1123 3174 locum

200 3195 454 3275 quandoquidem
476 3198 567 3276 paulo
592 3198 732 3276 asperior
752 3204 815 3273 est,
839 3196 903 3255 dies
927 3199 1070 3274 quinque,
1093 3199 1123 3256 ni

199 3279 310 3360 fallor,
349 3281 480 3354 impensi
520 3288 598 3338 sunt.
647 3279 692 3338 lbi
727 3279 822 3337 multa
857 3279 968 3338 acerbe
1001 3279 1122 3356 Ecoius,

200 3362 300 3421 multa
322 3363 499 3440 inciviliter,
522 3361 654 3422 breviter
677 3363 781 3443 ornnia
804 3361 971 3436 eiusmodi,
996 3368 1029 3420 ut
1048 3363 1123 3421 invi·

199 3443 286 3504 diam
311 3443 392 3523 apud
414 3444 523 3524 vulgus
545 3444 678 3503 Luthero
703 3442 860 3504 conflaret.

288 3527 510 3606 Argumentum
547 3528 674 3606 primurn
713 3534 779 3586 erat
817 3525 917 3602 Eccii,
961 3525 1121 3586 ecclesiam

197 3606 379 3692 ἀκέφαλον
400 3628 469 3670 essa
490 3627 553 3670 non
580 3627 688 3688 possa,
725 3628 794 3668 oum
830 3606 920 3666 civile
942 3625 1053 3687 corpus
1076 3609 1123 3668 sit.

239 3767 310 3773 -—--
324 3767 351 3772 -..
363 3767 440 3773 .---...
455 3766 610 3774 ..ψ-ιη-..

264 3864 293 3929 *)
313 3864 414 3932 Plrilip.
435 3866 459 3920 2.
