<?xml version="1.0" encoding="UTF-8"?>
<!DOCTYPE html PUBLIC "-//W3C//DTD XHTML 1.0 Transitional//EN"
    "http://www.w3.org/TR/xhtml1/DTD/xhtml1-transitional.dtd">
<html xmlns="http://www.w3.org/1999/xhtml" xml:lang="en" lang="en">
 <head>
  <title>
</title>
<meta http-equiv="Content-Type" content="text/html;charset=utf-8" />
  <meta name='ocr-system' content='tesseract 3.04.00' />
  <meta name='ocr-capabilities' content='ocr_page ocr_carea ocr_par ocr_line ocrx_word'/>
</head>
<body>
  <div class='ocr_page' id='page_1' title='image "./operalatinavari00schmgoog_0039.png"; bbox 0 0 2709 4417; ppageno 0'>
   <div class='ocr_carea' id='block_1_1' title="bbox 517 341 1118 422">
    <p class='ocr_par' dir='ltr' id='par_1_1' title="bbox 517 341 1118 422">
     <span class='ocr_line' id='line_1_1' title="bbox 517 341 1118 422; baseline 0.002 -20"><span class='ocrx_word' id='word_1_1' title='bbox 517 347 674 421; x_wconf 71' lang='lat' dir='ltr'><strong>alonna</strong></span> <span class='ocrx_word' id='word_1_2' title='bbox 691 350 816 422; x_wconf 78' lang='lat' dir='ltr'><strong>excepta.</strong></span> <span class='ocrx_word' id='word_1_3' title='bbox 1076 341 1118 415; x_wconf 73' lang='lat'><strong>27</strong></span> 
     </span>
    </p>
   </div>
   <div class='ocr_carea' id='block_1_2' title="bbox 167 538 1127 3098">
    <p class='ocr_par' dir='ltr' id='par_1_2' title="bbox 167 538 1125 1528">
     <span class='ocr_line' id='line_1_2' title="bbox 235 538 1124 624; baseline 0 -20"><span class='ocrx_word' id='word_1_4' title='bbox 235 546 309 604; x_wconf 75' lang='lat' dir='ltr'><strong>nnus</strong></span> <span class='ocrx_word' id='word_1_5' title='bbox 334 554 441 602; x_wconf 83' lang='lat' dir='ltr'><strong>sacrae</strong></span> <span class='ocrx_word' id='word_1_6' title='bbox 474 538 649 624; x_wconf 69' lang='lat' dir='ltr'><strong>Scripturas</strong></span> <span class='ocrx_word' id='word_1_7' title='bbox 682 542 732 604; x_wconf 81' lang='lat' dir='ltr'><strong>vel</strong></span> <span class='ocrx_word' id='word_1_8' title='bbox 759 542 906 604; x_wconf 75' lang='lat' dir='ltr'><strong>historiae</strong></span> <span class='ocrx_word' id='word_1_9' title='bbox 935 540 1124 624; x_wconf 67' lang='lat' dir='ltr'><strong>approbatae</strong></span> 
     </span>
     <span class='ocr_line' id='line_1_3' title="bbox 168 623 1125 705; baseline 0 -19"><span class='ocrx_word' id='word_1_10' title='bbox 168 693 172 699; x_wconf 55' lang='grc'><strong>,</strong></span> <span class='ocrx_word' id='word_1_11' title='bbox 234 627 252 686; x_wconf 85' lang='lat' dir='ltr'><strong>ei</strong></span> <span class='ocrx_word' id='word_1_12' title='bbox 266 640 318 684; x_wconf 85' lang='lat' dir='ltr'><strong>non</strong></span> <span class='ocrx_word' id='word_1_13' title='bbox 340 623 552 687; x_wconf 79' lang='lat' dir='ltr'><strong>adversantur.</strong></span> <span class='ocrx_word' id='word_1_14' title='bbox 584 625 735 701; x_wconf 78' lang='lat' dir='ltr'><strong>Quoniam</strong></span> <span class='ocrx_word' id='word_1_15' title='bbox 758 625 898 687; x_wconf 87' lang='lat' dir='ltr'><strong>ecclesia.</strong></span> <span class='ocrx_word' id='word_1_16' title='bbox 911 624 964 685; x_wconf 91' lang='lat' dir='ltr'><strong>illa</strong></span> <span class='ocrx_word' id='word_1_17' title='bbox 979 626 1125 705; x_wconf 82' lang='lat' dir='ltr'><strong>militana,</strong></span> 
     </span>
     <span class='ocr_line' id='line_1_4' title="bbox 167 702 1124 790; baseline -0.001 -22"><span class='ocrx_word' id='word_1_18' title='bbox 167 702 172 723; x_wconf 74' lang='lat'><strong>&#39;¹</strong></span> <span class='ocrx_word' id='word_1_19' title='bbox 234 724 288 788; x_wconf 84' lang='lat' dir='ltr'><strong>quae</strong></span> <span class='ocrx_word' id='word_1_20' title='bbox 305 712 349 766; x_wconf 91' lang='lat' dir='ltr'><strong>est</strong></span> <span class='ocrx_word' id='word_1_21' title='bbox 369 708 456 768; x_wconf 86' lang='lat' dir='ltr'><strong>velut</strong></span> <span class='ocrx_word' id='word_1_22' title='bbox 475 728 568 769; x_wconf 91' lang='lat' dir='ltr'><strong>unum</strong></span> <span class='ocrx_word' id='word_1_23' title='bbox 594 726 714 790; x_wconf 75' lang='lat' dir='ltr'><strong>corpus,</strong></span> <span class='ocrx_word' id='word_1_24' title='bbox 734 710 821 769; x_wconf 84' lang='lat' dir='ltr'><strong>iuxta</strong></span> <span class='ocrx_word' id='word_1_25' title='bbox 842 709 876 769; x_wconf 89' lang='lat' dir='ltr'><strong>D.</strong></span> <span class='ocrx_word' id='word_1_26' title='bbox 896 708 981 768; x_wconf 89' lang='lat' dir='ltr'><strong>Pauli</strong></span> <span class='ocrx_word' id='word_1_27' title='bbox 1004 714 1124 769; x_wconf 88' lang='lat' dir='ltr'><strong>senten-</strong></span> 
     </span>
     <span class='ocr_line' id='line_1_5' title="bbox 233 791 1125 872; baseline 0.001 -21"><span class='ocrx_word' id='word_1_28' title='bbox 233 793 296 863; x_wconf 81' lang='lat' dir='ltr'><strong>tian,</strong></span> <span class='ocrx_word' id='word_1_29' title='bbox 322 795 368 850; x_wconf 89' lang='lat' dir='ltr'><strong>est</strong></span> <span class='ocrx_word' id='word_1_30' title='bbox 399 792 542 853; x_wconf 85' lang='lat' dir='ltr'><strong>instituta</strong></span> <span class='ocrx_word' id='word_1_31' title='bbox 564 799 595 853; x_wconf 90' lang='lat' dir='ltr'><strong>et</strong></span> <span class='ocrx_word' id='word_1_32' title='bbox 614 793 695 853; x_wconf 84' lang='lat' dir='ltr'><strong>lacta</strong></span> <span class='ocrx_word' id='word_1_33' title='bbox 717 791 756 851; x_wconf 89' lang='lat' dir='ltr'><strong>ad</strong></span> <span class='ocrx_word' id='word_1_34' title='bbox 778 792 943 872; x_wconf 84' lang='lat' dir='ltr'><strong>imaginem</strong></span> <span class='ocrx_word' id='word_1_35' title='bbox 973 791 1125 852; x_wconf 81' lang='lat' dir='ltr'><strong>ecclesiae</strong></span> 
     </span>
     <span class='ocr_line' id='line_1_6' title="bbox 167 872 1124 954; baseline 0 -20"><span class='ocrx_word' id='word_1_36' title='bbox 167 912 176 949; x_wconf 45' lang='lat' dir='ltr'><strong>t</strong></span> <span class='ocrx_word' id='word_1_37' title='bbox 233 872 437 952; x_wconf 83' lang='lat' dir='ltr'><strong>tn‘uruphantis‚</strong></span> <span class='ocrx_word' id='word_1_38' title='bbox 470 876 502 934; x_wconf 91' lang='lat' dir='ltr'><strong>in</strong></span> <span class='ocrx_word' id='word_1_39' title='bbox 531 892 593 954; x_wconf 85' lang='lat' dir='ltr'><strong>qua</strong></span> <span class='ocrx_word' id='word_1_40' title='bbox 622 881 669 936; x_wconf 88' lang='lat' dir='ltr'><strong>cst</strong></span> <span class='ocrx_word' id='word_1_41' title='bbox 689 894 751 936; x_wconf 85' lang='lat' dir='ltr'><strong>nne</strong></span> <span class='ocrx_word' id='word_1_42' title='bbox 774 874 952 934; x_wconf 82' lang='lat' dir='ltr'><strong>monarchia</strong></span> <span class='ocrx_word' id='word_1_43' title='bbox 982 873 1124 934; x_wconf 86' lang='lat' dir='ltr'><strong>omnibns</strong></span> 
     </span>
     <span class='ocr_line' id='line_1_7' title="bbox 168 954 1124 1038; baseline 0.003 -24"><span class='ocrx_word' id='word_1_44' title='bbox 168 1006 177 1031; x_wconf 64' lang='lat'><strong>‚‚</strong></span> <span class='ocrx_word' id='word_1_45' title='bbox 230 954 418 1036; x_wconf 75' lang='lat' dir='ltr'><strong>perordinem</strong></span> <span class='ocrx_word' id='word_1_46' title='bbox 442 956 614 1038; x_wconf 84' lang='lat' dir='ltr'><strong>dispositis,</strong></span> <span class='ocrx_word' id='word_1_47' title='bbox 636 976 734 1037; x_wconf 87' lang='lat' dir='ltr'><strong>usque</strong></span> <span class='ocrx_word' id='word_1_48' title='bbox 755 956 794 1017; x_wconf 90' lang='lat' dir='ltr'><strong>ad</strong></span> <span class='ocrx_word' id='word_1_49' title='bbox 817 975 908 1016; x_wconf 90' lang='lat' dir='ltr'><strong>unum</strong></span> <span class='ocrx_word' id='word_1_50' title='bbox 932 962 1039 1036; x_wconf 80' lang='lat' dir='ltr'><strong>capul,</strong></span> <span class='ocrx_word' id='word_1_51' title='bbox 1069 957 1124 1017; x_wconf 83' lang='lat' dir='ltr'><strong>sci·</strong></span> 
     </span>
     <span class='ocr_line' id='line_1_8' title="bbox 167 1037 1124 1115; baseline 0 -17"><span class='ocrx_word' id='word_1_52' title='bbox 167 1076 177 1112; x_wconf 88' lang='lat'><strong>:-</strong></span> <span class='ocrx_word' id='word_1_53' title='bbox 230 1040 281 1098; x_wconf 89' lang='lat' dir='ltr'><strong>icet</strong></span> <span class='ocrx_word' id='word_1_54' title='bbox 298 1037 405 1100; x_wconf 74' lang='lat' dir='ltr'><strong>licum.</strong></span> <span class='ocrx_word' id='word_1_55' title='bbox 448 1039 551 1115; x_wconf 88' lang='lat' dir='ltr'><strong>Quare</strong></span> <span class='ocrx_word' id='word_1_56' title='bbox 574 1046 604 1102; x_wconf 91' lang='lat' dir='ltr'><strong>et</strong></span> <span class='ocrx_word' id='word_1_57' title='bbox 624 1040 694 1103; x_wconf 89' lang='lat' dir='ltr'><strong>talis</strong></span> <span class='ocrx_word' id='word_1_58' title='bbox 717 1039 794 1101; x_wconf 92' lang='lat' dir='ltr'><strong>ordo</strong></span> <span class='ocrx_word' id='word_1_59' title='bbox 816 1057 835 1100; x_wconf 92' lang='lat' dir='ltr'><strong>a</strong></span> <span class='ocrx_word' id='word_1_60' title='bbox 857 1038 978 1099; x_wconf 80' lang='lat' dir='ltr'><strong>Christo</strong></span> <span class='ocrx_word' id='word_1_61' title='bbox 1008 1040 1038 1099; x_wconf 94' lang='lat' dir='ltr'><strong>in</strong></span> <span class='ocrx_word' id='word_1_62' title='bbox 1067 1044 1124 1099; x_wconf 90' lang='lat' dir='ltr'><strong>tar·</strong></span> 
     </span>
     <span class='ocr_line' id='line_1_9' title="bbox 167 1120 1124 1201; baseline 0.001 -21"><span class='ocrx_word' id='word_1_63' title='bbox 167 1158 177 1191; x_wconf 52' lang='grc' dir='ltr'><strong>ς,</strong></span> <span class='ocrx_word' id='word_1_64' title='bbox 229 1122 316 1181; x_wconf 77' lang='lat' dir='ltr'><strong>deest</strong></span> <span class='ocrx_word' id='word_1_65' title='bbox 336 1124 538 1201; x_wconf 86' lang='lat' dir='ltr'><strong>constitutus,</strong></span> <span class='ocrx_word' id='word_1_66' title='bbox 561 1142 629 1184; x_wconf 91' lang='lat' dir='ltr'><strong>cum</strong></span> <span class='ocrx_word' id='word_1_67' title='bbox 650 1124 782 1184; x_wconf 85' lang='lat' dir='ltr'><strong>fateatur</strong></span> <span class='ocrx_word' id='word_1_68' title='bbox 803 1121 914 1185; x_wconf 84' lang='lat' dir='ltr'><strong>lohan.</strong></span> <span class='ocrx_word' id='word_1_69' title='bbox 938 1125 973 1185; x_wconf 83' lang='lat'><strong>5:</strong></span> <span class='ocrx_word' id='word_1_70' title='bbox 1016 1120 1124 1181; x_wconf 78' lang='lat' dir='ltr'><strong>lilium</strong></span> 
     </span>
     <span class='ocr_line' id='line_1_10' title="bbox 167 1203 1124 1286; baseline 0 -24"><span class='ocrx_word' id='word_1_71' title='bbox 167 1240 175 1277; x_wconf 72' lang='lat'><strong>3.</strong></span> <span class='ocrx_word' id='word_1_72' title='bbox 228 1220 272 1263; x_wconf 89' lang='lat' dir='ltr'><strong>ron</strong></span> <span class='ocrx_word' id='word_1_73' title='bbox 291 1203 392 1264; x_wconf 87' lang='lat' dir='ltr'><strong>iacere</strong></span> <span class='ocrx_word' id='word_1_74' title='bbox 414 1205 594 1286; x_wconf 82' lang='lat' dir='ltr'><strong>quidquam,</strong></span> <span class='ocrx_word' id='word_1_75' title='bbox 623 1207 681 1266; x_wconf 91' lang='lat' dir='ltr'><strong>nisi</strong></span> <span class='ocrx_word' id='word_1_76' title='bbox 704 1204 787 1285; x_wconf 84' lang='lat' dir='ltr'><strong>quod</strong></span> <span class='ocrx_word' id='word_1_77' title='bbox 810 1205 919 1265; x_wconf 88' lang='lat' dir='ltr'><strong>viderit</strong></span> <span class='ocrx_word' id='word_1_78' title='bbox 939 1203 1060 1263; x_wconf 88' lang='lat' dir='ltr'><strong>Patrem</strong></span> <span class='ocrx_word' id='word_1_79' title='bbox 1082 1204 1124 1263; x_wconf 84' lang='lat' dir='ltr'><strong>ta·</strong></span> 
     </span>
     <span class='ocr_line' id='line_1_11' title="bbox 167 1285 1125 1429; baseline 0.003 -85"><span class='ocrx_word' id='word_1_80' title='bbox 167 1324 173 1360; x_wconf 77' lang='lat'><strong>,-</strong></span> <span class='ocrx_word' id='word_1_81' title='bbox 228 1286 347 1349; x_wconf 84' lang='lat' dir='ltr'><strong>cientem</strong></span> <span class='ocrx_word' id='word_1_82' title='bbox 392 1286 494 1363; x_wconf 80' lang='lat' dir='ltr'><strong>Quare</strong></span> <span class='ocrx_word' id='word_1_83' title='bbox 516 1304 578 1350; x_wconf 92' lang='lat' dir='ltr'><strong>non</strong></span> <span class='ocrx_word' id='word_1_84' title='bbox 601 1288 639 1350; x_wconf 93' lang='lat' dir='ltr'><strong>de</strong></span> <span class='ocrx_word' id='word_1_85' title='bbox 661 1288 751 1350; x_wconf 90' lang='lat' dir='ltr'><strong>coelo</strong></span> <span class='ocrx_word' id='word_1_86' title='bbox 776 1294 838 1366; x_wconf 81' lang='lat' dir='ltr'><strong>est,</strong></span> <span class='ocrx_word' id='word_1_87' title='bbox 871 1288 921 1429; x_wconf 46' lang='lat' dir='ltr'><strong>spui</strong></span> <span class='ocrx_word' id='word_1_88' title='bbox 944 1286 1036 1365; x_wconf 87' lang='lat' dir='ltr'><strong>capiti</strong></span> <span class='ocrx_word' id='word_1_89' title='bbox 1058 1285 1125 1347; x_wconf 91' lang='lat' dir='ltr'><strong>sub·</strong></span> 
     </span>
     <span class='ocr_line' id='line_1_12' title="bbox 167 1367 1125 1450; baseline 0.003 -21"><span class='ocrx_word' id='word_1_90' title='bbox 167 1423 169 1429; x_wconf 81' lang='grc'>,</span> <span class='ocrx_word' id='word_1_91' title='bbox 226 1382 278 1427; x_wconf 86' lang='lat' dir='ltr'><strong>esse</strong></span> <span class='ocrx_word' id='word_1_92' title='bbox 297 1377 429 1445; x_wconf 84' lang='lat' dir='ltr'><strong>recusat,</strong></span> <span class='ocrx_word' id='word_1_93' title='bbox 451 1372 530 1431; x_wconf 88' lang='lat' dir='ltr'><strong>sicut</strong></span> <span class='ocrx_word' id='word_1_94' title='bbox 551 1390 613 1433; x_wconf 91' lang='lat' dir='ltr'><strong>non</strong></span> <span class='ocrx_word' id='word_1_95' title='bbox 636 1371 675 1433; x_wconf 86' lang='lat' dir='ltr'><strong>de</strong></span> <span class='ocrx_word' id='word_1_96' title='bbox 700 1370 809 1450; x_wconf 79' lang='lat' dir='ltr'><strong>coelo,</strong></span> <span class='ocrx_word' id='word_1_97' title='bbox 842 1388 876 1430; x_wconf 87' lang='lat' dir='ltr'><strong>se</strong></span> <span class='ocrx_word' id='word_1_98' title='bbox 926 1368 965 1429; x_wconf 91' lang='lat' dir='ltr'><strong>de</strong></span> <span class='ocrx_word' id='word_1_99' title='bbox 986 1367 1125 1433; x_wconf 76' lang='lat' dir='ltr'><strong>Lucifero</strong></span> 
     </span>
     <span class='ocr_line' id='line_1_13' title="bbox 225 1452 739 1528; baseline 0.014 -19"><span class='ocrx_word' id='word_1_100' title='bbox 225 1452 337 1528; x_wconf 72' lang='lat' dir='ltr'><strong>estqui</strong></span> <span class='ocrx_word' id='word_1_101' title='bbox 359 1453 428 1512; x_wconf 86' lang='lat' dir='ltr'><strong>Deo</strong></span> <span class='ocrx_word' id='word_1_102' title='bbox 451 1472 513 1514; x_wconf 91' lang='lat' dir='ltr'><strong>non</strong></span> <span class='ocrx_word' id='word_1_103' title='bbox 537 1454 601 1515; x_wconf 83' lang='lat' dir='ltr'><strong>vult</strong></span> <span class='ocrx_word' id='word_1_104' title='bbox 622 1454 739 1517; x_wconf 91' lang='lat' dir='ltr'><strong>subiici.</strong></span> 
     </span>
    </p>

    <p class='ocr_par' dir='ltr' id='par_1_3' title="bbox 216 1533 1127 3098">
     <span class='ocr_line' id='line_1_14' title="bbox 290 1533 1127 1618; baseline 0.006 -24"><span class='ocrx_word' id='word_1_105' title='bbox 290 1533 376 1609; x_wconf 88' lang='lat' dir='ltr'><strong>Quae</strong></span> <span class='ocrx_word' id='word_1_106' title='bbox 400 1537 504 1597; x_wconf 88' lang='lat' dir='ltr'><strong>omnia</strong></span> <span class='ocrx_word' id='word_1_107' title='bbox 525 1536 674 1599; x_wconf 85' lang='lat' dir='ltr'><strong>latissime</strong></span> <span class='ocrx_word' id='word_1_108' title='bbox 699 1535 878 1598; x_wconf 79' lang='lat' dir='ltr'><strong>confirmari¹</strong></span> <span class='ocrx_word' id='word_1_109' title='bbox 893 1545 1041 1618; x_wconf 81' lang='lat' dir='ltr'><strong>possunt,</strong></span> <span class='ocrx_word' id='word_1_110' title='bbox 1064 1556 1127 1599; x_wconf 91' lang='lat' dir='ltr'><strong>ma·</strong></span> 
     </span>
     <span class='ocr_line' id='line_1_15' title="bbox 222 1616 1125 1702; baseline 0.009 -29"><span class='ocrx_word' id='word_1_111' title='bbox 222 1616 288 1674; x_wconf 88' lang='lat' dir='ltr'><strong>rime</strong></span> <span class='ocrx_word' id='word_1_112' title='bbox 320 1634 377 1696; x_wconf 88' lang='lat' dir='ltr'><strong>per</strong></span> <span class='ocrx_word' id='word_1_113' title='bbox 407 1636 527 1679; x_wconf 83' lang='lat' dir='ltr'><strong>sacram</strong></span> <span class='ocrx_word' id='word_1_114' title='bbox 568 1620 652 1681; x_wconf 89' lang='lat' dir='ltr'><strong>illam</strong></span> <span class='ocrx_word' id='word_1_115' title='bbox 692 1621 825 1681; x_wconf 87' lang='lat' dir='ltr'><strong>animam</strong></span> <span class='ocrx_word' id='word_1_116' title='bbox 857 1618 890 1681; x_wconf 91' lang='lat' dir='ltr'><strong>B.</strong></span> <span class='ocrx_word' id='word_1_117' title='bbox 944 1620 1125 1702; x_wconf 83' lang='lat' dir='ltr'><strong>Dionysium</strong></span> 
     </span>
     <span class='ocr_line' id='line_1_16' title="bbox 221 1697 1126 1782; baseline 0.009 -27"><span class='ocrx_word' id='word_1_118' title='bbox 221 1697 426 1780; x_wconf 79' lang='lat' dir='ltr'><strong>Areopagitam</strong></span> <span class='ocrx_word' id='word_1_119' title='bbox 462 1700 514 1762; x_wconf 93' lang='lat' dir='ltr'><strong>lib.</strong></span> <span class='ocrx_word' id='word_1_120' title='bbox 547 1701 585 1763; x_wconf 89' lang='lat' dir='ltr'><strong>de</strong></span> <span class='ocrx_word' id='word_1_121' title='bbox 615 1702 826 1764; x_wconf 87' lang='lat' dir='ltr'><strong>ecclesiastica</strong></span> <span class='ocrx_word' id='word_1_122' title='bbox 856 1701 1042 1782; x_wconf 84' lang='lat' dir='ltr'><strong>hierarchia,</strong></span> <span class='ocrx_word' id='word_1_123' title='bbox 1076 1702 1126 1765; x_wconf 92' lang='lat' dir='ltr'><strong>ubi</strong></span> 
     </span>
     <span class='ocr_line' id='line_1_17' title="bbox 220 1781 1127 1847; baseline 0.009 -8"><span class='ocrx_word' id='word_1_124' title='bbox 220 1781 269 1839; x_wconf 86' lang='lat' dir='ltr'><strong>ait:</strong></span> <span class='ocrx_word' id='word_1_125' title='bbox 305 1781 421 1842; x_wconf 77' lang='lat' dir='ltr'><strong>Nostra</strong></span> <span class='ocrx_word' id='word_1_126' title='bbox 443 1785 523 1843; x_wconf 88' lang='lat' dir='ltr'><strong>enim</strong></span> <span class='ocrx_word' id='word_1_127' title='bbox 544 1784 716 1846; x_wconf 80' lang='lat' dir='ltr'><strong>hierarchia</strong></span> <span class='ocrx_word' id='word_1_128' title='bbox 744 1784 992 1845; x_wconf 86' lang='lat' dir='ltr'><strong>aDeotraditia</strong></span> <span class='ocrx_word' id='word_1_129' title='bbox 1016 1785 1127 1847; x_wconf 90' lang='lat' dir='ltr'><strong>ordini-</strong></span> 
     </span>
     <span class='ocr_line' id='line_1_18' title="bbox 219 1861 1125 1946; baseline 0.009 -25"><span class='ocrx_word' id='word_1_130' title='bbox 219 1861 264 1921; x_wconf 87' lang='lat' dir='ltr'><strong>bus</strong></span> <span class='ocrx_word' id='word_1_131' title='bbox 284 1873 394 1924; x_wconf 86' lang='lat' dir='ltr'><strong>sancte</strong></span> <span class='ocrx_word' id='word_1_132' title='bbox 416 1864 567 1946; x_wconf 88' lang='lat' dir='ltr'><strong>disposita</strong></span> <span class='ocrx_word' id='word_1_133' title='bbox 588 1868 702 1929; x_wconf 90' lang='lat' dir='ltr'><strong>sanctis</strong></span> <span class='ocrx_word' id='word_1_134' title='bbox 733 1873 765 1928; x_wconf 88' lang='lat' dir='ltr'><strong>et</strong></span> <span class='ocrx_word' id='word_1_135' title='bbox 796 1866 981 1927; x_wconf 87' lang='lat' dir='ltr'><strong>coelestibus</strong></span> <span class='ocrx_word' id='word_1_136' title='bbox 1013 1868 1125 1928; x_wconf 82' lang='lat' dir='ltr'><strong>hierat-</strong></span> 
     </span>
     <span class='ocr_line' id='line_1_19' title="bbox 217 1936 1124 2030; baseline 0.01 -28"><span class='ocrx_word' id='word_1_137' title='bbox 217 1936 280 2003; x_wconf 89' lang='lat' dir='ltr'><strong>chlls</strong></span> <span class='ocrx_word' id='word_1_138' title='bbox 299 1946 466 2007; x_wconf 86' lang='lat' dir='ltr'><strong>conformis</strong></span> <span class='ocrx_word' id='word_1_139' title='bbox 497 1954 553 2009; x_wconf 88' lang='lat' dir='ltr'><strong>est.</strong></span> <span class='ocrx_word' id='word_1_140' title='bbox 586 1948 641 2009; x_wconf 80' lang='lat' dir='ltr'><strong>ita</strong></span> <span class='ocrx_word' id='word_1_141' title='bbox 661 1950 828 2029; x_wconf 82' lang='lat' dir='ltr'><strong>Gregorius</strong></span> <span class='ocrx_word' id='word_1_142' title='bbox 850 1946 965 2009; x_wconf 84' lang='lat' dir='ltr'><strong>Naaan.</strong></span> <span class='ocrx_word' id='word_1_143' title='bbox 987 1951 1019 2009; x_wconf 90' lang='lat' dir='ltr'><strong>in</strong></span> <span class='ocrx_word' id='word_1_144' title='bbox 1042 1952 1124 2030; x_wconf 85' lang='lat' dir='ltr'><strong>Apo·</strong></span> 
     </span>
     <span class='ocr_line' id='line_1_20' title="bbox 216 2026 1125 2113; baseline 0.009 -28"><span class='ocrx_word' id='word_1_145' title='bbox 216 2026 359 2106; x_wconf 84' lang='lat' dir='ltr'><strong>logetico:</strong></span> <span class='ocrx_word' id='word_1_146' title='bbox 381 2026 585 2092; x_wconf 70' lang='lat' dir='ltr'><strong>sacrosancta</strong></span> <span class='ocrx_word' id='word_1_147' title='bbox 607 2034 753 2113; x_wconf 84' lang='lat' dir='ltr'><strong>mysteria</strong></span> <span class='ocrx_word' id='word_1_148' title='bbox 776 2032 854 2105; x_wconf 84' lang='lat' dir='ltr'><strong>(ait)</strong></span> <span class='ocrx_word' id='word_1_149' title='bbox 877 2030 915 2090; x_wconf 91' lang='lat' dir='ltr'><strong>ad</strong></span> <span class='ocrx_word' id='word_1_150' title='bbox 937 2032 1035 2093; x_wconf 87' lang='lat' dir='ltr'><strong>instar</strong></span> <span class='ocrx_word' id='word_1_151' title='bbox 1056 2046 1125 2093; x_wconf 85' lang='lat' dir='ltr'><strong>coe·</strong></span> 
     </span>
     <span class='ocr_line' id='line_1_21' title="bbox 216 2107 1125 2196; baseline 0.008 -29"><span class='ocrx_word' id='word_1_152' title='bbox 216 2107 290 2168; x_wconf 84' lang='lat' dir='ltr'><strong>lestis</strong></span> <span class='ocrx_word' id='word_1_153' title='bbox 311 2111 456 2192; x_wconf 82' lang='lat' dir='ltr'><strong>imaginis</strong></span> <span class='ocrx_word' id='word_1_154' title='bbox 479 2112 643 2196; x_wconf 85' lang='lat' dir='ltr'><strong>celebrari,</strong></span> <span class='ocrx_word' id='word_1_155' title='bbox 673 2134 730 2195; x_wconf 87' lang='lat' dir='ltr'><strong>per</strong></span> <span class='ocrx_word' id='word_1_156' title='bbox 757 2132 835 2192; x_wconf 91' lang='lat' dir='ltr'><strong>quae</strong></span> <span class='ocrx_word' id='word_1_157' title='bbox 858 2114 961 2192; x_wconf 89' lang='lat' dir='ltr'><strong>utique</strong></span> <span class='ocrx_word' id='word_1_158' title='bbox 982 2114 1013 2173; x_wconf 91' lang='lat' dir='ltr'><strong>in</strong></span> <span class='ocrx_word' id='word_1_159' title='bbox 1038 2116 1125 2174; x_wconf 87' lang='lat' dir='ltr'><strong>terris</strong></span> 
     </span>
     <span class='ocr_line' id='line_1_22' title="bbox 217 2190 1124 2275; baseline 0.008 -25"><span class='ocrx_word' id='word_1_160' title='bbox 217 2190 392 2254; x_wconf 86' lang='lat' dir='ltr'><strong>coelestibus</strong></span> <span class='ocrx_word' id='word_1_161' title='bbox 415 2193 571 2255; x_wconf 84' lang='lat' dir='ltr'><strong>ordinibus</strong></span> <span class='ocrx_word' id='word_1_162' title='bbox 593 2196 791 2258; x_wconf 87' lang='lat' dir='ltr'><strong>associamur.</strong></span> <span class='ocrx_word' id='word_1_163' title='bbox 833 2194 911 2254; x_wconf 83' lang='lat' dir='ltr'><strong>Nam</strong></span> <span class='ocrx_word' id='word_1_164' title='bbox 933 2196 1017 2275; x_wconf 88' lang='lat' dir='ltr'><strong>quod</strong></span> <span class='ocrx_word' id='word_1_165' title='bbox 1039 2212 1124 2257; x_wconf 90' lang='lat' dir='ltr'><strong>mon·</strong></span> 
     </span>
     <span class='ocr_line' id='line_1_23' title="bbox 217 2275 1124 2359; baseline 0.009 -28"><span class='ocrx_word' id='word_1_166' title='bbox 217 2280 298 2334; x_wconf 90' lang='lat' dir='ltr'><strong>strum</strong></span> <span class='ocrx_word' id='word_1_167' title='bbox 323 2284 407 2336; x_wconf 86' lang='lat' dir='ltr'><strong>esset</strong></span> <span class='ocrx_word' id='word_1_168' title='bbox 429 2276 591 2339; x_wconf 87' lang='lat' dir='ltr'><strong>ecclesiam</strong></span> <span class='ocrx_word' id='word_1_169' title='bbox 615 2298 685 2338; x_wconf 89' lang='lat' dir='ltr'><strong>esse</strong></span> <span class='ocrx_word' id='word_1_170' title='bbox 707 2275 911 2359; x_wconf 79' lang='lat' dir='ltr'><strong>acephalam?</strong></span> <span class='ocrx_word' id='word_1_171' title='bbox 969 2278 1031 2339; x_wconf 95' lang='lat' dir='ltr'><strong>uod</strong></span> <span class='ocrx_word' id='word_1_172' title='bbox 1061 2296 1124 2339; x_wconf 89' lang='lat' dir='ltr'><strong>om-</strong></span> 
     </span>
     <span class='ocr_line' id='line_1_24' title="bbox 216 2298 1123 2442; baseline 0.008 -28"><span class='ocrx_word' id='word_1_173' title='bbox 216 2372 260 2415; x_wconf 88' lang='lat' dir='ltr'><strong>ues</strong></span> <span class='ocrx_word' id='word_1_174' title='bbox 286 2357 385 2418; x_wconf 76' lang='lat' dir='ltr'><strong>ferme</strong></span> <span class='ocrx_word' id='word_1_175' title='bbox 412 2358 557 2420; x_wconf 88' lang='lat' dir='ltr'><strong>haeretici</strong></span> <span class='ocrx_word' id='word_1_176' title='bbox 586 2358 685 2421; x_wconf 86' lang='lat' dir='ltr'><strong>moliti</strong></span> <span class='ocrx_word' id='word_1_177' title='bbox 718 2366 788 2420; x_wconf 88' lang='lat' dir='ltr'><strong>sunt</strong></span> <span class='ocrx_word' id='word_1_178' title='bbox 827 2364 876 2434; x_wconf 80' lang='lat' dir='ltr'><strong>(ut</strong></span> <span class='ocrx_word' id='word_1_179' title='bbox 898 2358 929 2421; x_wconf 79' lang='lat' dir='ltr'><strong>S.</strong></span> <span class='ocrx_word' id='word_1_180' title='bbox 949 2298 1123 2442; x_wconf 71' lang='lat' dir='ltr'><strong>liyprianus</strong></span> 
     </span>
     <span class='ocr_line' id='line_1_25' title="bbox 216 2437 1124 2523; baseline 0.01 -29"><span class='ocrx_word' id='word_1_181' title='bbox 216 2437 247 2503; x_wconf 77' lang='lat' dir='ltr'><strong>all</strong></span> <span class='ocrx_word' id='word_1_182' title='bbox 265 2440 474 2521; x_wconf 77' lang='lat' dir='ltr'><strong>Rogatianum</strong></span> <span class='ocrx_word' id='word_1_183' title='bbox 498 2447 529 2502; x_wconf 91' lang='lat' dir='ltr'><strong>et</strong></span> <span class='ocrx_word' id='word_1_184' title='bbox 550 2442 740 2523; x_wconf 81' lang='lat' dir='ltr'><strong>Puppienum</strong></span> <span class='ocrx_word' id='word_1_185' title='bbox 762 2444 877 2516; x_wconf 85' lang='lat' dir='ltr'><strong>innuit)</strong></span> <span class='ocrx_word' id='word_1_186' title='bbox 912 2447 944 2502; x_wconf 91' lang='lat' dir='ltr'><strong>ut</strong></span> <span class='ocrx_word' id='word_1_187' title='bbox 976 2444 1020 2503; x_wconf 92' lang='lat' dir='ltr'><strong>sic</strong></span> <span class='ocrx_word' id='word_1_188' title='bbox 1042 2438 1124 2504; x_wconf 88' lang='lat' dir='ltr'><strong>debl-</strong></span> 
     </span>
     <span class='ocr_line' id='line_1_26' title="bbox 216 2519 1125 2605; baseline 0.009 -27"><span class='ocrx_word' id='word_1_189' title='bbox 216 2519 292 2581; x_wconf 82' lang='lat' dir='ltr'><strong>litato</strong></span> <span class='ocrx_word' id='word_1_190' title='bbox 316 2524 419 2603; x_wconf 88' lang='lat' dir='ltr'><strong>capite</strong></span> <span class='ocrx_word' id='word_1_191' title='bbox 450 2541 569 2586; x_wconf 81' lang='lat' dir='ltr'><strong>errores</strong></span> <span class='ocrx_word' id='word_1_192' title='bbox 591 2542 670 2586; x_wconf 80' lang='lat' dir='ltr'><strong>suos</strong></span> <span class='ocrx_word' id='word_1_193' title='bbox 693 2533 724 2585; x_wconf 89' lang='lat' dir='ltr'><strong>et</strong></span> <span class='ocrx_word' id='word_1_194' title='bbox 745 2525 826 2584; x_wconf 91' lang='lat' dir='ltr'><strong>virus</strong></span> <span class='ocrx_word' id='word_1_195' title='bbox 848 2525 973 2605; x_wconf 89' lang='lat' dir='ltr'><strong>impune</strong></span> <span class='ocrx_word' id='word_1_196' title='bbox 996 2528 1125 2605; x_wconf 82' lang='lat' dir='ltr'><strong>possent</strong></span> 
     </span>
     <span class='ocr_line' id='line_1_27' title="bbox 217 2603 1122 2669; baseline 0.007 -7"><span class='ocrx_word' id='word_1_197' title='bbox 217 2603 354 2664; x_wconf 82' lang='lat' dir='ltr'><strong>mutibus</strong></span> <span class='ocrx_word' id='word_1_198' title='bbox 380 2606 540 2666; x_wconf 91' lang='lat' dir='ltr'><strong>hominum</strong></span> <span class='ocrx_word' id='word_1_199' title='bbox 567 2606 731 2667; x_wconf 91' lang='lat' dir='ltr'><strong>inculcare.</strong></span> <span class='ocrx_word' id='word_1_200' title='bbox 783 2606 822 2666; x_wconf 82' lang='lat' dir='ltr'><strong>Et</strong></span> <span class='ocrx_word' id='word_1_201' title='bbox 851 2606 927 2669; x_wconf 88' lang='lat' dir='ltr'><strong>haee</strong></span> <span class='ocrx_word' id='word_1_202' title='bbox 960 2607 1016 2668; x_wconf 84' lang='lat' dir='ltr'><strong>fuit</strong></span> <span class='ocrx_word' id='word_1_203' title='bbox 1043 2606 1122 2669; x_wconf 82' lang='lat' dir='ltr'><strong>ratio</strong></span> 
     </span>
     <span class='ocr_line' id='line_1_28' title="bbox 217 2682 1122 2769; baseline 0.007 -26"><span class='ocrx_word' id='word_1_204' title='bbox 217 2685 380 2765; x_wconf 84' lang='lat' dir='ltr'><strong>principalis</strong></span> <span class='ocrx_word' id='word_1_205' title='bbox 404 2704 471 2747; x_wconf 89' lang='lat' dir='ltr'><strong>cum</strong></span> <span class='ocrx_word' id='word_1_206' title='bbox 495 2688 562 2748; x_wconf 89' lang='lat' dir='ltr'><strong>aliis</strong></span> <span class='ocrx_word' id='word_1_207' title='bbox 593 2691 739 2766; x_wconf 85' lang='lat' dir='ltr'><strong>annexis,</strong></span> <span class='ocrx_word' id='word_1_208' title='bbox 770 2695 896 2769; x_wconf 88' lang='lat' dir='ltr'><strong>propter</strong></span> <span class='ocrx_word' id='word_1_209' title='bbox 928 2706 1019 2769; x_wconf 88' lang='lat' dir='ltr'><strong>quam</strong></span> <span class='ocrx_word' id='word_1_210' title='bbox 1042 2682 1122 2750; x_wconf 75' lang='lat' dir='ltr'><strong>Pari-</strong></span> 
     </span>
     <span class='ocr_line' id='line_1_29' title="bbox 218 2768 1122 2832; baseline 0.007 -7"><span class='ocrx_word' id='word_1_211' title='bbox 218 2768 305 2828; x_wconf 79' lang='lat' dir='ltr'><strong>siesse</strong></span> <span class='ocrx_word' id='word_1_212' title='bbox 324 2770 401 2829; x_wconf 82' lang='lat' dir='ltr'><strong>felix</strong></span> <span class='ocrx_word' id='word_1_213' title='bbox 432 2769 564 2830; x_wconf 88' lang='lat' dir='ltr'><strong>studium</strong></span> <span class='ocrx_word' id='word_1_214' title='bbox 588 2770 761 2831; x_wconf 73' lang='lat' dir='ltr'><strong>iohannem</strong></span> <span class='ocrx_word' id='word_1_215' title='bbox 783 2768 1011 2831; x_wconf 84' lang='lat' dir='ltr'><strong>Tornaceusem</strong></span> <span class='ocrx_word' id='word_1_216' title='bbox 1039 2772 1122 2832; x_wconf 79' lang='lat' dir='ltr'><strong>dam·</strong></span> 
     </span>
     <span class='ocr_line' id='line_1_30' title="bbox 219 2848 1122 2932; baseline 0.008 -25"><span class='ocrx_word' id='word_1_217' title='bbox 219 2852 297 2926; x_wconf 69' lang='lat' dir='ltr'><strong>navit,</strong></span> <span class='ocrx_word' id='word_1_218' title='bbox 318 2858 484 2932; x_wconf 86' lang='lat' dir='ltr'><strong>negantem</strong></span> <span class='ocrx_word' id='word_1_219' title='bbox 507 2852 669 2932; x_wconf 88' lang='lat' dir='ltr'><strong>primatum</strong></span> <span class='ocrx_word' id='word_1_220' title='bbox 692 2852 853 2914; x_wconf 79' lang='lat' dir='ltr'><strong>Ecclesiae</strong></span> <span class='ocrx_word' id='word_1_221' title='bbox 873 2853 1042 2916; x_wconf 87' lang='lat' dir='ltr'><strong>Romanae.</strong></span> <span class='ocrx_word' id='word_1_222' title='bbox 1071 2848 1122 2914; x_wconf 82' lang='lat' dir='ltr'><strong>sle</strong></span> 
     </span>
     <span class='ocr_line' id='line_1_31' title="bbox 220 2934 1122 3013; baseline 0.007 -23"><span class='ocrx_word' id='word_1_223' title='bbox 220 2938 242 2990; x_wconf 88' lang='lat' dir='ltr'><strong>et</strong></span> <span class='ocrx_word' id='word_1_224' title='bbox 270 2950 351 2993; x_wconf 87' lang='lat' dir='ltr'><strong>error</strong></span> <span class='ocrx_word' id='word_1_225' title='bbox 381 2934 437 2993; x_wconf 81' lang='lat' dir='ltr'><strong>fuit</strong></span> <span class='ocrx_word' id='word_1_226' title='bbox 469 2934 711 3013; x_wconf 82' lang='lat' dir='ltr'><strong>Vuikleffrticus,</strong></span> <span class='ocrx_word' id='word_1_227' title='bbox 744 2936 916 2997; x_wconf 89' lang='lat' dir='ltr'><strong>Romanam</strong></span> <span class='ocrx_word' id='word_1_228' title='bbox 950 2936 1122 2996; x_wconf 74' lang='lat' dir='ltr'><strong>Ecclesiam</strong></span> 
     </span>
     <span class='ocr_line' id='line_1_32' title="bbox 221 3005 1006 3098; baseline 0.01 -27"><span class='ocrx_word' id='word_1_229' title='bbox 221 3012 275 3072; x_wconf 86' lang='lat' dir='ltr'><strong>aliis</strong></span> <span class='ocrx_word' id='word_1_230' title='bbox 295 3028 356 3076; x_wconf 88' lang='lat' dir='ltr'><strong>non</strong></span> <span class='ocrx_word' id='word_1_231' title='bbox 380 3005 450 3076; x_wconf 73' lang='lat' dir='ltr'><strong>esse</strong></span> <span class='ocrx_word' id='word_1_232' title='bbox 472 3018 660 3097; x_wconf 87' lang='lat' dir='ltr'><strong>superiorem</strong></span> <span class='ocrx_word' id='word_1_233' title='bbox 684 3017 723 3078; x_wconf 93' lang='lat' dir='ltr'><strong>de</strong></span> <span class='ocrx_word' id='word_1_234' title='bbox 745 3018 814 3098; x_wconf 87' lang='lat' dir='ltr'><strong>lege</strong></span> <span class='ocrx_word' id='word_1_235' title='bbox 833 3016 1006 3098; x_wconf 81' lang='lat' dir='ltr'><strong>Evangelii.</strong></span> 
     </span>
    </p>
   </div>
   <div class='ocr_carea' id='block_1_3' title="bbox 228 3110 1124 3673">
    <p class='ocr_par' dir='ltr' id='par_1_4' title="bbox 531 3110 796 3181">
     <span class='ocr_line' id='line_1_33' title="bbox 531 3110 796 3181; baseline 0 -4"><span class='ocrx_word' id='word_1_236' title='bbox 531 3110 570 3181; x_wconf 80' lang='lat' dir='ltr'><strong>hl.</strong></span> <span class='ocrx_word' id='word_1_237' title='bbox 593 3116 796 3178; x_wconf 85' lang='lat' dir='ltr'><strong>Lutberus.</strong></span> 
     </span>
    </p>

    <p class='ocr_par' dir='ltr' id='par_1_5' title="bbox 228 3188 1124 3607">
     <span class='ocr_line' id='line_1_34' title="bbox 287 3188 1123 3281; baseline 0.01 -27"><span class='ocrx_word' id='word_1_238' title='bbox 287 3188 418 3269; x_wconf 78' lang='lat' dir='ltr'><strong>Quando</strong></span> <span class='ocrx_word' id='word_1_239' title='bbox 434 3194 584 3259; x_wconf 86' lang='lat' dir='ltr'><strong>Dominus</strong></span> <span class='ocrx_word' id='word_1_240' title='bbox 596 3198 634 3260; x_wconf 89' lang='lat' dir='ltr'><strong>D.</strong></span> <span class='ocrx_word' id='word_1_241' title='bbox 658 3200 767 3279; x_wconf 89' lang='lat' dir='ltr'><strong>arguit,</strong></span> <span class='ocrx_word' id='word_1_242' title='bbox 789 3201 915 3260; x_wconf 91' lang='lat' dir='ltr'><strong>omnino</strong></span> <span class='ocrx_word' id='word_1_243' title='bbox 938 3219 1007 3260; x_wconf 87' lang='lat' dir='ltr'><strong>esse</strong></span> <span class='ocrx_word' id='word_1_244' title='bbox 1029 3206 1123 3281; x_wconf 84' lang='lat' dir='ltr'><strong>eaput</strong></span> 
     </span>
     <span class='ocr_line' id='line_1_35' title="bbox 228 3274 1124 3363; baseline 0.011 -30"><span class='ocrx_word' id='word_1_245' title='bbox 228 3274 356 3337; x_wconf 87' lang='lat' dir='ltr'><strong>ecclesiae</strong></span> <span class='ocrx_word' id='word_1_246' title='bbox 379 3280 563 3361; x_wconf 84' lang='lat' dir='ltr'><strong>universale,</strong></span> <span class='ocrx_word' id='word_1_247' title='bbox 585 3283 702 3362; x_wconf 89' lang='lat' dir='ltr'><strong>optime</strong></span> <span class='ocrx_word' id='word_1_248' title='bbox 724 3282 802 3342; x_wconf 81' lang='lat' dir='ltr'><strong>facit.</strong></span> <span class='ocrx_word' id='word_1_249' title='bbox 835 3280 875 3341; x_wconf 75' lang='lat' dir='ltr'><strong>Et</strong></span> <span class='ocrx_word' id='word_1_250' title='bbox 897 3283 921 3340; x_wconf 86' lang='lat' dir='ltr'><strong>ei</strong></span> <span class='ocrx_word' id='word_1_251' title='bbox 945 3287 993 3342; x_wconf 89' lang='lat' dir='ltr'><strong>est</strong></span> <span class='ocrx_word' id='word_1_252' title='bbox 1015 3282 1124 3363; x_wconf 90' lang='lat' dir='ltr'><strong>aliquis</strong></span> 
     </span>
     <span class='ocr_line' id='line_1_36' title="bbox 228 3359 1123 3441; baseline 0.012 -27"><span class='ocrx_word' id='word_1_253' title='bbox 228 3359 265 3434; x_wconf 87' lang='lat' dir='ltr'><strong>qui</strong></span> <span class='ocrx_word' id='word_1_254' title='bbox 299 3360 395 3420; x_wconf 79' lang='lat' dir='ltr'><strong>rivato</strong></span> <span class='ocrx_word' id='word_1_255' title='bbox 417 3369 510 3441; x_wconf 90' lang='lat' dir='ltr'><strong>pacto</strong></span> <span class='ocrx_word' id='word_1_256' title='bbox 533 3365 715 3425; x_wconf 89' lang='lat' dir='ltr'><strong>convenerit</strong></span> <span class='ocrx_word' id='word_1_257' title='bbox 744 3382 812 3423; x_wconf 90' lang='lat' dir='ltr'><strong>cum</strong></span> <span class='ocrx_word' id='word_1_258' title='bbox 835 3360 1046 3425; x_wconf 89' lang='lat' dir='ltr'><strong>dominatione</strong></span> <span class='ocrx_word' id='word_1_259' title='bbox 1068 3384 1123 3426; x_wconf 90' lang='lat' dir='ltr'><strong>sua</strong></span> 
     </span>
     <span class='ocr_line' id='line_1_37' title="bbox 229 3376 1121 3526; baseline 0.015 -30"><span class='ocrx_word' id='word_1_260' title='bbox 229 3438 256 3497; x_wconf 91' lang='lat' dir='ltr'><strong>ad</strong></span> <span class='ocrx_word' id='word_1_261' title='bbox 274 3376 491 3504; x_wconf 64' lang='lat' dir='ltr'><strong>dlbsendendum</strong></span> <span class='ocrx_word' id='word_1_262' title='bbox 516 3447 714 3525; x_wconf 87' lang='lat' dir='ltr'><strong>contrarium,</strong></span> <span class='ocrx_word' id='word_1_263' title='bbox 735 3452 841 3525; x_wconf 86' lang='lat' dir='ltr'><strong>surgat</strong></span> <span class='ocrx_word' id='word_1_264' title='bbox 862 3446 891 3504; x_wconf 90' lang='lat' dir='ltr'><strong>in</strong></span> <span class='ocrx_word' id='word_1_265' title='bbox 916 3445 1059 3526; x_wconf 84' lang='lat' dir='ltr'><strong>medium,</strong></span> <span class='ocrx_word' id='word_1_266' title='bbox 1081 3446 1121 3509; x_wconf 91' lang='lat' dir='ltr'><strong>ad</strong></span> 
     </span>
     <span class='ocr_line' id='line_1_38' title="bbox 230 3522 512 3607; baseline 0.035 -30"><span class='ocrx_word' id='word_1_267' title='bbox 230 3538 265 3580; x_wconf 90' lang='lat' dir='ltr'><strong>ne</strong></span> <span class='ocrx_word' id='word_1_268' title='bbox 280 3522 349 3585; x_wconf 91' lang='lat' dir='ltr'><strong>nibil</strong></span> <span class='ocrx_word' id='word_1_269' title='bbox 370 3526 512 3607; x_wconf 88' lang='lat' dir='ltr'><strong>pertinet.</strong></span> 
     </span>
    </p>

    <p class='ocr_par' dir='ltr' id='par_1_6' title="bbox 581 3608 738 3673">
     <span class='ocr_line' id='line_1_39' title="bbox 581 3608 738 3673; baseline 0.025 -4"><span class='ocrx_word' id='word_1_270' title='bbox 581 3608 738 3673; x_wconf 80' lang='lat' dir='ltr'><strong>Recine.</strong></span> 
     </span>
    </p>
   </div>
   <div class='ocr_carea' id='block_1_4' title="bbox 230 3685 1122 3930">
    <p class='ocr_par' dir='ltr' id='par_1_7' title="bbox 230 3685 1122 3930">
     <span class='ocr_line' id='line_1_40' title="bbox 291 3685 1122 3772; baseline 0.008 -25"><span class='ocrx_word' id='word_1_271' title='bbox 291 3685 364 3761; x_wconf 87' lang='lat' dir='ltr'><strong>Quia</strong></span> <span class='ocrx_word' id='word_1_272' title='bbox 382 3689 570 3750; x_wconf 86' lang='lat' dir='ltr'><strong>reverendus</strong></span> <span class='ocrx_word' id='word_1_273' title='bbox 591 3692 682 3753; x_wconf 88' lang='lat' dir='ltr'><strong>Pater</strong></span> <span class='ocrx_word' id='word_1_274' title='bbox 704 3692 796 3768; x_wconf 87' lang='lat' dir='ltr'><strong>dicit,</strong></span> <span class='ocrx_word' id='word_1_275' title='bbox 818 3692 892 3751; x_wconf 90' lang='lat' dir='ltr'><strong>nihil</strong></span> <span class='ocrx_word' id='word_1_276' title='bbox 915 3691 954 3751; x_wconf 90' lang='lat' dir='ltr'><strong>ad</strong></span> <span class='ocrx_word' id='word_1_277' title='bbox 977 3713 1011 3752; x_wconf 86' lang='lat' dir='ltr'><strong>ae</strong></span> <span class='ocrx_word' id='word_1_278' title='bbox 1032 3696 1122 3772; x_wconf 87' lang='lat' dir='ltr'><strong>perti-</strong></span> 
     </span>
     <span class='ocr_line' id='line_1_41' title="bbox 230 3770 1122 3854; baseline 0.018 -33"><span class='ocrx_word' id='word_1_279' title='bbox 230 3782 282 3826; x_wconf 88' lang='lat' dir='ltr'><strong>nere</strong></span> <span class='ocrx_word' id='word_1_280' title='bbox 300 3770 335 3830; x_wconf 92' lang='lat' dir='ltr'><strong>de</strong></span> <span class='ocrx_word' id='word_1_281' title='bbox 358 3774 512 3835; x_wconf 89' lang='lat' dir='ltr'><strong>contrario</strong></span> <span class='ocrx_word' id='word_1_282' title='bbox 541 3772 622 3834; x_wconf 90' lang='lat' dir='ltr'><strong>illius</strong></span> <span class='ocrx_word' id='word_1_283' title='bbox 646 3775 728 3853; x_wconf 89' lang='lat' dir='ltr'><strong>quod</strong></span> <span class='ocrx_word' id='word_1_284' title='bbox 761 3773 956 3835; x_wconf 84' lang='lat' dir='ltr'><strong>intendebam</strong></span> <span class='ocrx_word' id='word_1_285' title='bbox 990 3776 1122 3854; x_wconf 89' lang='lat' dir='ltr'><strong>probare</strong></span> 
     </span>
     <span class='ocr_line' id='line_1_42' title="bbox 230 3843 1122 3930; baseline 0.013 -24"><span class='ocrx_word' id='word_1_286' title='bbox 230 3843 258 3904; x_wconf 88' lang='lat' dir='ltr'><strong>de</strong></span> <span class='ocrx_word' id='word_1_287' title='bbox 273 3849 328 3912; x_wconf 86' lang='lat' dir='ltr'><strong>iure</strong></span> <span class='ocrx_word' id='word_1_288' title='bbox 350 3852 473 3930; x_wconf 71' lang='lat' dir='ltr'><strong>dimna,</strong></span> <span class='ocrx_word' id='word_1_289' title='bbox 503 3870 573 3915; x_wconf 82' lang='lat' dir='ltr'><strong>essa</strong></span> <span class='ocrx_word' id='word_1_290' title='bbox 593 3857 803 3917; x_wconf 89' lang='lat' dir='ltr'><strong>monarchiam</strong></span> <span class='ocrx_word' id='word_1_291' title='bbox 837 3857 867 3916; x_wconf 91' lang='lat' dir='ltr'><strong>in</strong></span> <span class='ocrx_word' id='word_1_292' title='bbox 891 3856 1025 3918; x_wconf 88' lang='lat' dir='ltr'><strong>ecclesia</strong></span> <span class='ocrx_word' id='word_1_293' title='bbox 1046 3857 1122 3918; x_wconf 88' lang='lat' dir='ltr'><strong>mili-</strong></span> 
     </span>
    </p>
   </div>
   <div class='ocr_carea' id='block_1_5' title="bbox 0 0 1360 4417">
    <p class='ocr_par' dir='ltr' id='par_1_8' title="bbox 0 0 1360 4417">
     <span class='ocr_line' id='line_1_43' title="bbox 0 0 1360 4417; baseline 0 0"><span class='ocrx_word' id='word_1_294' title='bbox 0 0 1360 4417; x_wconf 95' lang='lat' dir='ltr'><strong> </strong></span> 
     </span>
    </p>
   </div>
  </div>
 </body>
</html>
