2709 4417
550 343 586 396 ad
604 343 659 398 Iao.
676 342 870 398 Hochstretan.
1080 340 1142 407 477

207 542 314 586 nemo
354 535 470 606 ponere
508 532 620 606 potest.
668 524 759 600 Quod
794 526 884 604 dilui,
901 586 903 590 ,
922 526 1078 588 adducens
1111 534 1143 587 et

207 605 296 667 illud
320 609 441 689 Apoca.
462 611 499 672 12
522 608 561 668 de
583 607 744 669 duodecim
770 609 986 688 fundamentis,
1007 609 1144 670 defendit

210 687 363 752 Graecos
387 693 478 751 etiam
501 691 735 768 Schismatiooe,
770 694 889 752 etiamsi
918 712 980 752 nou
1002 693 1063 753 sint
1084 693 1141 755 sub

208 771 402 834 obedientia
423 775 542 853 Papae,
564 774 664 833 adhuc
686 775 807 834 salvari.

305 856 354 916 Dc
386 857 592 916 Bohemorum
626 856 761 916 articulis
799 856 890 932 dixit,
926 878 965 917 ex
1006 858 1141 918 articulis

210 937 437 998 condemnatis
458 941 488 998 in
512 939 652 999 Concilio
676 937 903 1012 constantiensi
930 940 1051 1019 aliquos
1072 959 1141 1000 esse
1165 935 1172 942 ’

211 1019 502 1081 Christianissimos
542 1028 572 1080 et
617 1022 831 1100 evangelicos,
881 1041 940 1101 quo
977 1025 1139 1083 temerario

212 1121 328 1164 errore
350 1104 463 1164 multos
488 1105 606 1181 terruit,
630 1110 661 1164 et
682 1103 842 1165 discedere
863 1105 949 1182 fecit,
985 1108 1035 1184 qui
1057 1106 1141 1184 prius

211 1187 244 1244 ei
269 1185 427 1248 favebant.

306 1269 393 1329 Dixit
412 1271 493 1329 inter
515 1268 585 1347 alia,
608 1286 675 1327 cum
700 1269 728 1328 ei
751 1287 956 1348 opponerem:
979 1271 1011 1330 Si
1032 1272 1141 1350 prima·

214 1359 268 1410 tus
299 1352 403 1430 Papae
434 1357 515 1412 esset
549 1351 650 1410 solum
683 1351 722 1410 de
753 1352 818 1411 iure
844 1353 978 1412 humano
1012 1361 1043 1412 et
1069 1371 1140 1412 con·

208 1452 318 1492 sensu
340 1434 492 1512 fidelium,
529 1433 611 1494 unde
644 1435 763 1494 veniret
795 1433 851 1494 sibi
874 1435 1012 1512 habitus,
1049 1454 1139 1514 quem

216 1517 364 1595 gereret?
399 1517 479 1576 uude
509 1524 694 1595 potestatem
717 1517 913 1595 praedicandi
935 1517 1079 1595 haberet,
1110 1527 1142 1579 et

218 1599 435 1659 confessiones
468 1599 611 1660 audiendi
643 1599 900 1678 parochianorum
923 1607 980 1660 etc.
1001 1600 1140 1678 Respon-

218 1680 266 1741 dit
289 1702 324 1742 se
352 1682 452 1760 velle,
484 1681 599 1741 nullum
632 1701 701 1741 esse
723 1680 869 1741 Ordinem
891 1682 1139 1759 Mendicantium,

219 1764 372 1843 pleraque
404 1764 465 1824 alia
494 1764 677 1824 scandaloso
705 1769 736 1824 et
769 1764 902 1824 absurda
924 1764 1017 1843 dixit,
1055 1766 1138 1843 quod

219 1847 404 1925 Concilium,
428 1848 499 1926 quia
512 1855 616 1906 essent
629 1846 780 1925 homines,
803 1849 902 1926 possit
922 1865 1033 1925 errare,
1056 1849 1138 1926 quod

219 1949 285 1989 non
322 1930 503 2009 probaretur
536 1949 574 1989 ex
604 1930 759 2008 Scriptura
791 1948 894 2007 sacra,
931 1932 1138 2009 purgatorium

220 2023 389 2090 caseata,
420 2013 463 2071 uti
492 2011 634 2073 videbitis
662 2011 794 2091 legendo
817 2012 1062 2091 Disputationem
1086 2031 1139 2072 no-

220 2099 329 2172 stram,
351 2097 421 2173 quia
442 2094 626 2154 fidelissimis
650 2096 776 2153 notariis
798 2097 952 2173 exscripta
974 2104 1030 2154 est.

308 2179 422 2236 Verum
443 2179 474 2236 in
497 2177 599 2236 multis
623 2195 671 2236 me
696 2177 877 2255 obruerunt,
899 2180 1045 2256 primum,
1067 2179 1138 2257 quia

220 2260 317 2320 libros
350 2279 453 2320 secum
481 2259 661 2337 attulerant,
695 2260 856 2339 inquibus
886 2268 973 2320 erant
994 2263 1074 2339 noti,
1109 2269 1140 2320 et

221 2350 466 2422 apportaverunt
486 2361 589 2402 secum
612 2343 651 2401 ad
673 2342 776 2401 locum
794 2343 1025 2422 Disputationis,
1048 2343 1138 2403 etad

219 2426 293 2485 illos
314 2427 416 2490 statim
428 2425 599 2485 habuerunt
619 2443 786 2503 recursum,
806 2425 869 2486 imo
892 2445 931 2484 ex
953 2426 1036 2486 libris
1059 2427 1141 2505 lege-

221 2507 298 2567 bant
321 2510 478 2586 oontinuo,
500 2527 568 2567 cum
592 2527 704 2587 magna
726 2526 832 2569 eorum
854 2509 1004 2568 irrisione.

305 2591 458 2668 Secundo,
481 2593 551 2670 quia
572 2592 819 2670 Disputationem
842 2610 964 2670 semper
983 2591 1140 2651 habebant

219 2674 251 2732 in
274 2676 411 2753 scriptis,
434 2683 465 2734 et
486 2681 596 2752 postea
615 2674 814 2734 conferebant
835 2674 933 2752 domi,
975 2693 1034 2753 ego
1065 2694 1140 2734 nuu-

220 2775 314 2834 quam
336 2756 457 2837 inspexi
476 2777 566 2816 unum
586 2757 722 2834 verbum,
744 2775 904 2836 quousque
926 2756 1061 2817 finiretur
1072 2759 1138 2816 Dis·

218 2842 350 2918 putatio.

304 2922 418 3000 Tertio,
442 2930 530 2982 crant
551 2942 655 2983 eorum
679 2922 792 3001 plures,
814 2923 886 3000 quia
906 2923 965 3000 ipsi
986 2925 1136 2983 Doctores

219 3004 299 3083 duo,
328 3007 477 3066 Dominus
508 3007 640 3084 Laugius
668 3007 960 3085 Augustinianorum
988 3007 1136 3083 Vicariue,

218 3087 281 3147 duo
317 3088 478 3150 Licentiati
511 3088 678 3167 Theologi,
725 3107 803 3148 unus
839 3106 938 3168 nepos
975 3087 1136 3165 Reuohlin,

219 3170 347 3230 multum
361 3185 391 3247 a)
419 3190 583 3252 arrogans,
617 3179 678 3230 tres
701 3171 851 3230 Doctores
873 3172 967 3246 luris,
1000 3172 1137 3250 Magistri

217 3253 352 3332 plurimi,
374 3257 424 3333 qui
448 3262 478 3314 et
499 3256 639 3333 privatim
665 3261 696 3312 et
717 3252 839 3332 publice
861 3254 1022 3334 iuvabant,
1044 3255 1135 3314 etiam

218 3340 249 3393 in
272 3337 341 3416 ipso
363 3339 691 3418 lact0,Disputationis.
736 3339 895 3423 Ategob)
919 3343 1014 3420 solus,
1036 3342 1137 3420 aequi-

220 3424 282 3478 tate
302 3424 474 3502 comitatus,
497 3424 643 3485 astabam.

290 3699 315 3764 a)
337 3698 433 3751 Decius
466 3714 521 3751 non
545 3701 596 3749 suit
623 3713 772 3765 arrogans,
801 3697 849 3749 sed
879 3713 966 3765 nepos
990 3696 1133 3760 Reuchliu‚

208 3769 248 3887 tide
271 3777 327 3833 est,
355 3769 424 3823 Plril
450 3769 511 3821 Mel.
587 3769 618 3838 b)
642 3769 741 3822 Eccius
778 3769 856 3822 aolus
888 3771 1026 3838 aequitate
1056 3770 1136 3819 comi·

219 3852 236 3887 a
250 3854 290 3887 us.
