2709 4417
470 332 541 388 Xlll.
559 331 595 388 ds
610 335 749 402 potestate
766 330 868 402 Papae.
1057 328 1119 395 355

200 527 230 582 ut
249 522 283 582 in
310 521 392 582 hacc
420 527 558 582 monstra
584 519 777 581 confusionis
808 526 840 579 et
866 518 1118 580 contradictionis
1185 553 1190 563 ·

200 604 285 664 ruat?
327 604 401 665 Non
422 623 498 685 ergo
521 604 572 664 alii
602 612 673 664 sunt
701 600 814 663 subditi
836 601 940 681 Papus
971 609 1004 662 et
1023 603 1117 682 impe·

200 689 320 766 ratoris,
344 687 404 748 nisi
426 693 571 767 quantum
587 685 717 777 donam
730 687 922 764 imperatoris
940 685 1118 746 constitutio

201 777 227 830 et
262 777 414 831 creatura.
465 770 534 831 Hoc
567 769 662 831 verbo
691 765 815 850 Petri*)
849 774 881 828 st
918 769 983 828 iure
1014 767 1119 828 divino

201 870 308 913 omnes
344 853 522 915 subiicimur
555 851 660 932 gladio
693 857 725 912 st
758 852 905 929 potestati
935 849 1119 930 mundanae,

203 936 279 996 dont
300 944 332 996 st
353 936 444 998 Rom.
467 938 515 1001 13.
539 942 570 995 et
590 935 649 997 Tit.
667 936 697 998 3.
721 933 875 994 scribitur:
918 932 1025 994 Omnis
1058 934 1119 1009 (in-

202 1017 281 1100 quit)
308 1019 412 1078 anima
436 1018 641 1099 potestatibus
670 1015 898 1078 sublimioribus
926 1014 1048 1077 subdita
1069 1017 1119 1095 sit,

203 1120 263 1162 nou
287 1102 357 1162 sine
379 1120 474 1162 cansa
525 1099 638 1161 lodium
672 1106 788 1180 portat,
820 1099 958 1159 ministra
978 1099 1035 1159 Dei
1064 1105 1120 1178 est,

203 1183 255 1244 tibi
278 1185 312 1244 in
335 1184 461 1246 bonum.
497 1121 608 1262 gredo,
631 1185 683 1262 qui
707 1183 807 1243 omnis
828 1183 932 1242 anima
952 1180 1039 1260 dixit,
1061 1199 1120 1241 nec

200 1268 334 1327 animam
356 1265 521 1346 pontificis,
544 1285 602 1326 nso
624 1286 710 1325 suam
731 1266 827 1345 ipsius
850 1264 1014 1344 exceperit.
1058 1262 1118 1324 Ssd

200 1349 427 1429 perpendamus
449 1349 580 1430 singula,
602 1356 636 1409 ut
650 1347 808 1409 videamus
821 1346 997 1427 Scripturas
1012 1364 1119 1407 sacrae

200 1433 483 1513 nter-pretationem
506 1433 677 1492 Romanam
701 1430 890 1493 hodiernam.
1001 1468 1003 1471 -

281 1515 315 1577 Si
339 1515 506 1595 spiritualia
526 1513 745 1594 temporalibus
767 1513 972 1594 praecellunt,
1001 1518 1117 1591 quanto

200 1599 302 1658 tnima
324 1599 463 1677 corpori,
484 1596 617 1677 ideoque
638 1595 809 1676 spiritualia
837 1615 899 1656 non
928 1596 1001 1655 licet
1027 1593 1117 1654 subdi

200 1681 436 1760 emporalibus,
469 1681 571 1740 omnis
598 1685 701 1740 autem
722 1679 817 1740 homo
851 1677 944 1738 habet
975 1679 1120 1756 animam,

199 1763 225 1822 ,d
250 1770 312 1841 est,
334 1763 501 1843 spirituale,
523 1781 597 1843 argo
620 1762 722 1822 nullus
745 1761 839 1822 bomo
861 1761 950 1821 alteri
964 1760 1120 1837 subdatur,

199 1865 255 1907 nec
283 1865 361 1906 ores
384 1845 496 1906 Christi
516 1846 622 1925 Patro,
645 1864 713 1904 cum
737 1845 843 1905 Petrus
865 1844 905 1904 sit
925 1843 1018 1904 homo
1041 1844 1120 1903 sicut

199 1936 226 1990 et
262 1928 319 1989 illi.
368 1928 479 1988 Paulus
510 1927 597 1989 dicit:
642 1928 749 1988 Omnis
778 1927 882 1986 anima
914 1925 1036 1986 subdita
1069 1926 1118 2003 sit,

199 2030 277 2091 luas
309 2012 415 2089 utique
443 2011 607 2090 spiritualis
638 2018 695 2074 est.
739 2010 788 2070 An
817 2009 1020 2083 cbristus**)
1055 2026 1119 2068 non

199 2101 264 2155 erat
286 2094 471 2174 spiritualis,
505 2093 627 2174 quando
662 2113 731 2153 cum
761 2093 851 2153 Petro
880 2092 974 2152 solvit
993 2090 1119 2152 Caesari
1170 2149 1177 2164 ,

199 2176 431 2238 didrachmum?
462 2196 501 2236 an
524 2176 686 2257 pontifices
713 2176 851 2256 excepit,
880 2174 1003 2254 quaudo
1026 2173 1119 2234 dixit:

199 2261 280 2321 Date
302 2278 384 2339 quae
405 2259 546 2320 Caesarm
569 2266 640 2321 suut
661 2259 795 2322 (lassari.

281 2343 326 2403 At
346 2342 407 2402 boc
428 2341 611 2424 syllogismo
633 2341 871 2404 concludemus:
908 2338 999 2414 Quod
1021 2339 1119 2419 magis

199 2424 361 2508 spirituale
382 2426 486 2504 luerit,
519 2425 689 2505 praecellat
716 2425 814 2484 minus
849 2421 1022 2503 spirituale,
1053 2428 1119 2480 tum

199 2511 286 2590 virgo
311 2515 418 2568 sancta
438 2508 553 2569 ancilla
575 2507 781 2569 dominabitur
802 2507 897 2586 impio
919 2501 1067 2585 pontiflci,
1089 2509 1121 2563 et

199 2594 360 2674 ptnnosus
382 2590 540 2651 mendicus
561 2592 749 2671 imperatori.
782 2588 932 2666 Obsecro,
954 2606 1034 2666 quae
1056 2595 1120 2647 tun·

200 2675 271 2736 dcm
294 2674 367 2734 hinc
387 2674 519 2734 ludibria
539 2673 727 2754 sequentur?
768 2673 836 2732 Hoc
858 2690 933 2731 sans
948 2689 1064 2746 verum,
1087 2670 1118 2729 in

201 2757 298 2820 verbo
322 2764 354 2818 et
374 2763 567 2817 sacramento
590 2756 740 2817 tradendo
765 2755 861 2837 (haec
878 2754 959 2814 enim
976 2757 1047 2813 sunt
1061 2753 1120 2832 spi·

202 2837 344 2923 niualis)
380 2839 542 2919 pontifices
571 2846 643 2900 sunt
663 2858 762 2919 *super
790 2855 907 2899 omncs.
949 2835 1062 2917 Verum
1090 2835 1121 2894 in

202 2922 423 3004 temporalibus
435 2922 535 3001 rebus,
557 2922 677 3002 officiis,
696 2921 819 2996 tributo,
841 2938 946 2998 censu,
968 2917 1122 2998 vectigali,

201 3014 232 3068 et
252 3004 396 3068 omnibus
417 3005 563 3066 oneribus
586 3004 763 3085 temporalis
777 3002 974 3083 reipublicae,
996 3017 1121 3080 prorsus

201 3088 366 3171 pontifices
388 3093 419 3148 et
439 3089 543 3149 clerici
565 3095 637 3148 suut
658 3084 885 3168 magistratibus
907 3083 1037 3147 subiecti
1057 3083 1122 3142 iure

202 3173 325 3250 divino,
354 3190 413 3232 neo
434 3171 568 3252 exempti
589 3172 649 3231 nisi
669 3169 821 3231 beneflcio
853 3168 943 3229 huius
969 3167 1122 3227 humanae

202 3262 372 3319 mactmus.

285 3337 377 3412 Quod
399 3338 425 3398 si
447 3335 572 3397 dixerit:
610 3334 787 3415 spiritualia
808 3352 871 3395 non
892 3331 1033 3412 intelligo
1055 3348 1122 3408 per-

204 3441 298 3484 sonas
320 3422 420 3501 ipsus,
448 3439 519 3481 nam
543 3418 684 3480 volumus
707 3435 815 3478 omnes
837 3434 913 3477 oves
935 3413 1047 3475 Christi
1068 3430 1122 3472 no·

204 3504 249 3566 bis
272 3523 343 3565 esse
364 3503 517 3565 subiectas
539 3509 571 3562 et
592 3500 783 3581 spirituales,
812 3498 867 3560 sed
888 3515 937 3558 res
958 3498 1041 3577 ipsas
1063 3495 1122 3574 spi·

203 3587 348 3666 rituales,
371 3593 405 3648 ut
424 3605 480 3666 per
501 3584 687 3666 temporalia
706 3602 757 3645 res
779 3580 975 3663 temporales,
996 3596 1122 3657 respon·

265 3852 296 3913 ε)
318 3852 330 3900 ι
351 3849 410 3902 sss.
431 3850 456 3902 2.
500 3851 547 3918 ”J
570 3852 671 3910 usto.
696 3854 740 3913 17.
763 3857 792 3910 et
808 3852 857 3910 aa
912 3919 988 3992 w
