2709 4417
454 374 472 411 o
490 359 611 414 notariis
630 365 754 430 excepta.
1011 356 1072 424 117

189 551 285 603 tatem
323 534 480 605 vitandtim
502 545 706 605 necessarium
740 552 810 621 est,
843 545 1071 624 distinctionem

189 646 267 687 mere
289 645 398 688 sacrae
423 627 596 707 Scripturas
619 628 819 689 conformem.

213 709 262 769 Sic
274 717 306 770 et
317 711 525 791 Hieronymus
534 713 634 770 innuit
646 719 677 770 et
687 710 858 791 Cyprianus
870 730 925 791 per
940 730 984 771 ms
998 711 1070 771 alle·

189 794 233 870 ti,
256 800 289 853 et
311 794 457 872 Epistola
478 798 506 857 9
518 796 600 872 ,qui
623 801 653 853 et
674 793 891 871 aequalitatem
917 794 1073 874 apostola·

189 875 393 955 sistentur,
429 884 460 935 et
486 884 586 936 tamen
623 878 787 956 primatum
810 877 900 936 Petro
930 876 1075 952 tribuunt,

189 895 233 1017 {sod
257 957 324 1018 fieri
346 978 408 1018 non
432 966 544 1048 potest,
567 960 625 1018 nisi
648 959 687 1018 ad
711 959 833 1020 diversa
853 959 977 1019 reseras.
1011 959 1075 1017 l'la'·

191 1048 201 1099 t
237 1043 311 1100 mibi
344 1037 552 1121 apostolatum
575 1043 678 1102 dicere
708 1041 869 1119 officium,
906 1043 949 1101 ita
971 1049 1073 1101 tamen

189 1124 235 1183 rod
257 1127 349 1184 etiam
375 1125 456 1184 dicat
479 1125 637 1185 honorem.
670 1125 747 1186 Sunt
769 1126 849 1183 enim
871 1127 930 1184 ista
952 1126 1077 1186 uomina

205 1207 387 1267 bonoriset
375 1209 532 1283 toneris,
572 1214 604 1266 ιιι
625 1208 709 1282 dixi,
749 1207 830 1285 quod
855 1207 1014 1286 apostolus
1037 1208 1075 1266 ad

189 1287 312 1349 'omanos
325 1290 449 1369 indicat,
472 1310 538 1369 cap.
557 1293 608 1354 10:
632 1288 797 1364 Quomodo
813 1288 1076 1369 evangelisabunl,

189 1374 212 1430 si
235 1373 417 1432 mittantur?

236 1455 281 1514 De
304 1455 571 1529 administratione
593 1457 701 1514 iterum
724 1455 877 1514 assentior
904 1454 1075 1515 reverendo

189 1539 249 1613 atri,
280 1538 362 1598 illam
387 1539 505 1597 scilicet
525 1540 555 1596 in
579 1536 799 1617 temporalibus
823 1557 892 1596 esse
915 1536 1010 1598 multo
1033 1538 1076 1596 in·

189 1621 309 1698 riorem,
333 1640 424 1699 quam
447 1621 500 1680 illa
520 1622 551 1679 in
561 1621 782 1701 spiritualibus.
805 1619 903 1680 Deum
927 1620 1075 1700 optimum

189 1722 310 1782 >gemus
335 1710 367 1763 ut
390 1704 528 1782 episcopi
551 1704 646 1763 nostri
667 1701 743 1761 illud
765 1711 945 1782 agnoscant,
968 1709 999 1761 et
1020 1704 1077 1781 spi-

189 1785 274 1845 tualia
298 1805 358 1846 non
382 1807 436 1866 per
449 1787 590 1863 vicarios,
613 1793 643 1845 et
663 1785 846 1864 temporalia
869 1804 924 1865 per
946 1788 1076 1865 seipsos

189 1867 297 1928 lminist
285 1876 376 1928 trent.
392 1869 395 1874 ’
420 1869 572 1928 Denotavi
604 1887 677 1948 ergo
701 1867 999 1928 administrationem
1030 1889 1075 1928 re·

189 1952 274 2010 minis
296 1953 327 2010 in
341 1953 428 2031 spirit
417 1951 547 2010 tualibus
567 1970 607 2046 po
610 1958 703 2010 etstat
704 1953 761 2028 ive,
784 1970 842 2009 nec
855 1950 926 2010 obst
914 1956 968 2029 tat,
991 1950 1074 2028 quod

189 2033 338 2093 verendus
362 2035 452 2094 Pater
474 2034 558 2107 dicit,
582 2035 627 2092 sic
649 2053 682 2092 se
705 2053 797 2112 posse
820 2032 936 2135 fingere
959 2032 1076 2094 dohan-

190 2135 228 2174 em
251 2116 487 2193 Cancellarium,
517 2117 650 2175 Marcum
673 2111 893 2195 Sigillilerum
893 2122 950 2176 etc
994 2114 1076 2212 Quo·

189 2200 285 2271 iam,u
288 2200 512 2278 Atugustinus
535 2201 592 2266 ait
567 2198 719 2260 tliberis
739 2198 841 2258 'verbis
865 2205 988 2258 utuntur
1011 2185 1076 2277 pbr

189 2282 299 2360 asophi,
340 2282 428 2342 nobis
452 2300 524 2341 vero
548 2282 586 2340 ad
610 2287 723 2340 certam
746 2281 883 2360 regulam
918 2281 1001 2358 loqui
1030 2281 1075 2340 fas

189 2373 223 2439 st,
255 2363 326 2423 ideo
351 2365 423 2424 talia
447 2370 568 2443 oportet
589 2362 718 2440 afferre,
740 2382 820 2441 quae
838 2364 1075 2433 ,fundamentum

189 2447 302 2525 eripiant
324 2467 363 2506 ex
386 2466 474 2506 sacra
496 2446 671 2526 Scriptura,
706 2447 785 2505 sicut
818 2444 946 2525 primum
984 2465 1075 2505 mem-

189 2548 240 2587 mm
260 2529 454 2608 apostolatus
476 2530 507 2588 in
529 2529 739 2607 apostolorum
763 2529 967 2606 aequalitate,
1002 2529 1075 2587 alte-

189 2631 223 2669 um
244 2612 412 2672 membrum
449 2613 605 2691 regiminis
638 2613 667 2669 in
691 2611 773 2670 Petri
803 2611 943 2690 primatu.
988 2611 1076 2671 Unde
1144 2668 1150 2684 ,

189 2700 253 2753 lleor
275 2693 519 2755 robustissimam
544 2713 611 2752 esse
634 2696 827 2753 autoritatem
853 2694 949 2766 Pauli,
973 2692 1027 2753 sed
1045 2692 1074 2766 Ι)

190 2795 237 2836 uae
258 2775 329 2836 mihi
355 2796 414 2836 uec
436 2779 466 2836 in
490 2795 551 2836 una
569 2776 657 2835 litera
678 2776 865 2835 adversetur.

240 2860 434 2938 Contempsit
467 2859 653 2918 reverendus
686 2859 774 2917 Pater
808 2857 907 2916 simile
939 2878 994 2936 per
1028 2877 1076 2915 mc

189 2939 340 3017 iduatum,
377 2941 415 3001 de
439 2941 654 3001 schismatibus
688 2942 718 2999 in
753 2942 913 3022 provincia
935 2939 1076 3018 praeside

189 3031 287 3120 arente,
310 3024 456 3102 quoniam
478 3026 539 3083 iam
561 3026 604 3083 ita
626 3025 695 3082 sit
687 3044 716 3082 m
741 3025 844 3103 regnis
867 3022 1001 3082 fidelium
1026 3022 1077 3081 Hi·

189 3109 291 3185 laniae,
310 3106 441 3248 Gtalliae,
459 3106 599 3185 Angliae,
611 3106 796 3185 Hungariae,
819 3123 897 3183 quae
920 3114 990 3163 sunt
1011 3105 1077 3164 sine

189 3190 274 3267 apite,
311 3196 342 3248 et
365 3195 467 3248 tamen
491 3196 551 3248 stat
573 3207 653 3267 pax,
685 3190 756 3267 quia
779 3187 953 3248 concordia
969 3170 1078 3246 luter

189 3269 213 3330 la
230 3275 333 3351 miror,
355 3272 538 3350 quomodo
534 3270 721 3330 reverendus
734 3272 824 3330 Pater
845 3276 996 3329 tantarum
1010 3288 1076 3329 cae-

189 3353 248 3428 ium,
269 3354 431 3432 bellorum,
453 3339 668 3434 proeliorum'
661 3374 721 3414 ram
746 3354 834 3413 luerit
852 3352 975 3428 oblitus,
999 3371 1078 3431 quae

191 3453 221 3495 on
254 3445 358 3516 potest
390 3438 542 3516 ignorare.
589 3435 697 3496 Dicere
721 3436 792 3496 nolo
817 3443 877 3495 tam
903 3436 1076 3494 diuturnum

190 3518 313 3578 issidium
327 3526 358 3579 et
368 3527 548 3599 perpetuum
565 3519 667 3581 odium
682 3521 762 3578 inter
773 3519 881 3578 Gallos
895 3527 925 3577 et
942 3518 1077 3598 Auglos3

192 3598 259 3660 dium
287 3604 380 3662 etiam
402 3604 603 3662 inveteratum
626 3602 705 3661 inter
726 3600 834 3661 Gallos
858 3608 888 3659 et
912 3601 1081 3680 Hispanos.

189 3759 588 3776 --.--.......,-

189 3847 243 3898 lln
261 3849 302 3900 ed.
321 3849 386 3908 Jen.
411 3861 441 3906 et
464 3861 544 3926 apud
564 3863 712 3930 toesch·:
736 3817 784 3928 et.>
814 3862 817 3867 ’
