2709 4417
219 346 285 416 430
470 349 515 401 tu.
534 346 639 403 floreio
658 345 693 400 de
711 346 892 400 confessione

222 544 335 634 cetum,
358 535 514 612 Satanan,
535 534 609 594 item
624 530 771 592 mundum
784 530 920 590 militare
935 529 1037 590 debet.
1067 531 1132 592 Ante

223 620 329 681 omnia
342 620 434 699 igitur
455 616 686 696 diligentissime
707 613 880 674 memoriae
901 613 1133 674 commendandi

224 708 295 763 sunt
315 700 419 776 verba,
442 698 551 779 quibus
572 698 708 759 Christus
731 696 792 756 boc
813 702 1046 756 sacramentum
1065 697 1133 757 insti

224 786 290 867 tuit,
312 802 424 862 nempe
443 783 535 846 haec:

308 866 491 925 Dominus
508 864 637 924 lesus'
629 874 726 923 inea
743 868 869 939 nocte,
890 880 967 940 qua
985 861 1133 922 traditus
1174 888 1175 897 ¹

225 958 293 1026 est,
322 948 656 1028 accepitpancm,
689 952 728 1005 ct
756 952 972 1024 postquam
1002 947 1133 1025 gratiss

225 1032 393 1112 egisset,
427 1029 563 1109 tregit,
597 1033 638 1088 et
667 1024 780 1088 dedit
813 1026 1036 1107 discipulis
1060 1046 1133 1102 suis

225 1113 377 1173 dicens:
401 1112 558 1191 Accipit
565 1130 592 1188 e,
545 1109 813 1184 comedite
836 1109 1132 1190 hocestcorpus

226 1215 364 1294 meum,
393 1193 494 1274 quod
524 1212 592 1272 pro
615 1191 728 1254 vobis
750 1192 875 1252 datur.
921 1192 1005 1252 Hoc
1033 1193 1133 1253 facite

226 1279 264 1338 in
286 1278 358 1337 mei
380 1276 798 1338 commemorationem.

310 1359 508 1436 Similiter,
530 1365 738 1438 postquam
762 1359 962 1434 coenavit,
985 1367 1132 1438 accepto

227 1442 369 1519 calice,
404 1460 483 1500 cum
523 1441 675 1521 gratias
709 1442 873 1521 egisset,
907 1440 1023 1500 dedit
1053 1441 1133 1516 iliis,

226 1523 380 1584 disens:
421 1523 551 1583 Bibite
584 1543 629 1582 ex
661 1522 735 1582 hcc
766 1542 917 1599 omnes,
953 1523 1017 1582 hic
1047 1523 1133 1582 calix

226 1624 365 1668 novum
391 1613 666 1665 testamentum
696 1607 811 1664 estin
834 1624 919 1665 meo
945 1607 1133 1686 sanguine,

227 1691 290 1769 qui
322 1707 390 1768 pro
423 1688 536 1749 vobis
566 1687 788 1746 effunditur
809 1690 845 1746 in
868 1689 1133 1748 remissionem

227 1778 490 1914 peccatorum,
535 1771 607 1830 hoc
646 1771 785 1848 facite,
829 1771 1133 1849 quotiescunque

253 1854 431 1932 iberitis,
453 1856 489 1913 in
514 1854 587 1912 mei
612 1854 1037 1913 commemorationem.

309 1935 394 1995 Haec
410 1944 481 1995 sunt
498 1934 600 2014 verba,
624 1953 702 2014 quae
717 1953 817 2014 neque
838 1935 908 2015 ipsi,
931 1953 1034 2015 neque
1054 1937 1133 1996 etiam

228 2019 320 2079 Satan
344 2037 460 2098 negare
481 2019 611 2098 poterit,
632 2020 664 2077 in
686 2035 765 2095 quae
785 2017 926 2097 figendus
949 2037 1006 2096 pes
1028 2025 1088 2093 est,
1108 2029 1133 2077 ut

228 2101 355 2162 firmiter
382 2102 413 2159 in
442 2102 478 2159 iis
507 2100 734 2160 consistamus?
771 2099 848 2159 Sunt
878 2109 982 2159 autern
1006 2101 1086 2160 nuda
1104 2119 1134 2160 ac

228 2185 415 2264 plenissima,
439 2202 518 2261 quae
537 2182 627 2242 nullis
644 2183 948 2260 interpretationibus
972 2182 1054 2243 eludi
1075 2202 1133 2262 pos-

228 2273 312 2343 sunt,
343 2265 425 2344 quod
455 2273 485 2324 et
511 2267 599 2343 panis
629 2266 669 2324 sit
695 2265 806 2324 Christi
837 2283 949 2344 corpus
978 2285 1034 2346 pro
1056 2265 1133 2325 nobis

227 2349 380 2427 traditum,
403 2356 434 2408 et
448 2348 529 2407 catix
544 2347 656 2407 Christi
675 2348 809 2426 sanguis,
832 2366 887 2427 pro
910 2347 999 2409 vobis
1022 2348 1133 2423 effusus,

228 2439 259 2493 et
280 2433 419 2492 iubemur
440 2430 492 2491 iila
513 2431 614 2489 facere
635 2433 666 2488 in
688 2432 1015 2490 commemorationem
1038 2432 1134 2510 ipsius.

311 2515 473 2574 Diversum
511 2521 612 2572 autem
654 2513 796 2592 Papistce
835 2512 1028 2575 mandarunt.
1071 2513 1134 2573 Gan

229 2599 321 2677 igitur
348 2616 404 2676 pro
434 2596 586 2655 concione
613 2594 762 2655 dixerint:
796 2596 860 2655 Vos
882 2595 966 2655 Laici
988 2597 1065 2656 haec
1084 2615 1136 2656 nou

228 2680 415 2759 intelligitis,
438 2697 538 2757 neque
560 2677 633 2737 licet
653 2677 742 2737 vobis
763 2679 823 2737 ista
844 2679 1048 2757 interpretari,
1070 2697 1137 2739 erru-

227 2764 265 2823 tis
292 2764 399 2841 igitur,
433 2760 601 2840 responde:
637 2763 684 2819 ius
720 2761 939 2839 interpretandi
983 2764 1136 2841 scripturas

228 2863 328 2924 aeque
345 2845 443 2904 Laicis
461 2861 644 2903 concessum
663 2849 833 2921 esseatque
845 2842 955 2903 doctis.
983 2844 1025 2904 Et
1046 2863 1137 2923 quem·

229 2927 393 2987 admodum
428 2926 505 3004 iliis,
546 2927 593 2986 ita'
616 2926 705 2986 uobis
735 2944 858 3004 quoque
885 2925 1063 2986 mandatum
1090 2938 1138 3001 est,

230 3017 263 3070 ut
276 3009 434 3069 credamus
449 3011 480 3068 in
495 3011 602 3085 Deum,
626 3017 658 3068 ut
673 3014 809 3070 nostram
824 3007 917 3069 fldem
936 3008 1139 3084 confiteamur,

229 3111 266 3154 oc
290 3093 394 3152 omnia
414 3098 581 3172 praecepta
600 3092 658 3151 Dei
679 3109 845 3153 servemus.
887 3090 1044 3151 Habemus
1067 3092 1139 3151 eninr

228 3175 359 3235 eundem
384 3176 494 3251 Deum,
523 3193 613 3252 quem
641 3175 699 3254 ipsi
726 3173 839 3233 babere
869 3173 1046 3248 sedicunt,
1076 3192 1139 3252 quo

229 3258 322 3319 modo
351 3265 452 3318 cutem
481 3255 657 3334 credemus,
686 3258 711 3316 si
739 3263 792 3316 aut
813 3257 938 3316 verbum
961 3258 1141 3337 ignoremus,

229 3348 283 3401 aut
310 3360 372 3401 non
395 3340 616 3420 intelligamus,
646 3359 715 3399 cnm
738 3359 812 3419 ergo
835 3339 1015 3398 mandatum
1038 3339 1141 3400 habet·

230 3443 306 3502 mns,
329 3431 362 3484 ut
384 3422 559 3499 credamus,
582 3441 711 3483 necesse
733 3441 856 3501 quoque
877 3431 934 3502 est,
957 3430 992 3482 nt
1012 3422 1141 3496 verbnm,

229 3508 277 3567 cui
305 3507 490 3567 credendum
519 3514 582 3584 est,
613 3507 755 3567 sciamus.
799 3504 906 3583 Neque
936 3507 1018 3564 enim
1048 3511 1143 3584 potest

230 3607 298 3649 esse
320 3588 395 3650 tides
418 3592 484 3648 sine
507 3590 611 3648 verbo

312 3673 473 3732 Praeterea
502 3673 563 3732 hoc
584 3689 708 3750 quoque
729 3670 818 3731 nobis
842 3668 1008 3745 incumbit,
1039 3667 1141 3727 utillo

226 3755 398 3820 Verbot
352 3758 383 3818 ni
386 3765 508 3837 tamur,
533 3763 567 3816 et
595 3761 706 3813 contra
726 3770 838 3809 omues
854 3751 992 3805 ineuntes
1006 3749 1155 3815 ‘butum

215 3846 348 3931 peccati
375 3852 411 3909 et
442 3805 551 3906 mubdi
574 3857 636 3899 uos
660 3830 901 3895 deiendemus,
918 3827 1024 3891 item,
1041 3829 1083 3875 un
1097 3836 1176 3888 ψ

136 4022 161 4080 Ι.
