2709 4417
474 349 508 404 de
526 350 706 417 Senamonto
725 351 863 419 baptismi.
1078 349 1137 415 401

212 539 358 608 mortem,
380 540 413 593 nt
434 534 483 594 vel
503 534 557 594 illa
578 534 698 594 ratione
720 533 759 593 ab
780 533 842 595 hoc
862 552 993 614 corpore
1015 537 1138 615 peccati

212 613 393 677 liberemur.

300 699 509 772 Duodecimo,
536 705 632 759 restat
651 699 711 759 iam
736 699 824 759 tertia
845 699 932 760 buius
954 703 1139 762 sacramenti

213 799 287 858 pars
300 781 472 860 tractanda,
485 800 596 861 nempe
607 780 695 860 fides,
718 789 750 840 ut
771 781 888 842 scilieet
909 790 1087 844 constanter
1109 791 1141 845 et

213 861 344 924 firmiter
366 864 542 941 credamus,
577 863 660 942 quod
683 883 747 925 non
777 864 878 925 solum
908 864 1060 944 significat
1079 865 1140 927 hoc

214 954 443 1007 sacramentum
472 956 602 1007 mortem
631 952 663 1007 et
688 948 941 1008 resurrectionem
972 949 1003 1007 in
1038 950 1137 1009 novis·

214 1030 295 1089 simo
321 1030 387 1110 dis,
425 1049 480 1110 pcr
507 1049 584 1108 quae
607 1029 702 1090 bomo
731 1031 899 1090 renascitur
927 1031 958 1090 in
982 1037 1138 1092 aeternam

215 1113 328 1188 vitam,
351 1113 405 1173 sed
429 1111 511 1191 quod
533 1112 702 1192 baptismus
723 1112 777 1173 illa
803 1114 923 1186 omnia,
952 1111 1023 1174 dum
1047 1116 1138 1175 etiam

214 1195 266 1254 hio
287 1197 438 1273 vivimus,
474 1215 546 1255 vers
575 1197 605 1255 iu
634 1194 724 1255 nobis
747 1205 900 1274 operetur.
941 1195 1027 1257 Haec
1057 1199 1139 1257 enirn

215 1271 386 1356 baptismus
410 1279 493 1358 agit,
527 1279 624 1337 Deum
651 1276 740 1338 nobis
773 1285 804 1338 et
830 1297 888 1339 nos
916 1280 1050 1339 vicissim
1071 1280 1139 1357 Deo

215 1360 399 1440 obstringit,
436 1360 519 1439 quod
546 1361 676 1421 velimus
699 1369 845 1440 peccata,
874 1361 976 1440 quoad
999 1363 1138 1437 vivimus,

217 1442 424 1522 mortificare,
460 1452 490 1502 et
517 1450 623 1502 contra
645 1462 684 1503 ea
705 1463 864 1522 pugnare:
892 1445 974 1522 qnod
1005 1446 1138 1506 vicissim

216 1527 283 1605 ipse
307 1526 389 1586 Deus
411 1526 486 1586 velit
502 1525 662 1606 indulgere
686 1527 796 1605 nobis,
826 1526 1004 1588 condonare
1027 1535 1137 1603 errata,

215 1608 378 1669 nobiscum
400 1627 462 1669 uon
486 1627 603 1668 summo
626 1613 692 1669 iura
710 1628 814 1687 agere,
837 1628 937 1689 neque
958 1610 1029 1671 ideo
1054 1611 1137 1670 dam-

216 1710 291 1752 nare
313 1711 382 1769 nos,
407 1692 499 1770 quod,
523 1690 594 1750 dum
616 1691 667 1751 bic
688 1693 828 1771 vivimus,
850 1693 916 1752 sine
938 1695 1073 1774 peccatis
1096 1695 1139 1754 vi·

218 1793 291 1835 vere
314 1793 377 1834 non
400 1792 563 1853 possimus.

299 1856 351 1918 Sia
372 1867 536 1934 utrumque
556 1855 718 1936 intelligis,
743 1864 774 1916 ct
796 1855 878 1935 quoti
900 1855 1070 1935 baptismus
1091 1859 1137 1917 in·

217 1948 365 2000 nocentes
387 1939 498 2014 saciat,
528 1940 694 2016 omniaque
716 1938 804 1998 tollat
826 1946 969 2017 peccata,
1002 1943 1033 2000 ct
1055 1940 1137 2019 quod

216 2021 363 2101 reliquiae
385 2023 504 2102 pcccati
525 2023 556 2082 in
579 2021 667 2081 nobis
679 2030 872 2100 remaneant,
896 2040 996 2099 neque
1017 2021 1071 2081 illa
1092 2024 1136 2084 in-

217 2110 287 2165 nata
321 2106 361 2164 ad
388 2103 577 2185 peccandum
606 2104 652 2163 vis
682 2111 713 2164 et
738 2111 847 2164 natura
873 2111 939 2165 tota
967 2104 1136 2167 aboleatur.

216 2186 292 2246 Eum
315 2189 416 2267 igitur,
440 2188 491 2266 qui
512 2186 756 2266 iambaptizatus
774 2195 830 2262 est,
852 2187 1048 2247 innocentem
1063 2188 1135 2250 ideo

216 2289 373 2347 vocamus,
397 2269 479 2348 quod
501 2270 637 2348 coeperit
657 2268 724 2329 fieri
737 2271 896 2347 innocens,
920 2278 951 2330 et
973 2271 1033 2329 iam
1045 2272 1132 2331 inno·

216 2355 335 2413 tentiae
357 2355 475 2433 signum
499 2371 537 2412 ac
557 2352 666 2413 foedus
689 2353 852 2432 acceperit,
875 2358 908 2412 nt
929 2352 1058 2413 subinde
1079 2354 1133 2414 illa

214 2435 393 2496 innocentia
413 2441 532 2495 crescat
555 2443 586 2495 et
607 2441 766 2515 augeatur.
788 2434 821 2494 Si
842 2452 902 2513 qua
918 2442 1019 2495 autem
1033 2443 1133 2497 errata

213 2525 240 2578 st
263 2528 395 2598 peccata
417 2525 585 2595 remanent,
607 2518 740 2578 eaDens
763 2525 888 2598 propter
907 2519 1000 2577 ictum
1022 2517 1132 2579 foedus

211 2619 273 2662 uon
297 2603 450 2681 imputat,
482 2602 525 2660 ita
559 2606 592 2660 ut
622 2601 676 2660 illa
698 2601 876 2661 innocentia
904 2607 969 2660 tota
991 2601 1134 2680 pendeat,

207 2702 274 2745 non
299 2704 340 2744 ex
362 2684 497 2760 homine,
519 2683 574 2744 sed
597 2703 636 2743 ex
657 2686 859 2763 imputatione
874 2683 940 2744 Dei.
964 2683 1049 2744 Siout
1061 2685 1133 2746 Pro·

203 2768 306 2846 pheta
328 2769 371 2828 ait
394 2766 536 2831 Parta:
559 2768 656 2844 Beati,
678 2767 787 2845 quibus
809 2767 937 2826 remissa
958 2773 1006 2826 est
1026 2769 1133 2846 iniqui·

203 2857 266 2926 tas,
292 2857 324 2911 et
346 2851 454 2912 beatus
476 2850 579 2927 bomo,
602 2852 650 2910 oni
674 2869 737 2909 non
760 2851 889 2929 imputat
901 2849 1050 2910 Dominus
1062 2870 1133 2930 pec·
1195 2910 1198 2916 ,

204 2942 329 2995 catum.

296 3017 410 3091 Porro,
437 3015 516 3075 haee
536 3013 618 3086 fides·
640 3023 689 3074 est
709 3016 846 3075 omnium
875 3015 1007 3074 maxime
1027 3035 1133 3077 ncces-

201 3101 303 3161 saria.
345 3098 391 3158 Ea
413 3099 493 3158 enim
515 3098 598 3176 sola,
621 3105 652 3157 et
672 3097 758 3157 nulla
777 3097 838 3157 alia
858 3115 907 3157 res
929 3095 1073 3158 afflictam
1095 3118 1133 3160 aa

202 3180 366 3242 turbatam
389 3183 608 3241 conscientiam
631 3181 785 3241 consolari
818 3186 849 3240 et
876 3180 995 3258 erigere
1017 3188 1131 3260 potest.

203 3264 304 3340 Quod
328 3266 354 3323 si
377 3266 426 3342 qui
456 3264 515 3324 hac
535 3262 597 3323 tide
619 3272 753 3341 careant,
774 3262 818 3321 iili
840 3264 1021 3323 necessario
1042 3283 1131 3344 prop·

203 3356 255 3409 ter
281 3355 412 3428 peccata
435 3346 650 3426 desperabunt.
673 3345 751 3405 Nam
764 3352 902 3425 peccata,
924 3364 1037 3423 quasa
1060 3347 1131 3427 bap-

204 3434 305 3494 tismo
329 3437 463 3506 manent,
485 3431 515 3490 in
538 3431 585 3508 iis,
607 3431 657 3507 qui
681 3447 744 3489 uon
760 3428 897 3505 credunt,
920 3429 1022 3488 omnia
1038 3430 1130 3489 etiam

206 3516 295 3577 bona
319 3533 415 3593 opera
436 3513 648 3573 contaminant
670 3520 701 3571 et
719 3512 918 3590 coinquinant
940 3528 1043 3572 coram
1054 3511 1131 3572 Deo.

273 3598 379 3674 Quare
400 3598 552 3658 constanti
577 3601 608 3656 et
627 3594 716 3654 firmo
738 3595 841 3654 animo
863 3593 951 3653 inniti
977 3593 1131 3675 baptismo

207 3683 375 3760 convenit,
410 3687 443 3741 ut
464 3679 643 3740 abiiciamus
677 3696 745 3738 enm
770 3675 904 3757 pcccatis
928 3682 959 3736 et
990 3677 1131 3738 omnibus

202 3764 375 3825 terroribus
396 3763 615 3841 conscientiae,
641 3769 674 3824 et
694 3759 830 3824 demisso
852 3759 960 3822 animo
981 3759 1145 3821 creamus:

196 3842 270 3902 Soio
293 3844 398 3902 omnia
418 3861 490 3903 mea
516 3863 615 3924 opera
639 3846 769 3928 impura
793 3853 829 3910 et
843 3845 1061 3927 coinquinata
1078 3858 1168 3904 esse.

205 3954 305 3994 asom
318 3963 370 4002 opp.
388 3956 414 3997 v.
424 3957 453 3997 a
469 3960 501 4001 ss
513 3961 559 4003 rer.
574 3962 631 4006 naa
647 3966 664 4008 ι.
678 3977 702 4018 p.
722 3969 778 4012 von
791 3969 840 4011 ru.
962 3932 1011 3998 Ἃ)
