2709 4417
518 333 535 368 a
552 297 674 370 lintellis
696 324 823 384 excepta.
880 373 882 378 ,
1057 309 1099 378 49

179 503 247 562 eine
267 501 433 564 autoritate
450 502 570 582 loquor,
592 502 725 564 adduco·
738 504 764 564 ei
786 500 970 564 Richardum
993 500 1098 560 Amar-

180 603 302 658 cannm,
325 583 376 644 lib.
394 590 427 652 ·7.
450 604 516 664 cap.
540 588 568 650 3.
592 585 631 646 de
654 584 855 665 quaestionib.
872 583 1098 662 Armeniorum,

179 668 283 728 locum
306 668 396 727 iatum
419 670 462 728 ita
482 659 714 749 intelligentem,
736 668 770 730 B.
792 667 904 728 Leonis
925 666 1097 728 autoritate.

179 749 388 830 thuodhoe
408 752 447 810 eit
461 770 575 822 verum,
598 751 692 811 verba
702 750 851 810 indicant:
875 747 915 810 Et
936 749 987 827 qui
1001 747 1099 810 maior

178 840 225 893 eet
261 834 344 894 inter
371 853 428 893 voe
457 827 515 894 etc.
546 833 630 914 Ergo
657 830 929 913 praesupponebat
960 830 1097 892 Christus
1197 901 1205 916 ι

178 916 314 994 aliquem
338 935 407 976 ease
424 918 580 978 maiorem.
603 914 678 992 Quia
690 925 792 977 autem
811 921 894 976 esset
906 915 1011 992 maior,
1035 933 1097 973 non

178 1007 250 1058 tunc
272 998 438 1082 indicavit,
460 998 515 1060 aad
537 1001 699 1079 posterius,
723 1019 791 1060 curn
810 999 899 1060 Petro
922 996 1037 1057 diceret
1059 996 1098 1056 de

178 1081 334 1142 daemone
356 1100 411 1142 eoa
434 1089 618 1162 expetente,
646 1090 677 1142 et
709 1080 864 1160 quomodo
898 1086 1021 1157 rogaret
1042 1098 1097 1158 pro

178 1183 226 1243 eo,
250 1173 463 1232 utconveraua
485 1163 680 1251 confirmaret
701 1165 808 1225 fratrea
830 1182 913 1240 auos,
937 1162 985 1222 ubi
1008 1162 1098 1222 rnaio·

178 1250 300 1308 ritatem
324 1249 389 1308 eiua
412 1247 586 1308 declaravit

212 1448 309 1508 Hane
330 1448 416 1508 Hora
436 1448 503 1508 vn.
526 1448 574 1508 dia
596 1447 713 1515 Martie,
735 1465 815 1524 quae
837 1454 907 1512 erat
927 1450 963 1510 V.
985 1405 1065 1510 sudi.

507 1611 546 1670 Μ.
567 1610 773 1673 Lntherus.

262 1765 481 1826 Conlutatmua
521 1767 753 1844 responsionem
780 1768 895 1847 egregii
932 1767 969 1830 D.
993 1768 1029 1829 D.
1066 1769 1095 1827 in

181 1867 281 1926 cauea,
304 1848 344 1908 cd
365 1845 440 1908 illud
453 1851 477 1910 1.
493 1846 628 1908 Corinth.
642 1850 676 1911 3:
696 1848 776 1923 Quid
797 1857 845 1911 eet
866 1850 1002 1910 Paulus?
1024 1851 1095 1929 quid

181 1940 225 1992 eat
237 1931 361 2011 (lephaa
376 1930 430 2007 lt?
453 1930 530 1989 dixit
542 1930 584 1990 ibi
607 1950 667 1992 non
692 1950 760 1992 ease
781 1933 930 1993 intentam
949 1934 1097 2013 principa·

182 2014 306 2090 litatem,
330 2013 384 2074 sed
407 2012 647 2092 singularitatem
671 2034 833 2093 personae,
855 2015 946 2094 idque
967 2015 1095 2076 indicari

180 2116 231 2175 per
253 2094 349 2156 verba
382 2096 569 2175 schismatia3
600 2097 794 2175 respondeo:
827 2099 876 2159 Me
903 2096 971 2178 plus
994 2107 1098 2159 movet

179 2182 242 2259 ipse
265 2186 368 2239 textas
385 2178 480 2255 Pauli,
504 2197 594 2257 quam
618 2186 678 2239 tam
702 2180 837 2241 violenta
859 2190 889 2241 et
910 2189 1031 2242 extorta
1054 2182 1095 2242 di·

179 2263 313 2338 slincti0‚
332 2281 411 2339 quae
431 2260 507 2320 nulli
528 2280 650 2339 prorsus
664 2263 766 2322 nititur
787 2263 1005 2341 autoritati²)‚
1027 2284 1095 2325 curn

180 2353 280 2406 tamen
305 2344 379 2406 velit
400 2363 417 2404 a
438 2344 542 2424 divino
566 2345 631 2404 iure
651 2365 790 2425 arguere.
834 2347 954 2408 Clarum
977 2354 1025 2407 eat
1045 2368 1095 2407 au·

179 2435 248 2504 lem,
271 2428 501 2490 contentionem
524 2446 629 2486 eorum
662 2428 755 2488 luiaae
777 2428 815 2489 de
837 2430 1023 2509 praestantia
1046 2430 1095 2490 vel

179 2510 402 2590 principalitate
422 2528 642 2589 personarum,
665 2510 747 2588 quod
770 2512 884 2573 indicat
904 2513 971 2592 ipea
993 2512 1095 2574 consu·

179 2596 252 2655 tatio
276 2593 383 2669 Pauli,
410 2612 464 2671 per
486 2592 642 2671 tapinoeea
664 2602 695 2654 et
716 2596 962 2674 comparationes
985 2615 1094 2675 urgene

178 2685 205 2738 et
218 2676 345 2738 dicens:
370 2674 450 2749 Quid
465 2682 512 2735 eat
524 2674 709 2755 cephaslra
731 2677 803 2755 quid
815 2677 947 2738 Paulus?
957 2678 1095 2757 Miniatri,

179 2779 230 2838 per
252 2777 334 2837 quoa
355 2755 532 2819 credidistis.
575 2758 682 2837 ltaque
716 2761 766 2839 qui
796 2760 914 2840 plantat
936 2762 1037 2839 etqui
1058 2762 1095 2822 ri·

179 2851 247 2922 gat,
283 2861 377 2900 unum
401 2848 479 2905 aunt.
521 2840 628 2919 Neque
662 2843 712 2921 qui
735 2842 867 2922 plantat,
901 2849 949 2903 eat
969 2843 1095 2921 aliquid,

179 2943 279 3004 neque
302 2924 357 3002 qui.
374 2925 468 3004 rigat.
491 2930 539 2984 eat
560 2924 693 3003 aliquid,
722 2924 777 2984 aad
800 2927 851 3003 qui
873 2926 1094 2988 incrementum

180 3007 238 3086 det,
256 3008 351 3068 Deua.
396 3008 424 3066 ln
446 3026 508 3085 quo
531 3008 691 3069 manileate
704 3007 845 3072 ¹detrahit
866 3027 1039 3087 personam,
1061 3009 1092 3068 id

180 3099 231 3170 cet,
254 3091 453 3152 occasionem
475 3089 655 3152 schismatis.
679 3090 842 3165 Quomodo
865 3098 896 3151 et
916 3090 955 3151 ad
978 3090 1045 3152 Gal.
1065 3094 1094 3154 2.

181 3192 245 3234 cum
269 3172 358 3234 titulo
380 3174 584 3252 praestantiae
607 3174 687 3233 Petri
722 3180 753 3233 et
779 3174 907 3234 aliorum
939 3174 1095 3254 apoatclo·

181 3276 241 3316 rum
263 3255 395 3317 Galatae
417 3263 519 3320 essent
541 3256 667 3330 seducti,
690 3256 782 3316 audet
803 3265 833 3316 et
855 3256 948 3317 dicit:
972 3256 1031 3331 Qui
1052 3258 1093 3316 vi·

182 3339 328 3400 debentur
348 3339 393 3415 ³),
416 3338 521 3417 quales
543 3338 707 3417 aliquando
731 3339 851 3417 luerint,
872 3339 903 3400 id
926 3346 982 3415 eat,
1003 3358 1093 3418 quam

183 3424 290 3502 magni,
313 3420 386 3480 nihil
409 3440 478 3480 mea
499 3422 597 3495 relert,
621 3422 703 3481 Deua
725 3424 806 3482 enim
821 3441 983 3501 personam
995 3422 1090 3482 homi-

184 3506 224 3564 nia
260 3523 322 3564 non
352 3506 473 3585 accipit.
516 3504 609 3578 Quasi
632 3504 761 3566 diceret:
807 3504 878 3565 Sive
907 3506 1013 3565 Petrus
1045 3504 1093 3563 val

234 3727 585 3836 illaedorlgndephaa.
617 3763 864 3829 etmenden:
900 3764 1031 3818 nalla—
1050 3777 1098 3818 aa·

189 3838 294 3892 latitate.
330 3837 562 3898 3rrnad.1an..·
585 3837 752 3904 videbantur
772 3856 836 3898 acac
857 3837 978 3912 arinini.

198 3937 282 3977 hamera
291 3950 341 3987 opp.
360 3941 382 3981 V.
396 3942 422 3979 Α.
437 3942 467 3980 ad
480 3942 521 3981 τοί.
536 3944 587 3983 lrint.
606 3945 622 3987 i.
639 3959 661 3998 p.
680 3950 733 3991 Vol.
745 3951 792 3993 111.
931 3920 954 3981 Α

1164 3885 1171 3974 r
