2709 4417
216 345 281 415 ἥδ
477 346 570 403 aaut.
589 347 617 402 l..
635 363 720 416 super
738 345 931 414 Proposition.

220 537 387 614 indicetur,
407 554 499 616 preoe
511 554 585 616 ergo
600 544 673 616 post
692 537 839 597 iustitiam
856 534 984 623 indiget,
1004 539 1036 594 nt
1054 553 1111 613 qnae

220 619 420 681 succumbere
442 618 581 678 discussa
601 626 732 699 poterat,
753 639 794 679 ex
812 618 882 679 sola
901 617 1010 678 iudiois
1023 619 1113 698 pietate

221 703 430 765 eonsulesoat
669 726 672 731 ·

304 785 420 860 Quarto
448 783 576 845 ibidem:
618 784 756 845 Verebar
785 785 891 844 omnia
923 801 1019 863 opera
1055 803 1115 858 moa,

220 871 320 930 soiens
342 871 414 949 quia
437 887 498 927 non
521 868 620 947 parnis
642 867 841 946 delinquenti.
879 867 963 926 Eooe
984 866 1028 924 vir
1048 884 1117 926 sant

222 961 270 1015 tus
291 955 322 1012 in
344 950 489 1033 operibus
513 950 654 1011 omnibus
686 970 748 1011 non
779 949 867 1011 malis
891 948 992 1030 (quae
1012 967 1070 1009 nou
1089 949 1118 1008 ln

222 1034 325 1097 ciebat
344 1043 490 1099 sanetus,
511 1042 545 1094 ut
565 1041 694 1095 testatur
713 1034 863 1094 Dominus
884 1033 927 1093 do
948 1051 986 1093 eo
1007 1032 1037 1091 in
1057 1033 1121 1111 prin-

222 1120 303 1199 cipio
326 1117 411 1192 libri)
436 1119 523 1177 fimet
542 1123 575 1177 et
595 1116 761 1196 deliquisse
783 1137 817 1176 se
838 1117 950 1192 sentit,
978 1132 1023 1174 an
1042 1115 1122 1174 mium

222 1202 341 1263 iecisse.
382 1200 425 1260 lbi
453 1199 620 1281 Gregorius
643 1199 731 1269 dicit:
766 1199 854 1274 Quae
880 1205 990 1278 aperte
1018 1198 1123 1276 egerin,

221 1285 324 1356 video,
345 1283 400 1344 sed
421 1283 493 1362 quid
515 1284 597 1342 intus
618 1282 749 1343 latenter
770 1282 959 1363 pertulerim,
980 1282 1093 1360 ignoro.

304 1366 419 1441 Quinto
441 1364 573 1425 ibidem:
601 1364 633 1426 Si
656 1366 794 1426 fulserint
816 1365 901 1425 velut
922 1362 1124 1423 mundissimae

223 1470 331 1511 manus
348 1469 444 1527 meae,
467 1455 568 1508 tamen
577 1449 719 1535 sordibus
733 1450 833 1529 tinges
847 1469 897 1508 me
914 1455 974 1508 ete.
996 1445 1124 1525 Gregor:

222 1532 304 1609 Quia
316 1551 477 1612 quousque
488 1551 590 1610 poena
603 1532 808 1611 corruptionis
821 1532 1028 1611 astringimur,
1049 1547 1125 1607 quan·

224 1616 363 1677 tumlibet
384 1615 476 1674 renis
504 1614 665 1693 operibus,
693 1634 796 1675 veram
826 1612 1007 1674 munditiam
1029 1630 1124 1690 nequa-

222 1718 313 1779 quam
322 1696 593 1778 apprehendimus,
608 1696 662 1756 sed
675 1698 835 1757 imitamur.
859 1697 1009 1758 Etinira:
1032 1693 1125 1768 Quan-

223 1783 268 1841 vis
297 1801 352 1861 per
378 1780 479 1840 studia
504 1788 588 1839 reete
615 1782 804 1860 operationis
833 1799 997 1856 exerooar,
1025 1778 1055 1836 in
1086 1783 1126 1836 tm

223 1873 327 1927 tamen
352 1864 460 1924 notitia
480 1862 586 1939 video,
608 1864 681 1942 quia
701 1862 831 1923 mundns
852 1881 916 1922 non
940 1881 1019 1922 sum.
1048 1858 1086 1919 Et
1101 1860 1125 1918 in

222 1946 285 2007 line
327 1945 502 2007 Moralium:
543 1944 618 2019 Quis
648 1947 728 2006 inter
763 1947 823 2006 ista
857 1950 999 2006 remanet
1035 1942 1126 2002 salutis

221 2030 320 2109 loous,
346 2028 468 2108 quando
490 2035 522 2089 et
542 2028 624 2088 mala
646 2037 753 2089 nostra
773 2048 849 2109 pura
872 2027 956 2087 mala
972 2025 1086 2104 sintl),
1104 2032 1127 2085 et

222 2112 304 2173 bona
326 2120 440 2188 nostra,
462 2131 540 2190 quae
563 2129 620 2170 nos
641 2110 755 2172 habere
776 2110 939 2188 oredimus,
961 2129 1038 2190 pura
1057 2108 1125 2169 bora

224 2215 294 2255 esse
318 2214 509 2276 nequaquam
531 2201 671 2273 possunt.

306 2278 400 2339 Vides
432 2296 531 2357 ergo,
560 2295 652 2336 omne
681 2296 758 2356 opus
788 2275 902 2336 bonum
934 2294 1005 2336 esso
1031 2274 1124 2355 partin

224 2361 348 2439 malum,
370 2362 463 2420 etiam
484 2361 515 2420 in
538 2361 629 2419 tantis
651 2360 733 2421 viris.
755 2360 820 2419 lmo
835 2356 918 2436 quod
942 2356 1072 2438 amplius
1089 2363 1125 2416 est

223 2451 255 2505 et
277 2443 424 2520 mirabile,
446 2441 603 2521 quomodo
624 2449 729 2521 potest
749 2451 910 2519 utrumque
933 2460 1040 2501 verum
1061 2458 1123 2514 esse,

223 2526 307 2606 quod
330 2526 390 2586 Job
434 2545 502 2584 sese
529 2523 691 2585 confitetur
725 2531 918 2605 peooatorem
959 2529 1123 2604 pertotun

223 2609 351 2696 librum,
379 2627 469 2686 quem
493 2608 575 2667 Dens
603 2609 635 2666 in
657 2608 806 2688 prinoipio
837 2607 951 2666 eximie
979 2605 1081 2667 laudat
1102 2610 1125 2663 et

222 2692 336 2751 iustum
358 2690 562 2770 pronunciat?
584 2691 693 2770 Neque
714 2692 794 2751 enim
807 2690 889 2750 Deus
913 2690 1066 2764 mentitur,
1086 2707 1122 2747 ne·

224 2793 283 2853 que
304 2774 364 2835 tob
399 2775 557 2851 mentitur,
587 2792 677 2853 quem
706 2793 768 2834 non
792 2774 946 2833 mentiens
968 2772 1052 2832 Deus
1084 2771 1124 2828 uti·

223 2877 283 2936 que
304 2857 343 2916 de
364 2858 493 2917 veritate
515 2855 628 2916 laudat.
670 2855 727 2916 Est
754 2874 828 2934 ergo
851 2856 1011 2915 verissime
1034 2872 1124 2934 peonn-

222 2947 271 3000 tor
291 2940 367 3017 Job,
396 2940 474 2999 siout
496 2959 568 2999 vere
589 2937 767 3016 confitetur,
797 2945 844 2999 est
865 2940 959 2998 etiam
982 2937 1124 2997 verissime

221 3025 328 3099 iustus,
351 3023 428 3082 siout
449 3022 532 3083 Deus
553 3041 623 3082 eum
645 3020 850 3083 commendat.
873 3019 1042 3096 Quomodo
1063 3019 1125 3079 baec

223 3105 426 3165 convenient?
448 3106 505 3164 uisi
527 3104 608 3184 quod
621 3123 729 3164 revera
747 3112 892 3185 peccator
904 3104 970 3179 fuit,
991 3102 1047 3163 sed
1070 3100 1124 3161 sols

222 3188 280 3249 Dei
302 3191 482 3268 ignosoente
505 3186 715 3247 misericordia
736 3189 840 3247 iustus.

305 3271 417 3331 Dicunt
436 3279 538 3330 autem
560 3271 610 3331 hio
631 3270 771 3349 qnidam:
800 3269 913 3329 Verum
935 3266 1061 3347 quidem
1082 3272 1126 3339 est,

223 3353 323 3414 nullus
347 3362 394 3414 est
424 3355 537 3430 iustus,
565 3354 589 3412 si
616 3372 684 3412 oum
706 3353 763 3414 Dei
790 3352 905 3411 iudioio
936 3355 1127 3430 eomparatur,

222 3438 285 3497 imo
307 3437 455 3515 inquiunt,
478 3439 522 3495 sio
544 3455 601 3496 neo
622 3436 725 3516 angeli
746 3436 816 3495 iusti
833 3441 912 3496 sunt.
942 3430 1128 3512 Respondeo:

222 3519 290 3581 Hoo
311 3520 450 3581 ultimum
472 3519 684 3598 blasphemum
706 3525 768 3596 est,
797 3518 869 3597 quia
889 3517 972 3577 Deus
995 3513 1128 3575 mirabilis

222 3611 270 3662 est
291 3603 319 3661 in
345 3603 441 3663 beatis
466 3606 518 3678 (ut
539 3602 708 3681 Apostolus
731 3601 792 3684 ait)
815 3619 874 3661 neo
895 3618 1003 3660 eorum
1025 3597 1128 3659 iustitia

240 3879 276 3948 1)
300 3877 333 3934 ln
361 3875 410 3932 ed.
427 3877 529 3957 norig.:
551 3876 634 3927 sunt.
