<?xml version="1.0" encoding="UTF-8"?>
<!DOCTYPE html PUBLIC "-//W3C//DTD XHTML 1.0 Transitional//EN"
    "http://www.w3.org/TR/xhtml1/DTD/xhtml1-transitional.dtd">
<html xmlns="http://www.w3.org/1999/xhtml" xml:lang="en" lang="en">
 <head>
  <title>
</title>
<meta http-equiv="Content-Type" content="text/html;charset=utf-8" />
  <meta name='ocr-system' content='tesseract 3.04.00' />
  <meta name='ocr-capabilities' content='ocr_page ocr_carea ocr_par ocr_line ocrx_word'/>
</head>
<body>
  <div class='ocr_page' id='page_1' title='image "./operalatinavari00schmgoog_0501.png"; bbox 0 0 2709 4417; ppageno 0'>
   <div class='ocr_carea' id='block_1_1' title="bbox 446 348 1122 417">
    <p class='ocr_par' dir='ltr' id='par_1_1' title="bbox 446 348 1122 417">
     <span class='ocr_line' id='line_1_1' title="bbox 446 348 1122 417; baseline 0.012 -8"><span class='ocrx_word' id='word_1_1' title='bbox 446 356 507 412; x_wconf 84' lang='lat' dir='ltr'>adv.</span> <span class='ocrx_word' id='word_1_2' title='bbox 526 352 593 412; x_wconf 79' lang='lat' dir='ltr'>rau.</span> <span class='ocrx_word' id='word_1_3' title='bbox 611 355 860 412; x_wconf 78' lang='lat' dir='ltr'>ldalsncbtbonem.</span> <span class='ocrx_word' id='word_1_4' title='bbox 1058 348 1122 417; x_wconf 82' lang='grc'>489</span> 
     </span>
    </p>
   </div>
   <div class='ocr_carea' id='block_1_2' title="bbox 182 541 1127 3671">
    <p class='ocr_par' dir='ltr' id='par_1_2' title="bbox 203 541 1122 868">
     <span class='ocr_line' id='line_1_2' title="bbox 203 541 1122 622; baseline -0.004 -19"><span class='ocrx_word' id='word_1_5' title='bbox 203 562 277 622; x_wconf 89' lang='lat' dir='ltr'>pars</span> <span class='ocrx_word' id='word_1_6' title='bbox 299 563 377 621; x_wconf 91' lang='lat' dir='ltr'>sum,</span> <span class='ocrx_word' id='word_1_7' title='bbox 399 561 461 605; x_wconf 92' lang='lat' dir='ltr'>non</span> <span class='ocrx_word' id='word_1_8' title='bbox 484 543 587 618; x_wconf 88' lang='lat' dir='ltr'>iudex,</span> <span class='ocrx_word' id='word_1_9' title='bbox 609 549 712 604; x_wconf 88' lang='lat' dir='ltr'>tamen</span> <span class='ocrx_word' id='word_1_10' title='bbox 730 541 898 603; x_wconf 89' lang='lat' dir='ltr'>audaculus</span> <span class='ocrx_word' id='word_1_11' title='bbox 921 559 982 601; x_wconf 90' lang='lat' dir='ltr'>non</span> <span class='ocrx_word' id='word_1_12' title='bbox 1001 543 1122 600; x_wconf 87' lang='lat' dir='ltr'>veretur</span> 
     </span>
     <span class='ocr_line' id='line_1_3' title="bbox 203 622 1122 710; baseline -0.004 -24"><span class='ocrx_word' id='word_1_13' title='bbox 203 625 328 703; x_wconf 77' lang='lat' dir='ltr'>dicere,</span> <span class='ocrx_word' id='word_1_14' title='bbox 362 645 412 686; x_wconf 90' lang='lat' dir='ltr'>me</span> <span class='ocrx_word' id='word_1_15' title='bbox 433 625 571 686; x_wconf 71' lang='lat' dir='ltr'>adulisae</span> <span class='ocrx_word' id='word_1_16' title='bbox 591 625 819 710; x_wconf 65' lang='lat' dir='ltr'>impertinentia</span> <span class='ocrx_word' id='word_1_17' title='bbox 841 644 880 685; x_wconf 82' lang='lat' dir='ltr'>ex</span> <span class='ocrx_word' id='word_1_18' title='bbox 902 624 931 685; x_wconf 80' lang='lat' dir='ltr'>S.</span> <span class='ocrx_word' id='word_1_19' title='bbox 955 622 1122 700; x_wconf 86' lang='lat' dir='ltr'>Bernardo,</span> 
     </span>
     <span class='ocr_line' id='line_1_4' title="bbox 204 707 1122 788; baseline -0.003 -20"><span class='ocrx_word' id='word_1_20' title='bbox 204 709 293 784; x_wconf 91' lang='lat' dir='ltr'>olim,</span> <span class='ocrx_word' id='word_1_21' title='bbox 328 727 395 768; x_wconf 89' lang='lat' dir='ltr'>cum</span> <span class='ocrx_word' id='word_1_22' title='bbox 421 708 623 788; x_wconf 78' lang='lat' dir='ltr'>publicabitur</span> <span class='ocrx_word' id='word_1_23' title='bbox 644 707 674 778; x_wconf 83' lang='lat'>¹)</span> <span class='ocrx_word' id='word_1_24' title='bbox 707 708 890 788; x_wconf 81' lang='lat' dir='ltr'>disputatio,</span> <span class='ocrx_word' id='word_1_25' title='bbox 929 707 1122 766; x_wconf 84' lang='lat' dir='ltr'>manifestum</span> 
     </span>
     <span class='ocr_line' id='line_1_5' title="bbox 203 790 855 868; baseline -0.002 -17"><span class='ocrx_word' id='word_1_26' title='bbox 203 793 272 868; x_wconf 83' lang='lat' dir='ltr'>crit,</span> <span class='ocrx_word' id='word_1_27' title='bbox 296 812 336 851; x_wconf 88' lang='lat' dir='ltr'>an</span> <span class='ocrx_word' id='word_1_28' title='bbox 358 810 464 851; x_wconf 88' lang='lat' dir='ltr'>verum</span> <span class='ocrx_word' id='word_1_29' title='bbox 487 790 598 851; x_wconf 86' lang='lat' dir='ltr'>dixerit</span> <span class='ocrx_word' id='word_1_30' title='bbox 620 790 855 852; x_wconf 75' lang='lat' dir='ltr'>Grammaticus.</span> 
     </span>
    </p>

    <p class='ocr_par' dir='ltr' id='par_1_3' title="bbox 182 873 1126 1943">
     <span class='ocr_line' id='line_1_6' title="bbox 287 873 1124 953; baseline -0.007 -15"><span class='ocrx_word' id='word_1_31' title='bbox 287 876 326 948; x_wconf 78' lang='lat'>3)</span> <span class='ocrx_word' id='word_1_32' title='bbox 348 873 424 935; x_wconf 83' lang='lat' dir='ltr'>Oum</span> <span class='ocrx_word' id='word_1_33' title='bbox 452 873 565 934; x_wconf 92' lang='lat' dir='ltr'>bonum</span> <span class='ocrx_word' id='word_1_34' title='bbox 589 892 667 953; x_wconf 91' lang='lat' dir='ltr'>opus</span> <span class='ocrx_word' id='word_1_35' title='bbox 700 873 846 933; x_wconf 79' lang='lat' dir='ltr'>dixissem</span> <span class='ocrx_word' id='word_1_36' title='bbox 878 879 976 932; x_wconf 91' lang='lat' dir='ltr'>totum</span> <span class='ocrx_word' id='word_1_37' title='bbox 1005 890 1075 931; x_wconf 86' lang='lat' dir='ltr'>esse</span> <span class='ocrx_word' id='word_1_38' title='bbox 1104 891 1124 932; x_wconf 87' lang='lat' dir='ltr'>a</span> 
     </span>
     <span class='ocr_line' id='line_1_7' title="bbox 182 954 1125 1039; baseline -0.003 -23"><span class='ocrx_word' id='word_1_39' title='bbox 182 956 288 1039; x_wconf 67' lang='lat' dir='ltr'>Deo,</span> <span class='ocrx_word' id='word_1_40' title='bbox 324 975 387 1017; x_wconf 92' lang='lat' dir='ltr'>non</span> <span class='ocrx_word' id='word_1_41' title='bbox 410 956 560 1034; x_wconf 91' lang='lat' dir='ltr'>totaliter,</span> <span class='ocrx_word' id='word_1_42' title='bbox 592 956 698 1016; x_wconf 90' lang='lat' dir='ltr'>irridet</span> <span class='ocrx_word' id='word_1_43' title='bbox 718 955 936 1017; x_wconf 78' lang='lat' dir='ltr'>Grammatista</span> <span class='ocrx_word' id='word_1_44' title='bbox 957 955 1019 1014; x_wconf 92' lang='lat' dir='ltr'>hoc</span> <span class='ocrx_word' id='word_1_45' title='bbox 1040 954 1125 1013; x_wconf 90' lang='lat' dir='ltr'>velut</span> 
     </span>
     <span class='ocr_line' id='line_1_8' title="bbox 203 1038 1122 1119; baseline -0.003 -21"><span class='ocrx_word' id='word_1_46' title='bbox 203 1046 414 1099; x_wconf 90' lang='lat' dir='ltr'>commentum</span> <span class='ocrx_word' id='word_1_47' title='bbox 447 1038 605 1119; x_wconf 88' lang='lat' dir='ltr'>indiguum</span> <span class='ocrx_word' id='word_1_48' title='bbox 637 1040 799 1099; x_wconf 89' lang='lat' dir='ltr'>maiestate</span> <span class='ocrx_word' id='word_1_49' title='bbox 828 1038 1018 1117; x_wconf 75' lang='lat' dir='ltr'>theologica,</span> <span class='ocrx_word' id='word_1_50' title='bbox 1054 1055 1122 1096; x_wconf 89' lang='lat' dir='ltr'>curn</span> 
     </span>
     <span class='ocr_line' id='line_1_9' title="bbox 203 1120 1123 1201; baseline -0.003 -21"><span class='ocrx_word' id='word_1_51' title='bbox 203 1122 233 1181; x_wconf 91' lang='lat' dir='ltr'>in</span> <span class='ocrx_word' id='word_1_52' title='bbox 256 1121 466 1199; x_wconf 88' lang='lat' dir='ltr'>disputatione</span> <span class='ocrx_word' id='word_1_53' title='bbox 488 1122 570 1182; x_wconf 90' lang='lat' dir='ltr'>clare</span> <span class='ocrx_word' id='word_1_54' title='bbox 592 1141 642 1182; x_wconf 92' lang='lat' dir='ltr'>me</span> <span class='ocrx_word' id='word_1_55' title='bbox 658 1122 862 1201; x_wconf 84' lang='lat' dir='ltr'>exposuerim.</span> <span class='ocrx_word' id='word_1_56' title='bbox 895 1120 1000 1179; x_wconf 88' lang='lat' dir='ltr'>Nescit</span> <span class='ocrx_word' id='word_1_57' title='bbox 1021 1137 1123 1178; x_wconf 86' lang='lat' dir='ltr'>essen·</span> 
     </span>
     <span class='ocr_line' id='line_1_10' title="bbox 203 1203 1123 1282; baseline -0.004 -19"><span class='ocrx_word' id='word_1_58' title='bbox 203 1205 277 1265; x_wconf 89' lang='lat' dir='ltr'>tiam</span> <span class='ocrx_word' id='word_1_59' title='bbox 299 1204 358 1263; x_wconf 92' lang='lat' dir='ltr'>Dei</span> <span class='ocrx_word' id='word_1_60' title='bbox 381 1203 476 1264; x_wconf 91' lang='lat' dir='ltr'>videri</span> <span class='ocrx_word' id='word_1_61' title='bbox 498 1210 595 1264; x_wconf 92' lang='lat' dir='ltr'>totam</span> <span class='ocrx_word' id='word_1_62' title='bbox 616 1223 635 1263; x_wconf 90' lang='lat' dir='ltr'>a</span> <span class='ocrx_word' id='word_1_63' title='bbox 655 1203 765 1280; x_wconf 84' lang='lat' dir='ltr'>beato,</span> <span class='ocrx_word' id='word_1_64' title='bbox 798 1211 829 1263; x_wconf 89' lang='lat' dir='ltr'>at</span> <span class='ocrx_word' id='word_1_65' title='bbox 857 1204 928 1282; x_wconf 88' lang='lat' dir='ltr'>quia</span> <span class='ocrx_word' id='word_1_66' title='bbox 957 1221 1019 1261; x_wconf 93' lang='lat' dir='ltr'>non</span> <span class='ocrx_word' id='word_1_67' title='bbox 1043 1220 1123 1260; x_wconf 93' lang='lat' dir='ltr'>com-</span> 
     </span>
     <span class='ocr_line' id='line_1_11' title="bbox 203 1283 1123 1364; baseline -0.003 -18"><span class='ocrx_word' id='word_1_68' title='bbox 203 1286 405 1364; x_wconf 88' lang='lat' dir='ltr'>prehenditur</span> <span class='ocrx_word' id='word_1_69' title='bbox 426 1306 446 1346; x_wconf 94' lang='lat' dir='ltr'>a</span> <span class='ocrx_word' id='word_1_70' title='bbox 467 1286 577 1362; x_wconf 92' lang='lat' dir='ltr'>beato,</span> <span class='ocrx_word' id='word_1_71' title='bbox 597 1306 660 1346; x_wconf 91' lang='lat' dir='ltr'>uon</span> <span class='ocrx_word' id='word_1_72' title='bbox 691 1286 811 1347; x_wconf 90' lang='lat' dir='ltr'>videtur</span> <span class='ocrx_word' id='word_1_73' title='bbox 840 1286 982 1346; x_wconf 91' lang='lat' dir='ltr'>totaliter.</span> <span class='ocrx_word' id='word_1_74' title='bbox 1033 1283 1123 1358; x_wconf 80' lang='lat' dir='ltr'>Quid-</span> 
     </span>
     <span class='ocr_line' id='line_1_12' title="bbox 202 1367 1124 1448; baseline 0 -20"><span class='ocrx_word' id='word_1_75' title='bbox 202 1368 283 1429; x_wconf 88' lang='lat' dir='ltr'>ditas</span> <span class='ocrx_word' id='word_1_76' title='bbox 305 1369 427 1448; x_wconf 85' lang='lat' dir='ltr'>generis</span> <span class='ocrx_word' id='word_1_77' title='bbox 450 1375 497 1429; x_wconf 88' lang='lat' dir='ltr'>est</span> <span class='ocrx_word' id='word_1_78' title='bbox 518 1375 584 1429; x_wconf 90' lang='lat' dir='ltr'>tota</span> <span class='ocrx_word' id='word_1_79' title='bbox 604 1371 634 1428; x_wconf 90' lang='lat' dir='ltr'>in</span> <span class='ocrx_word' id='word_1_80' title='bbox 658 1389 719 1429; x_wconf 93' lang='lat' dir='ltr'>una</span> <span class='ocrx_word' id='word_1_81' title='bbox 749 1369 874 1447; x_wconf 85' lang='lat' dir='ltr'>specie,</span> <span class='ocrx_word' id='word_1_82' title='bbox 910 1367 1050 1427; x_wconf 90' lang='lat' dir='ltr'>sednon</span> <span class='ocrx_word' id='word_1_83' title='bbox 1079 1373 1124 1428; x_wconf 90' lang='lat' dir='ltr'>to-</span> 
     </span>
     <span class='ocr_line' id='line_1_13' title="bbox 202 1451 1125 1529; baseline -0.002 -19"><span class='ocrx_word' id='word_1_84' title='bbox 202 1451 322 1526; x_wconf 86' lang='lat' dir='ltr'>taliter,</span> <span class='ocrx_word' id='word_1_85' title='bbox 359 1470 427 1511; x_wconf 90' lang='lat' dir='ltr'>cum</span> <span class='ocrx_word' id='word_1_86' title='bbox 465 1452 556 1512; x_wconf 89' lang='lat' dir='ltr'>etiam</span> <span class='ocrx_word' id='word_1_87' title='bbox 590 1454 629 1512; x_wconf 89' lang='lat' dir='ltr'>sit</span> <span class='ocrx_word' id='word_1_88' title='bbox 667 1454 697 1511; x_wconf 91' lang='lat' dir='ltr'>in</span> <span class='ocrx_word' id='word_1_89' title='bbox 732 1451 805 1529; x_wconf 88' lang='lat' dir='ltr'>alia,</span> <span class='ocrx_word' id='word_1_90' title='bbox 849 1452 893 1510; x_wconf 89' lang='lat' dir='ltr'>sic</span> <span class='ocrx_word' id='word_1_91' title='bbox 935 1451 1040 1510; x_wconf 89' lang='lat' dir='ltr'>anima</span> <span class='ocrx_word' id='word_1_92' title='bbox 1078 1456 1125 1509; x_wconf 86' lang='lat' dir='ltr'>est</span> 
     </span>
     <span class='ocr_line' id='line_1_14' title="bbox 201 1531 1123 1613; baseline -0.001 -21"><span class='ocrx_word' id='word_1_93' title='bbox 201 1540 270 1594; x_wconf 88' lang='lat' dir='ltr'>tota</span> <span class='ocrx_word' id='word_1_94' title='bbox 296 1535 328 1593; x_wconf 91' lang='lat' dir='ltr'>in</span> <span class='ocrx_word' id='word_1_95' title='bbox 358 1553 463 1610; x_wconf 90' lang='lat' dir='ltr'>manu,</span> <span class='ocrx_word' id='word_1_96' title='bbox 496 1553 557 1594; x_wconf 91' lang='lat' dir='ltr'>non</span> <span class='ocrx_word' id='word_1_97' title='bbox 581 1536 642 1613; x_wconf 87' lang='lat' dir='ltr'>sic,</span> <span class='ocrx_word' id='word_1_98' title='bbox 677 1535 748 1613; x_wconf 90' lang='lat' dir='ltr'>quin</span> <span class='ocrx_word' id='word_1_99' title='bbox 785 1535 875 1594; x_wconf 91' lang='lat' dir='ltr'>etiam</span> <span class='ocrx_word' id='word_1_100' title='bbox 905 1535 945 1593; x_wconf 90' lang='lat' dir='ltr'>sit</span> <span class='ocrx_word' id='word_1_101' title='bbox 973 1534 1003 1590; x_wconf 92' lang='lat' dir='ltr'>in</span> <span class='ocrx_word' id='word_1_102' title='bbox 1033 1531 1123 1611; x_wconf 90' lang='lat' dir='ltr'>pede.</span> 
     </span>
     <span class='ocr_line' id='line_1_15' title="bbox 202 1614 1125 1695; baseline -0.004 -18"><span class='ocrx_word' id='word_1_103' title='bbox 202 1616 255 1677; x_wconf 73' lang='lat' dir='ltr'>sio</span> <span class='ocrx_word' id='word_1_104' title='bbox 276 1615 392 1677; x_wconf 92' lang='lat' dir='ltr'>bonum</span> <span class='ocrx_word' id='word_1_105' title='bbox 416 1635 493 1695; x_wconf 85' lang='lat' dir='ltr'>opus</span> <span class='ocrx_word' id='word_1_106' title='bbox 516 1624 564 1676; x_wconf 89' lang='lat' dir='ltr'>est</span> <span class='ocrx_word' id='word_1_107' title='bbox 585 1625 682 1677; x_wconf 89' lang='lat' dir='ltr'>totum</span> <span class='ocrx_word' id='word_1_108' title='bbox 705 1636 724 1676; x_wconf 90' lang='lat' dir='ltr'>a</span> <span class='ocrx_word' id='word_1_109' title='bbox 744 1616 827 1692; x_wconf 87' lang='lat' dir='ltr'>Deo,</span> <span class='ocrx_word' id='word_1_110' title='bbox 859 1635 921 1675; x_wconf 91' lang='lat' dir='ltr'>non</span> <span class='ocrx_word' id='word_1_111' title='bbox 944 1622 1046 1675; x_wconf 89' lang='lat' dir='ltr'>tamen</span> <span class='ocrx_word' id='word_1_112' title='bbox 1071 1614 1125 1690; x_wconf 88' lang='lat' dir='ltr'>sic,</span> 
     </span>
     <span class='ocr_line' id='line_1_16' title="bbox 192 1697 1126 1778; baseline -0.003 -20"><span class='ocrx_word' id='word_1_113' title='bbox 192 1699 276 1778; x_wconf 88' lang='lat' dir='ltr'>-quin</span> <span class='ocrx_word' id='word_1_114' title='bbox 301 1698 392 1758; x_wconf 89' lang='lat' dir='ltr'>etiarn</span> <span class='ocrx_word' id='word_1_115' title='bbox 416 1699 495 1758; x_wconf 89' lang='lat' dir='ltr'>sita</span> <span class='ocrx_word' id='word_1_116' title='bbox 517 1699 614 1760; x_wconf 92' lang='lat' dir='ltr'>libero</span> <span class='ocrx_word' id='word_1_117' title='bbox 636 1699 780 1767; x_wconf 84' lang='lat' dir='ltr'>arbitrio,</span> <span class='ocrx_word' id='word_1_118' title='bbox 814 1700 884 1777; x_wconf 90' lang='lat' dir='ltr'>quia</span> <span class='ocrx_word' id='word_1_119' title='bbox 913 1697 1003 1758; x_wconf 90' lang='lat' dir='ltr'>simul</span> <span class='ocrx_word' id='word_1_120' title='bbox 1030 1703 1126 1776; x_wconf 85' lang='lat' dir='ltr'>agunt</span> 
     </span>
     <span class='ocr_line' id='line_1_17' title="bbox 201 1780 1125 1862; baseline -0.001 -22"><span class='ocrx_word' id='word_1_121' title='bbox 201 1800 267 1842; x_wconf 91' lang='lat' dir='ltr'>non</span> <span class='ocrx_word' id='word_1_122' title='bbox 291 1781 442 1857; x_wconf 83' lang='lat' dir='ltr'>vicissim,</span> <span class='ocrx_word' id='word_1_123' title='bbox 466 1782 600 1858; x_wconf 86' lang='lat' dir='ltr'>mixtim,</span> <span class='ocrx_word' id='word_1_124' title='bbox 628 1800 690 1841; x_wconf 90' lang='lat' dir='ltr'>non</span> <span class='ocrx_word' id='word_1_125' title='bbox 714 1780 880 1862; x_wconf 85' lang='lat' dir='ltr'>sigillatim.</span> <span class='ocrx_word' id='word_1_126' title='bbox 923 1781 956 1840; x_wconf 95' lang='lat' dir='ltr'>ld</span> <span class='ocrx_word' id='word_1_127' title='bbox 978 1798 1125 1859; x_wconf 86' lang='lat' dir='ltr'>expresse</span> 
     </span>
     <span class='ocr_line' id='line_1_18' title="bbox 203 1862 1007 1943; baseline -0.001 -20"><span class='ocrx_word' id='word_1_128' title='bbox 203 1864 249 1923; x_wconf 90' lang='lat' dir='ltr'>ait</span> <span class='ocrx_word' id='word_1_129' title='bbox 270 1862 444 1924; x_wconf 91' lang='lat' dir='ltr'>Bernardus</span> <span class='ocrx_word' id='word_1_130' title='bbox 467 1863 725 1943; x_wconf 82' lang='lat' dir='ltr'>pertinentissime</span> <span class='ocrx_word' id='word_1_131' title='bbox 746 1863 785 1923; x_wconf 91' lang='lat' dir='ltr'>ad</span> <span class='ocrx_word' id='word_1_132' title='bbox 807 1865 1007 1943; x_wconf 90' lang='lat' dir='ltr'>propositum.</span> 
     </span>
    </p>

    <p class='ocr_par' dir='ltr' id='par_1_4' title="bbox 203 1944 1127 2437">
     <span class='ocr_line' id='line_1_19' title="bbox 289 1944 1123 2025; baseline -0.005 -18"><span class='ocrx_word' id='word_1_133' title='bbox 289 1948 327 2019; x_wconf 85' lang='grc'>4)</span> <span class='ocrx_word' id='word_1_134' title='bbox 353 1945 559 2024; x_wconf 81' lang='lat' dir='ltr'>Impropsrat,</span> <span class='ocrx_word' id='word_1_135' title='bbox 589 1947 671 2025; x_wconf 87' lang='lat' dir='ltr'>quod</span> <span class='ocrx_word' id='word_1_136' title='bbox 696 1946 791 2006; x_wconf 88' lang='lat' dir='ltr'>multa</span> <span class='ocrx_word' id='word_1_137' title='bbox 810 1945 974 2006; x_wconf 87' lang='lat' dir='ltr'>inciviliter</span> <span class='ocrx_word' id='word_1_138' title='bbox 995 1944 1123 2004; x_wconf 86' lang='lat' dir='ltr'>dixerim</span> 
     </span>
     <span class='ocr_line' id='line_1_20' title="bbox 203 2027 1126 2105; baseline -0.003 -17"><span class='ocrx_word' id='word_1_139' title='bbox 203 2035 316 2090; x_wconf 90' lang='lat' dir='ltr'>contra</span> <span class='ocrx_word' id='word_1_140' title='bbox 337 2027 517 2105; x_wconf 90' lang='lat' dir='ltr'>Lutherum,</span> <span class='ocrx_word' id='word_1_141' title='bbox 551 2035 582 2088; x_wconf 91' lang='lat' dir='ltr'>et</span> <span class='ocrx_word' id='word_1_142' title='bbox 603 2027 736 2089; x_wconf 85' lang='lat' dir='ltr'>breviter</span> <span class='ocrx_word' id='word_1_143' title='bbox 759 2029 862 2088; x_wconf 91' lang='lat' dir='ltr'>omnia</span> <span class='ocrx_word' id='word_1_144' title='bbox 892 2027 1060 2101; x_wconf 84' lang='lat' dir='ltr'>eiusmodi,</span> <span class='ocrx_word' id='word_1_145' title='bbox 1094 2034 1126 2085; x_wconf 95' lang='lat' dir='ltr'>ut</span> 
     </span>
     <span class='ocr_line' id='line_1_21' title="bbox 203 2109 1126 2191; baseline -0.003 -20"><span class='ocrx_word' id='word_1_146' title='bbox 203 2110 352 2171; x_wconf 87' lang='lat' dir='ltr'>invidiam</span> <span class='ocrx_word' id='word_1_147' title='bbox 367 2110 500 2171; x_wconf 86' lang='lat' dir='ltr'>Luthero</span> <span class='ocrx_word' id='word_1_148' title='bbox 524 2110 690 2171; x_wconf 81' lang='lat' dir='ltr'>conflarem</span> <span class='ocrx_word' id='word_1_149' title='bbox 714 2111 794 2189; x_wconf 90' lang='lat' dir='ltr'>apud</span> <span class='ocrx_word' id='word_1_150' title='bbox 817 2112 950 2191; x_wconf 84' lang='lat' dir='ltr'>vulgum.</span> <span class='ocrx_word' id='word_1_151' title='bbox 983 2109 1060 2187; x_wconf 85' lang='lat' dir='ltr'>Hoc,</span> <span class='ocrx_word' id='word_1_152' title='bbox 1082 2111 1126 2168; x_wconf 90' lang='lat' dir='ltr'>in·</span> 
     </span>
     <span class='ocr_line' id='line_1_22' title="bbox 203 2191 1127 2272; baseline -0.002 -20"><span class='ocrx_word' id='word_1_153' title='bbox 203 2212 308 2272; x_wconf 88' lang='lat' dir='ltr'>qnam,</span> <span class='ocrx_word' id='word_1_154' title='bbox 330 2193 440 2252; x_wconf 84' lang='lat' dir='ltr'>falsum</span> <span class='ocrx_word' id='word_1_155' title='bbox 464 2212 532 2253; x_wconf 91' lang='lat' dir='ltr'>esse</span> <span class='ocrx_word' id='word_1_156' title='bbox 555 2200 707 2254; x_wconf 86' lang='lat' dir='ltr'>noverunt</span> <span class='ocrx_word' id='word_1_157' title='bbox 728 2193 849 2252; x_wconf 89' lang='lat' dir='ltr'>candidi</span> <span class='ocrx_word' id='word_1_158' title='bbox 879 2191 1043 2252; x_wconf 88' lang='lat' dir='ltr'>auditores.</span> <span class='ocrx_word' id='word_1_159' title='bbox 1086 2191 1127 2250; x_wconf 78' lang='lat' dir='ltr'>Et</span> 
     </span>
     <span class='ocr_line' id='line_1_23' title="bbox 203 2272 1122 2355; baseline -0.002 -20"><span class='ocrx_word' id='word_1_160' title='bbox 203 2283 346 2336; x_wconf 89' lang='lat' dir='ltr'>truncate</span> <span class='ocrx_word' id='word_1_161' title='bbox 374 2293 473 2334; x_wconf 91' lang='lat' dir='ltr'>meam</span> <span class='ocrx_word' id='word_1_162' title='bbox 495 2275 583 2335; x_wconf 84' lang='lat' dir='ltr'>affert</span> <span class='ocrx_word' id='word_1_163' title='bbox 604 2277 754 2336; x_wconf 90' lang='lat' dir='ltr'>rationem</span> <span class='ocrx_word' id='word_1_164' title='bbox 784 2283 892 2336; x_wconf 90' lang='lat' dir='ltr'>contra</span> <span class='ocrx_word' id='word_1_165' title='bbox 913 2275 1076 2335; x_wconf 87' lang='lat' dir='ltr'>Lutberum</span> <span class='ocrx_word' id='word_1_166' title='bbox 1090 2272 1122 2355; x_wconf 87' lang='lat'>²)</span> 
     </span>
     <span class='ocr_line' id='line_1_24' title="bbox 204 2357 551 2437; baseline 0.009 -21"><span class='ocrx_word' id='word_1_167' title='bbox 204 2357 246 2418; x_wconf 88' lang='lat' dir='ltr'>de</span> <span class='ocrx_word' id='word_1_168' title='bbox 268 2359 370 2437; x_wconf 86' lang='lat' dir='ltr'>capite</span> <span class='ocrx_word' id='word_1_169' title='bbox 393 2358 551 2419; x_wconf 87' lang='lat' dir='ltr'>ecclesiae.</span> 
     </span>
    </p>

    <p class='ocr_par' dir='ltr' id='par_1_5' title="bbox 202 2439 1127 3241">
     <span class='ocr_line' id='line_1_25' title="bbox 289 2439 1125 2520; baseline -0.002 -21"><span class='ocrx_word' id='word_1_170' title='bbox 289 2440 326 2514; x_wconf 76' lang='grc'>5)</span> <span class='ocrx_word' id='word_1_171' title='bbox 351 2441 441 2501; x_wconf 91' lang='lat' dir='ltr'>Ponit</span> <span class='ocrx_word' id='word_1_172' title='bbox 461 2439 640 2520; x_wconf 88' lang='lat' dir='ltr'>Hieronymi</span> <span class='ocrx_word' id='word_1_173' title='bbox 663 2447 694 2499; x_wconf 89' lang='lat' dir='ltr'>et</span> <span class='ocrx_word' id='word_1_174' title='bbox 708 2440 852 2520; x_wconf 82' lang='lat' dir='ltr'>Cypriani</span> <span class='ocrx_word' id='word_1_175' title='bbox 874 2439 962 2499; x_wconf 88' lang='lat' dir='ltr'>locos</span> <span class='ocrx_word' id='word_1_176' title='bbox 984 2457 1040 2517; x_wconf 92' lang='lat' dir='ltr'>pro</span> <span class='ocrx_word' id='word_1_177' title='bbox 1063 2456 1125 2497; x_wconf 83' lang='lat' dir='ltr'>ccr-</span> 
     </span>
     <span class='ocr_line' id='line_1_26' title="bbox 202 2519 1126 2602; baseline -0.003 -20"><span class='ocrx_word' id='word_1_178' title='bbox 202 2525 243 2583; x_wconf 88' lang='lat' dir='ltr'>tis</span> <span class='ocrx_word' id='word_1_179' title='bbox 267 2541 288 2582; x_wconf 88' lang='lat' dir='ltr'>a</span> <span class='ocrx_word' id='word_1_180' title='bbox 309 2541 357 2582; x_wconf 89' lang='lat' dir='ltr'>me</span> <span class='ocrx_word' id='word_1_181' title='bbox 384 2521 540 2601; x_wconf 89' lang='lat' dir='ltr'>prolatos,</span> <span class='ocrx_word' id='word_1_182' title='bbox 570 2523 621 2602; x_wconf 92' lang='lat' dir='ltr'>qui</span> <span class='ocrx_word' id='word_1_183' title='bbox 644 2530 745 2582; x_wconf 89' lang='lat' dir='ltr'>tamen</span> <span class='ocrx_word' id='word_1_184' title='bbox 773 2524 804 2581; x_wconf 92' lang='lat' dir='ltr'>in</span> <span class='ocrx_word' id='word_1_185' title='bbox 827 2521 950 2581; x_wconf 92' lang='lat' dir='ltr'>dubium</span> <span class='ocrx_word' id='word_1_186' title='bbox 972 2519 1126 2580; x_wconf 91' lang='lat' dir='ltr'>vocaban-</span> 
     </span>
     <span class='ocr_line' id='line_1_27' title="bbox 205 2601 1123 2683; baseline 0.001 -19"><span class='ocrx_word' id='word_1_187' title='bbox 205 2615 263 2666; x_wconf 87' lang='lat' dir='ltr'>tur.</span> <span class='ocrx_word' id='word_1_188' title='bbox 308 2604 387 2664; x_wconf 89' lang='lat' dir='ltr'>Vide</span> <span class='ocrx_word' id='word_1_189' title='bbox 424 2623 594 2665; x_wconf 86' lang='lat' dir='ltr'>censorem.</span> <span class='ocrx_word' id='word_1_190' title='bbox 638 2604 857 2683; x_wconf 87' lang='lat' dir='ltr'>Hieronymum</span> <span class='ocrx_word' id='word_1_191' title='bbox 886 2603 1000 2662; x_wconf 85' lang='lat' dir='ltr'>adduxi</span> <span class='ocrx_word' id='word_1_192' title='bbox 1033 2601 1123 2665; x_wconf 80' lang='lat' dir='ltr'>libi</span> 
     </span>
     <span class='ocr_line' id='line_1_28' title="bbox 204 2684 1127 2766; baseline -0.003 -18"><span class='ocrx_word' id='word_1_193' title='bbox 204 2693 318 2748; x_wconf 89' lang='lat' dir='ltr'>contra</span> <span class='ocrx_word' id='word_1_194' title='bbox 337 2687 528 2747; x_wconf 79' lang='lat' dir='ltr'>luviniacum</span> <span class='ocrx_word' id='word_1_195' title='bbox 556 2686 614 2747; x_wconf 91' lang='lat' dir='ltr'>col.</span> <span class='ocrx_word' id='word_1_196' title='bbox 640 2688 695 2757; x_wconf 77' lang='lat'>18,</span> <span class='ocrx_word' id='word_1_197' title='bbox 729 2687 913 2766; x_wconf 75' lang='lat' dir='ltr'>cyprianum</span> <span class='ocrx_word' id='word_1_198' title='bbox 940 2688 972 2744; x_wconf 92' lang='lat' dir='ltr'>in</span> <span class='ocrx_word' id='word_1_199' title='bbox 995 2684 1127 2764; x_wconf 89' lang='lat' dir='ltr'>epistola</span> 
     </span>
     <span class='ocr_line' id='line_1_29' title="bbox 205 2767 1127 2850; baseline -0.005 -20"><span class='ocrx_word' id='word_1_200' title='bbox 205 2769 246 2830; x_wconf 89' lang='lat' dir='ltr'>ad</span> <span class='ocrx_word' id='word_1_201' title='bbox 270 2769 439 2850; x_wconf 76' lang='lat' dir='ltr'>Pupienum</span> <span class='ocrx_word' id='word_1_202' title='bbox 470 2768 521 2829; x_wconf 94' lang='lat' dir='ltr'>lib.</span> <span class='ocrx_word' id='word_1_203' title='bbox 544 2771 572 2831; x_wconf 84' lang='grc'>4.</span> <span class='ocrx_word' id='word_1_204' title='bbox 595 2768 812 2849; x_wconf 84' lang='lat' dir='ltr'>Epistolarum.</span> <span class='ocrx_word' id='word_1_205' title='bbox 855 2769 951 2847; x_wconf 80' lang='lat' dir='ltr'>Legat</span> <span class='ocrx_word' id='word_1_206' title='bbox 972 2767 1127 2827; x_wconf 85' lang='lat' dir='ltr'>studiosus</span> 
     </span>
     <span class='ocr_line' id='line_1_30' title="bbox 204 2848 1127 2930; baseline -0.003 -19"><span class='ocrx_word' id='word_1_207' title='bbox 204 2853 315 2925; x_wconf 77' lang='lat' dir='ltr'>lector,</span> <span class='ocrx_word' id='word_1_208' title='bbox 339 2857 370 2911; x_wconf 91' lang='lat' dir='ltr'>et</span> <span class='ocrx_word' id='word_1_209' title='bbox 390 2850 520 2924; x_wconf 90' lang='lat' dir='ltr'>iudicet,</span> <span class='ocrx_word' id='word_1_210' title='bbox 554 2872 591 2912; x_wconf 88' lang='lat' dir='ltr'>an</span> <span class='ocrx_word' id='word_1_211' title='bbox 615 2851 716 2913; x_wconf 92' lang='lat' dir='ltr'>locum</span> <span class='ocrx_word' id='word_1_212' title='bbox 740 2851 863 2911; x_wconf 90' lang='lat' dir='ltr'>dubium</span> <span class='ocrx_word' id='word_1_213' title='bbox 886 2851 1065 2930; x_wconf 90' lang='lat' dir='ltr'>protulerim</span> <span class='ocrx_word' id='word_1_214' title='bbox 1088 2848 1127 2908; x_wconf 87' lang='lat' dir='ltr'>de</span> 
     </span>
     <span class='ocr_line' id='line_1_31' title="bbox 205 2931 1126 3013; baseline -0.004 -19"><span class='ocrx_word' id='word_1_215' title='bbox 205 2935 341 3013; x_wconf 91' lang='lat' dir='ltr'>primatu</span> <span class='ocrx_word' id='word_1_216' title='bbox 364 2933 445 2993; x_wconf 89' lang='lat' dir='ltr'>Petri</span> <span class='ocrx_word' id='word_1_217' title='bbox 468 2953 535 2993; x_wconf 91' lang='lat' dir='ltr'>cum</span> <span class='ocrx_word' id='word_1_218' title='bbox 559 2934 627 2993; x_wconf 90' lang='lat' dir='ltr'>aliis</span> <span class='ocrx_word' id='word_1_219' title='bbox 651 2934 728 2994; x_wconf 92' lang='lat' dir='ltr'>locis</span> <span class='ocrx_word' id='word_1_220' title='bbox 751 2932 1018 2993; x_wconf 88' lang='lat' dir='ltr'>concordantibus.</span> <span class='ocrx_word' id='word_1_221' title='bbox 1061 2931 1126 2991; x_wconf 91' lang='lat' dir='ltr'>lmo</span> 
     </span>
     <span class='ocr_line' id='line_1_32' title="bbox 204 3014 1125 3096; baseline -0.004 -20"><span class='ocrx_word' id='word_1_222' title='bbox 204 3015 385 3096; x_wconf 84' lang='lat' dir='ltr'>syngrapha</span> <span class='ocrx_word' id='word_1_223' title='bbox 406 3014 526 3075; x_wconf 85' lang='lat' dir='ltr'>Martini</span> <span class='ocrx_word' id='word_1_224' title='bbox 548 3016 693 3094; x_wconf 88' lang='lat' dir='ltr'>probavi,</span> <span class='ocrx_word' id='word_1_225' title='bbox 716 3015 903 3095; x_wconf 73' lang='lat' dir='ltr'>cyprianum</span> <span class='ocrx_word' id='word_1_226' title='bbox 925 3035 963 3075; x_wconf 91' lang='lat' dir='ltr'>eo</span> <span class='ocrx_word' id='word_1_227' title='bbox 987 3014 1057 3074; x_wconf 91' lang='lat' dir='ltr'>loco</span> <span class='ocrx_word' id='word_1_228' title='bbox 1081 3032 1125 3072; x_wconf 91' lang='lat' dir='ltr'>ar-</span> 
     </span>
     <span class='ocr_line' id='line_1_33' title="bbox 204 3096 1127 3176; baseline -0.003 -17"><span class='ocrx_word' id='word_1_229' title='bbox 204 3098 313 3159; x_wconf 91' lang='lat' dir='ltr'>bitrari</span> <span class='ocrx_word' id='word_1_230' title='bbox 338 3097 499 3158; x_wconf 86' lang='lat' dir='ltr'>ecclesiam</span> <span class='ocrx_word' id='word_1_231' title='bbox 528 3098 685 3158; x_wconf 83' lang='lat' dir='ltr'>fundatam</span> <span class='ocrx_word' id='word_1_232' title='bbox 709 3117 800 3176; x_wconf 83' lang='lat' dir='ltr'>super</span> <span class='ocrx_word' id='word_1_233' title='bbox 822 3099 922 3158; x_wconf 87' lang='lat' dir='ltr'>Petro.</span> <span class='ocrx_word' id='word_1_234' title='bbox 966 3097 1026 3158; x_wconf 79' lang='lat' dir='ltr'>Sed</span> <span class='ocrx_word' id='word_1_235' title='bbox 1048 3096 1127 3156; x_wconf 86' lang='lat' dir='ltr'>baec</span> 
     </span>
     <span class='ocr_line' id='line_1_34' title="bbox 204 3180 394 3241; baseline -0.011 0"><span class='ocrx_word' id='word_1_236' title='bbox 204 3181 246 3241; x_wconf 91' lang='lat' dir='ltr'>ad</span> <span class='ocrx_word' id='word_1_237' title='bbox 269 3180 394 3240; x_wconf 88' lang='lat' dir='ltr'>iudices.</span> 
     </span>
    </p>

    <p class='ocr_par' dir='ltr' id='par_1_6' title="bbox 204 3257 1127 3671">
     <span class='ocr_line' id='line_1_35' title="bbox 292 3257 1127 3339; baseline -0.012 -12"><span class='ocrx_word' id='word_1_238' title='bbox 292 3263 328 3339; x_wconf 88' lang='grc'>6)</span> <span class='ocrx_word' id='word_1_239' title='bbox 354 3260 509 3334; x_wconf 78' lang='lat' dir='ltr'>invidiose</span> <span class='ocrx_word' id='word_1_240' title='bbox 531 3262 605 3320; x_wconf 88' lang='lat' dir='ltr'>satis</span> <span class='ocrx_word' id='word_1_241' title='bbox 629 3261 711 3338; x_wconf 89' lang='lat' dir='ltr'>dicit,</span> <span class='ocrx_word' id='word_1_242' title='bbox 735 3281 783 3320; x_wconf 92' lang='lat' dir='ltr'>me</span> <span class='ocrx_word' id='word_1_243' title='bbox 805 3260 959 3321; x_wconf 86' lang='lat' dir='ltr'>iactitasse</span> <span class='ocrx_word' id='word_1_244' title='bbox 981 3257 1127 3319; x_wconf 88' lang='lat' dir='ltr'>Bemardi</span> 
     </span>
     <span class='ocr_line' id='line_1_36' title="bbox 205 3341 1127 3423; baseline -0.005 -18"><span class='ocrx_word' id='word_1_245' title='bbox 205 3347 403 3405; x_wconf 88' lang='lat' dir='ltr'>autoritatem</span> <span class='ocrx_word' id='word_1_246' title='bbox 427 3342 465 3403; x_wconf 88' lang='lat' dir='ltr'>ad</span> <span class='ocrx_word' id='word_1_247' title='bbox 487 3343 670 3423; x_wconf 78' lang='lat' dir='ltr'>Eugenium,</span> <span class='ocrx_word' id='word_1_248' title='bbox 693 3345 778 3404; x_wconf 90' lang='lat' dir='ltr'>cuius</span> <span class='ocrx_word' id='word_1_249' title='bbox 801 3352 902 3403; x_wconf 89' lang='lat' dir='ltr'>tamen</span> <span class='ocrx_word' id='word_1_250' title='bbox 926 3343 1018 3402; x_wconf 87' lang='lat' dir='ltr'>tacite</span> <span class='ocrx_word' id='word_1_251' title='bbox 1040 3341 1127 3401; x_wconf 89' lang='lat' dir='ltr'>dero·</span> 
     </span>
     <span class='ocr_line' id='line_1_37' title="bbox 204 3422 1126 3507; baseline -0.008 -18"><span class='ocrx_word' id='word_1_252' title='bbox 204 3435 260 3507; x_wconf 86' lang='lat' dir='ltr'>gat</span> <span class='ocrx_word' id='word_1_253' title='bbox 288 3427 453 3488; x_wconf 89' lang='lat' dir='ltr'>autoritati.</span> <span class='ocrx_word' id='word_1_254' title='bbox 495 3425 567 3485; x_wconf 89' lang='lat' dir='ltr'>Plus</span> <span class='ocrx_word' id='word_1_255' title='bbox 598 3445 657 3506; x_wconf 87' lang='lat' dir='ltr'>ego</span> <span class='ocrx_word' id='word_1_256' title='bbox 689 3426 787 3486; x_wconf 88' lang='lat' dir='ltr'>tribuo</span> <span class='ocrx_word' id='word_1_257' title='bbox 819 3427 868 3485; x_wconf 91' lang='lat' dir='ltr'>uni</span> <span class='ocrx_word' id='word_1_258' title='bbox 899 3424 929 3486; x_wconf 82' lang='lat' dir='ltr'>S.</span> <span class='ocrx_word' id='word_1_259' title='bbox 959 3422 1126 3498; x_wconf 87' lang='lat' dir='ltr'>Bernardo,</span> 
     </span>
     <span class='ocr_line' id='line_1_38' title="bbox 205 3505 1127 3589; baseline -0.005 -20"><span class='ocrx_word' id='word_1_260' title='bbox 205 3529 299 3589; x_wconf 85' lang='lat' dir='ltr'>quam</span> <span class='ocrx_word' id='word_1_261' title='bbox 327 3507 473 3587; x_wconf 91' lang='lat' dir='ltr'>Philippo</span> <span class='ocrx_word' id='word_1_262' title='bbox 501 3516 532 3568; x_wconf 92' lang='lat' dir='ltr'>et</span> <span class='ocrx_word' id='word_1_263' title='bbox 558 3507 699 3569; x_wconf 90' lang='lat' dir='ltr'>omnibus</span> <span class='ocrx_word' id='word_1_264' title='bbox 727 3509 789 3568; x_wconf 86' lang='lat' dir='ltr'>suia</span> <span class='ocrx_word' id='word_1_265' title='bbox 817 3509 953 3568; x_wconf 80' lang='lat' dir='ltr'>asseclis.</span> <span class='ocrx_word' id='word_1_266' title='bbox 997 3505 1029 3566; x_wconf 83' lang='lat' dir='ltr'>Si</span> <span class='ocrx_word' id='word_1_267' title='bbox 1057 3506 1127 3566; x_wconf 88' lang='lat' dir='ltr'>Ber·</span> 
     </span>
     <span class='ocr_line' id='line_1_39' title="bbox 205 3587 1127 3671; baseline -0.007 -18"><span class='ocrx_word' id='word_1_268' title='bbox 205 3593 321 3653; x_wconf 88' lang='lat' dir='ltr'>nardus</span> <span class='ocrx_word' id='word_1_269' title='bbox 356 3610 393 3651; x_wconf 91' lang='lat' dir='ltr'>eo</span> <span class='ocrx_word' id='word_1_270' title='bbox 416 3590 494 3651; x_wconf 89' lang='lat' dir='ltr'>libro</span> <span class='ocrx_word' id='word_1_271' title='bbox 517 3590 621 3667; x_wconf 88' lang='lat' dir='ltr'>aliqua</span> <span class='ocrx_word' id='word_1_272' title='bbox 642 3590 719 3650; x_wconf 89' lang='lat' dir='ltr'>dixit</span> <span class='ocrx_word' id='word_1_273' title='bbox 742 3609 797 3671; x_wconf 94' lang='lat' dir='ltr'>pro</span> <span class='ocrx_word' id='word_1_274' title='bbox 821 3590 973 3649; x_wconf 88' lang='lat' dir='ltr'>sententia</span> <span class='ocrx_word' id='word_1_275' title='bbox 994 3587 1127 3666; x_wconf 87' lang='lat' dir='ltr'>Lutheri,</span> 
     </span>
    </p>
   </div>
   <div class='ocr_carea' id='block_1_3' title="bbox 222 3715 390 3722">
    <p class='ocr_par' dir='ltr' id='par_1_7' title="bbox 222 3715 390 3722">
     <span class='ocr_line' id='line_1_40' title="bbox 222 3715 390 3722; baseline -0.012 0"><span class='ocrx_word' id='word_1_276' title='bbox 222 3715 390 3722; x_wconf 71' lang='lat'>———---..-.</span> 
     </span>
    </p>
   </div>
   <div class='ocr_carea' id='block_1_4' title="bbox 195 3757 1127 3884">
    <p class='ocr_par' dir='ltr' id='par_1_8' title="bbox 195 3757 1127 3884">
     <span class='ocr_line' id='line_1_41' title="bbox 281 3757 1127 3830; baseline -0.005 -17"><span class='ocrx_word' id='word_1_277' title='bbox 281 3761 312 3828; x_wconf 85' lang='lat'>1)</span> <span class='ocrx_word' id='word_1_278' title='bbox 334 3761 364 3812; x_wconf 89' lang='lat' dir='ltr'>ln</span> <span class='ocrx_word' id='word_1_279' title='bbox 385 3760 428 3814; x_wconf 85' lang='lat' dir='ltr'>ed.</span> <span class='ocrx_word' id='word_1_280' title='bbox 441 3763 524 3829; x_wconf 87' lang='lat' dir='ltr'>orig.:</span> <span class='ocrx_word' id='word_1_281' title='bbox 544 3761 745 3830; x_wconf 88' lang='lat' dir='ltr'>publicabatur.</span> <span class='ocrx_word' id='word_1_282' title='bbox 781 3759 811 3822; x_wconf 67' lang='lat'>2]</span> <span class='ocrx_word' id='word_1_283' title='bbox 832 3759 899 3811; x_wconf 87' lang='lat' dir='ltr'>lbid.</span> <span class='ocrx_word' id='word_1_284' title='bbox 915 3760 960 3812; x_wconf 87' lang='lat' dir='ltr'>bic</span> <span class='ocrx_word' id='word_1_285' title='bbox 978 3757 1127 3826; x_wconf 84' lang='lat' dir='ltr'>etreliquis</span> 
     </span>
     <span class='ocr_line' id='line_1_42' title="bbox 195 3831 457 3884; baseline -0.008 -2"><span class='ocrx_word' id='word_1_286' title='bbox 195 3833 283 3884; x_wconf 82' lang='lat' dir='ltr'>locis:</span> <span class='ocrx_word' id='word_1_287' title='bbox 307 3831 457 3883; x_wconf 78' lang='lat' dir='ltr'>Lutterurn.</span> 
     </span>
    </p>
   </div>
   <div class='ocr_carea' id='block_1_5' title="bbox 0 0 1363 4417">
    <p class='ocr_par' dir='ltr' id='par_1_9' title="bbox 0 0 1363 4417">
     <span class='ocr_line' id='line_1_43' title="bbox 0 0 1363 4417; baseline 0 0"><span class='ocrx_word' id='word_1_288' title='bbox 0 0 1363 4417; x_wconf 95' lang='lat' dir='ltr'> </span> 
     </span>
    </p>
   </div>
  </div>
 </body>
</html>
