2709 4417
445 344 515 399 run
533 343 569 399 dc
587 349 726 412 potestate
743 344 844 411 Papae.
1063 338 1126 407 Ἐξ)
1147 395 1157 412 .

203 527 358 608 lectores,
385 531 457 592 ideo
479 551 541 591 non
564 533 691 609 mirum,
717 529 800 609 quod
823 539 854 590 et
874 530 969 589 falsos
989 529 1125 590 intellec-

202 618 288 670 tores
312 631 346 672 se
371 615 543 675 ostendunt.
587 614 696 673 Melius
718 613 780 673 Leo
803 632 895 692 supro
916 622 1050 692 petrum,
1077 631 1126 674 so·

203 692 358 754 liditetem
385 697 571 776 intelligens,
593 696 776 756 vocobulum
798 695 904 775 Cephe
926 695 1005 756 bene
1026 696 1125 756 novit:

203 783 237 835 ct
258 776 312 836 hic
324 796 384 838 nec
399 780 604 859 evangelium,
626 797 685 839 nec
704 778 848 838 Oenones
870 787 953 838 recte
974 778 1126 858 iutelligit.

290 859 350 919 Est
370 870 471 922 sutem
497 861 611 941 Cephe,
634 868 714 921 teste
729 861 928 940 Hieronymo,
948 880 1053 940 syrum
1075 879 1127 923 vo·

205 941 368 1022 eubulum,
407 944 583 1024 significans
616 943 820 1018 soliditatem,
865 962 954 1022 quam
989 942 1126 1004 Graecus

206 1032 329 1104 petrum
344 1026 534 1107 velpctrcm,
557 1026 588 1087 id
611 1034 668 1104 est,
690 1046 798 1086 sexum
814 1027 863 1085 vel
880 1046 985 1105 rupem
1008 1024 1125 1086 firmem

206 1109 372 1169 transtulit.
417 1113 458 1170 At
490 1120 595 1170 noster
628 1119 759 1190 nugator
772 1109 802 1190 ¹)
827 1107 974 1192 κεφαλήν
1015 1127 1126 1190 graece

207 1209 262 1269 pro
283 1192 384 1270 cephe
405 1194 525 1272 syriace
546 1194 683 1272 occepit,
719 1199 749 1252 et
782 1201 885 1251 temen
914 1193 993 1251 inter
1020 1210 1125 1252 sacros
1164 1267 1166 1271 ,

208 1271 353 1333 Oenones
375 1276 426 1334 vel
445 1277 559 1355 primus
581 1275 718 1337 hebetur.
761 1275 838 1334 Nem
861 1273 1126 1350 inDecretclibus,

208 1374 285 1434 ques
304 1356 471 1437 Gregorius
493 1358 537 1419 lx
558 1359 777 1419 etBonifccius
801 1357 871 1417 Vlll
894 1366 1126 1437 congesserunt,

208 1438 278 1499 huic
295 1439 415 1500 (lenoni
438 1442 562 1519 suisque
584 1442 733 1501 similibus
756 1441 905 1500 cutorites
930 1446 1013 1499 tonte
1037 1439 1126 1500 tribu-

208 1523 281 1599 itur,
315 1529 349 1581 ut
372 1524 424 1582 vix
446 1543 507 1583 une
529 1525 581 1602 sit,
616 1543 696 1602 quse
717 1543 779 1584 non
802 1529 898 1583 totum
922 1522 1002 1582 hunc
1022 1524 1126 1602 spiret.

207 1603 383 1682 Praetereo,
403 1606 485 1684 quod
498 1606 644 1686 deinceps
661 1607 742 1666 hauc
754 1607 882 1666 formam
897 1604 1126 1666 successoribus

210 1686 352 1748 traditam
374 1687 541 1766 tubulatur,
572 1689 755 1749 servendum
779 1708 797 1748 a
820 1690 931 1750 ceteris
962 1688 1126 1768 episcopis,

211 1771 335 1911 opinino
359 1771 440 1831 eliud
462 1772 553 1849 nihil,
584 1791 675 1852 quem
698 1771 983 1832 ambitiosissimum
1007 1771 1127 1852 spirans

210 1861 363 1915 sectum.

419 1971 559 2050 Sequitur
580 1971 707 2052 pulchre
729 1970 911 2034 similitudo:

289 2052 332 2112 Et
354 2072 416 2114 uon
439 2056 538 2115 solum
559 2057 590 2114 iu
612 2074 696 2115 novo
718 2054 917 2114 Testamento
943 2060 990 2113 est
1012 2053 1124 2113 consti·

209 2144 322 2212 tutum,
346 2135 511 2197 sedetiam
534 2139 565 2197 iu
588 2138 684 2198 veteri
705 2136 775 2215 fuit,
797 2138 876 2197 sicut
896 2137 1040 2216 scriptum
1065 2144 1124 2196 est:

206 2217 311 2279 Moses
337 2225 368 2278 et
390 2220 493 2280 Aaron
517 2221 547 2279 in
566 2219 778 2282 sacerdotibus
801 2221 881 2296 eius,
902 2218 933 2278 id
957 2229 1013 2298 est,
1035 2219 1123 2300 primi

204 2303 286 2361 inter
310 2320 365 2361 eos
387 2303 515 2364 inerunt.

291 2382 372 2458 Quid
395 2385 508 2447 audio?
542 2404 633 2466 quam
664 2403 728 2446 uon
760 2386 870 2445 frustra
900 2384 958 2443 hos
988 2400 1124 2442 canones

203 2467 290 2548 lego,
314 2485 405 2546 quem
429 2470 553 2550 egregie
573 2468 659 2529 disco
684 2468 836 2548 sripturas
859 2465 1041 2545 intelligere.
1063 2464 1123 2524 Pri-

204 2570 301 2626 mum,
326 2553 376 2630 qui
401 2572 492 2612 unum
515 2552 614 2612 solum
637 2571 787 2632 summum
809 2549 1001 2610 sacerdotem
1022 2548 1052 2606 iu
1076 2567 1124 2607 ve·

203 2635 264 2694 teri
286 2633 370 2714 Lege
392 2637 479 2714 novi,
506 2653 587 2694 nunc
607 2633 698 2694 didici
722 2634 799 2694 duos
817 2634 909 2692 scisse
927 2631 1049 2711 primos.
1073 2629 1124 2689 Se-

204 2717 330 2796 cundo,
354 2720 444 2777 etiem
467 2719 697 2796 grammaticam
721 2736 833 2776 novom
857 2715 945 2792 vide,
973 2715 1003 2772 in
1026 2731 1124 2773 sacer·

204 2799 332 2861 dotibus
346 2802 419 2871 eius,
441 2801 522 2860 idem
538 2808 595 2877 est,
618 2799 700 2878 quod
716 2800 803 2879 primi
823 2800 903 2859 inter
918 2816 973 2857 eos
994 2795 1124 2870 fuerunt,

206 2901 278 2943 cum
302 2883 461 2962 hucusque
488 2883 549 2943 hoc
577 2902 667 2943 versu
690 2882 803 2942 Psalmi
825 2879 1028 2940 intellexerim
1051 2877 1126 2938 nihil

205 2964 291 3025 eliud
316 2964 393 3042 dici,
427 2985 516 3045 quam
539 2966 646 3026 Mosen
668 2974 700 3025 et
720 2965 825 3025 Acron
848 2961 1044 3038 secerdotes,
1077 2960 1124 3020 vel

206 3046 248 3108 de
268 3065 399 3127 numero
422 3048 616 3109 secerdotum
648 3048 762 3125 fuisse,
795 3048 874 3106 sicut
893 3043 1017 3107 Samuel
1047 3043 1126 3103 iuter

205 3131 389 3191 invocantes
412 3151 525 3192 nomen
542 3133 617 3203 eius,
639 3131 713 3190 nibil
736 3130 774 3191 de
788 3130 939 3210 primitute
963 3125 1051 3200 vel²)
1075 3144 1124 3185 co·

206 3214 322 3294 gitans.
364 3213 499 3273 Tertium
516 3213 744 3291 documentum,
767 3212 849 3292 quod
870 3228 1005 3272 suurmus
1028 3227 1126 3269 sacer·

207 3295 265 3356 dos
296 3299 407 3356 veteris
429 3297 519 3377 Legis
547 3297 636 3357 suerit
671 3295 770 3378 ligura
798 3295 928 3356 Romani
962 3290 1124 3372 pontilicis.

206 3378 380 3458 Apostolus
402 3380 483 3439 enim
508 3379 547 3439 ed
569 3379 752 3462 llbmeos‘)
796 3398 846 3438 me
877 3378 984 3436 mirum
1006 3374 1036 3433 in
1061 3392 1124 3434 rno-

207 3461 279 3521 dum
310 3461 433 3542 decepit
465 3481 533 3522 cum
570 3463 718 3522 universis
751 3461 902 3522 ecclesiae
938 3456 1126 3532 doctoribus,

207 3544 344 3621 docens,
377 3565 440 3604 non
461 3545 633 3606 Romanum
663 3543 862 3625 pontificem,
895 3540 949 3600 scd
972 3540 1124 3600 Christum

245 3703 277 3764 l)
301 3701 329 3752 ln
348 3700 390 3752 ed.
410 3703 516 3769 priore:
544 3705 638 3752 noster
660 3698 706 3750 hic
735 3704 864 3765 nugator.
901 3694 934 3760 2)
955 3694 985 3745 ln
1004 3692 1046 3746 cd.
1064 3693 1126 3745 Jeo.

206 3780 234 3823 et
253 3773 397 3823 winerio:
416 3771 481 3822 ulle

237 3839 431 3901 &muz

865 3911 940 3980 Ὦ.
