2709 4417
278 358 342 424 274
427 303 459 373 ⁸,
482 352 601 413 *nasot
620 359 653 414 L.
671 370 756 428 super
773 304 963 426 Proposition.

282 555 387 610 tamen
410 549 490 607 intus
514 565 552 606 eo
591 547 690 626 magis
726 547 854 606 invitum
889 544 1032 605 accendit
1057 547 1168 610 animun.

282 630 357 692 Cum
381 649 454 710 ergo
477 634 622 710 peccator
642 630 856 711 antegratiam
873 629 977 689 iussus
998 635 1170 708 peccatam
1200 662 1219 687 ..-.

281 712 451 789 discutere,
486 713 659 772 necessario
682 711 760 793 legis
781 712 840 772 Dei
862 729 984 771 mernor
1006 712 1061 787 sit,
1093 720 1172 773 contra

282 812 372 874 quam
395 797 551 874 peccavit,
574 813 702 854 necesse
724 801 788 873 est,
810 801 845 854 ut
866 794 1130 873 concupiscentias
1144 814 1173 856 re

280 877 386 957 fricet,
418 884 449 937 et
481 878 581 958 legem
604 875 704 953 odiat,
738 896 828 956 quam
861 877 931 937 sola
954 877 1054 957 gratia
1075 875 1175 957 diligere

282 961 364 1023 lacit.
408 959 505 1038 ltafit,
529 967 561 1019 ut
577 959 812 1039 hypocritnflat,
836 966 867 1019 et
879 960 979 1039 peior,
1003 972 1093 1038 quam
1107 960 1176 1038 prius,

281 1043 352 1103 dum
376 1043 498 1102 simulat
519 1062 553 1102 se
575 1041 678 1103 odisse
702 1049 840 1123 peecata,
862 1058 947 1120 quse
970 1060 1043 1102 vere
1065 1060 1120 1100 nec
1133 1042 1178 1102 odit

280 1143 340 1185 nec
359 1126 460 1185 odisse
482 1132 604 1204 potest,
638 1125 697 1184 nisi
719 1125 819 1205 legem
842 1125 926 1204 prius
950 1123 1108 1200 dilexerit,
1134 1125 1178 1185 ino

282 1208 349 1288 plus
371 1210 431 1267 iam
454 1207 561 1287 diligat
580 1215 726 1287 peccota,
748 1226 839 1287 quam
861 1209 964 1287 prius,
992 1214 1087 1285 atque
1106 1205 1133 1265 id
1150 1208 1179 1287 ip

282 1309 348 1349 sum
371 1292 395 1350 si
418 1289 553 1366 auderet,
576 1293 642 1349 sine
663 1289 757 1350 dubio
779 1290 926 1350 fateretur
948 1291 1081 1385 etipse.
1102 1286 1180 1363 Quare

281 1372 347 1433 istis
390 1372 604 1452 pestilentibus
636 1379 667 1432 et
699 1372 861 1433 haereticis
893 1372 1045 1432 doctrinis
1072 1371 1181 1452 repletur

282 1454 603 1535 ecclesia'hypocritis‚
625 1454 696 1514 dum
718 1474 788 1515 raro
810 1453 849 1515 de
870 1452 1040 1515 dilectione
1062 1455 1181 1532 iustiliae,

283 1556 405 1617 semper
426 1546 525 1597 autem
544 1537 583 1597 de
595 1538 667 1598 odio
683 1539 802 1617 peccati
818 1535 942 1610 docent,
965 1556 1026 1597 nec
1049 1536 1181 1616 quomodo

281 1620 320 1680 ad
342 1620 573 1700 odinmpeccati
590 1621 795 1699 perveniatur,
817 1622 993 1699 autsciunt
1016 1627 1072 1680 aut
1083 1619 1182 1680 docent

365 1703 405 1763 Et
426 1703 498 1782 quid
521 1703 646 1764 moror?
686 1703 762 1763 Cum
785 1705 851 1783 ipse
872 1703 986 1763 Eccius
1018 1720 1105 1763 meus
1129 1720 1181 1763 oon-

282 1786 380 1864 cedat,
406 1785 531 1845 liberum
554 1786 709 1861 arbitrium
731 1793 804 1845 ante
825 1788 957 1866 gratiam
993 1804 1059 1846 non
1090 1785 1210 1863 volere,

283 1869 340 1928 nisi
363 1868 402 1928 ad
431 1868 637 1948 peccandum,
673 1887 734 1947 que
762 1869 882 1930 insania
914 1869 1021 1928 dicere
1053 1867 1180 1928 audetin
1217 1906 1218 1921 2

282 1953 341 2011 ists
352 1951 517 2031 Pelagieno
531 1953 752 2031 propositione,
771 1952 852 2030 quod
867 1968 929 2011 non
945 1951 1042 2012 modo
1056 1970 1117 2011 non
1129 1960 1181 2030 pcc

283 2043 341 2112 cet,
365 2033 419 2093 sed
442 2034 608 2093 secundum
631 2034 826 2114 evangelium
849 2040 880 2093 et
902 2033 1180 2094 secundumPatres

282 2125 368 2197 agat,
400 2118 451 2195 qui
472 2118 693 2197 poenitentiam
717 2136 736 2176 a
758 2117 965 2177 detestatione
987 2117 1107 2197 peccati
1125 2117 1179 2176 iuci-

281 2201 359 2278 piat,
384 2199 444 2258 hoc
466 2209 530 2278 est,
552 2220 571 2259 a
591 2199 751 2280 peccando
779 2201 939 2279 poenitere
961 2200 1106 2279 incipiat,
1128 2217 1178 2258 sun

282 2289 353 2342 ante
375 2276 503 2362 gretiam
526 2301 588 2342 non
612 2282 670 2342 nisi
690 2301 821 2362 peccare
842 2282 930 2342 detur
949 2283 985 2342 in
1006 2282 1156 2346 homine..

280 2371 287 2387 “
366 2365 483 2424 Deinde
505 2367 597 2425 etiam
609 2365 868 2426 scholasticorum
882 2367 1038 2425 sententia
1054 2371 1108 2444 eet,
1123 2383 1182 2453 con·¹

282 2449 434 2508 tritionem
464 2447 529 2508 fieri
560 2455 703 2528 oportere
735 2449 766 2507 in
799 2449 941 2523 caritate,
979 2467 1054 2528 ergo
1088 2449 1175 2507 caritas
1213 2518 1218 2524 ι

280 2533 364 2610 prior
387 2533 578 2590 contritione.
622 2531 664 2590 At
685 2532 794 2590 caritas
817 2549 904 2591 amor
926 2537 974 2590 est
997 2531 1075 2610 legis
1094 2537 1174 2590 etro

282 2614 404 2673 luntatis
433 2613 563 2673 divinae.
607 2612 698 2688 Quod
726 2615 751 2673 si
781 2621 812 2673 et
848 2615 916 2692 ipse
941 2633 1030 2689 susm
1061 2613 1174 2693 proposi·
1209 2648 1219 2688 ς

282 2698 395 2756 tionem
418 2697 560 2777 intelligit
581 2696 620 2757 de
642 2702 839 2776 peccatorum
861 2696 1068 2757 detestatione
1088 2715 1123 2756 ex
1139 2712 1173 2754 aa

283 2781 371 2839 ritate
394 2778 524 2856 fluente,
557 2787 706 2858 quaeest
730 2799 810 2863 'ergo
838 2778 1031 2859 impudentia
1054 2786 1084 2838 et
1103 2787 1172 2838 teme
1213 2815 1218 2822 -

280 2863 362 2939 ritas,
386 2862 445 2922 hoc
458 2863 615 2942 appellare
628 2862 799 2922 doctrinam
813 2881 935 2938 novam,
958 2869 991 2922 et
1013 2861 1172 2922 contrariam

280 2946 442 3025 evangelio
465 2954 496 3005 et
517 2945 547 3006 S.
572 2944 731 3005 Patribus?
753 2943 856 3020 Quare
877 2944 962 3004 dico:
1001 2944 1035 3005 Si
1056 2943 1172 3024 proposi-

280 3029 394 3088 tionem
429 3048 514 3088 suam
539 3048 625 3088 meae
657 3028 723 3088 vult
755 3047 824 3088 esse
856 3027 1058 3100 contrariam,
1093 3027 1172 3086 haere

280 3113 387 3187 tieem,
418 3111 613 3192 Pelagianam
637 3117 722 3171 tenet
743 3112 939 3172 sententiam:
968 3111 995 3169 si
1015 3126 1172 3184 consonam,

280 3200 395 3253 temere
430 3206 461 3254 et
482 3195 573 3254 stulte
602 3214 669 3255 eam
692 3213 805 3253 novam
835 3192 1007 3254 doctrinam
1038 3199 1069 3253 et
1090 3198 1174 3252 contra

280 3276 474 3359 evangelium
498 3297 566 3337 esse
587 3279 712 3338 iactitat.

364 3360 483 3420 Deinde
504 3378 563 3420 neo
585 3359 782 3422 Aristotelem
807 3378 894 3419 suum
912 3357 1072 3438 intelligit,
1093 3357 1176 3436 quiet

279 3444 355 3522 ipse,
378 3443 450 3502 licet
471 3458 580 3503 caecus
599 3443 732 3523 gentilis,
756 3443 987 3502 acutiustamen
1010 3441 1103 3500 Ecoio
1121 3455 1175 3498 neo

280 3527 369 3603 vidit,
403 3545 524 3586 omnem
548 3534 648 3586 aetum
672 3527 790 3585 virtutis
811 3524 851 3584 ob
874 3524 1027 3585 electione
1049 3524 1138 3584 libers
1154 3527 1176 3580 et

280 3611 439 3669 voluntate
471 3629 508 3670 ao
530 3629 636 3670 amore
664 3607 833 3688 proficisci,
867 3614 959 3686 atque
992 3607 1176 3686 privationem
1216 3668 1218 3699 p

276 3711 336 3754 nec
356 3694 444 3755 nosci
468 3714 526 3756 nec
549 3693 629 3756 odiri
648 3712 759 3775 posce
775 3692 839 3750 nisi
855 3691 1025 3766 cognitam
1040 3695 1138 3747 amata
1152 3704 1177 3744 re
1217 3712 1218 3727 κ

262 3780 426 3864 positiva,
456 3787 628 3866 peccatum
651 3785 762 3838 autem
780 3772 992 3854 pimenionem
1019 3784 1092 3822 esee
1108 3779 1200 3821 emes

257 3865 390 3952 dicunt,
417 3871 579 3943 iustitiam
602 3869 716 3929 autem
735 3877 809 3919 rem
829 3849 1017 3931 positivam.
