2709 4417
355 243 1172 274 *—

407 325 467 379 suis
485 323 594 395 Lipsiae
614 323 761 393 disputatis
780 340 805 379 a
824 323 895 385 XIX·
1045 322 1108 405 247

199 508 287 569 atis?
317 509 362 577 Et
383 511 459 591 qnid
479 513 603 589 mirum,
633 513 660 571 si
681 511 774 573 hodie
796 532 920 593 qnoque
942 513 1108 573 concilium

199 595 519 674 inomniasttingat,
541 593 666 674 quando
680 613 786 657 snmus
807 597 993 674 intempore
1015 595 1067 656 ion
1091 616 1108 656 ε

199 673 339 753 igidiore
362 695 456 756 quam
469 677 666 759 Cyprianus?
686 677 727 739 Et
748 688 780 738 ut
803 679 896 821 plane
908 690 938 737 et
960 615 1109 738 libereffi·

199 776 243 816 im
270 759 358 837 quod
382 762 503 836 sentio,
537 760 630 822 credo
659 780 709 821 me
730 761 803 821 theo
818 781 911 842 ogum
934 779 1002 820 esse
1024 761 1108 821 Chri·

199 841 333 921 tanum,
357 845 444 903 etin
466 862 563 925 regno
585 845 725 904 veritatis
748 845 870 921 vivere,
892 843 964 903 ideo
987 863 1036 903 me
1058 844 1107 904 de

199 921 314 984 iterem
339 944 494 987 essenon
524 926 617 987 ιιιοιιο
640 925 841 989 affirmandae
863 927 1020 1003 veritatis,
1053 926 1108 986 sed

199 1007 273 1066 tiam
296 1008 487 1070 asserendae
509 1016 541 1069 et
562 1009 798 1077 defendendae,
827 1029 880 1069 seu
910 1028 966 1088 per
987 1011 1109 1089 sangui·

199 1107 270 1167 em,
292 1109 348 1150 seu
370 1111 427 1171 per
448 1102 589 1154 mortem.

266 1207 403 1269 P10inde
425 1209 499 1269 volo
519 1208 703 1282 liberasse,
729 1216 761 1269 et
782 1209 909 1288 nullius,
931 1227 987 1268 aen
1008 1211 1108 1269 conci·

199 1291 221 1367 i,
245 1309 304 1352 sen
326 1293 512 1372 potestatis,
534 1311 590 1352 seu
611 1292 853 1369 universitatum,
875 1310 930 1351 seu
953 1290 1109 1351 Pontificis

199 1375 350 1435 utoritate
371 1375 512 1454 captivus
533 1372 617 1451 fieri,
640 1376 714 1452 quin
737 1373 929 1435 confidenter
951 1371 1109 1439 confitear,

199 1456 334 1534 ¹uidquid
357 1477 465 1518 verum
482 1456 608 1533 videro,
636 1459 703 1516 sive
732 1457 794 1519 hoc
827 1459 866 1516 sit
894 1476 913 1516 a
943 1455 1108 1523 catholico,

199 1539 250 1599 ive
270 1539 429 1600 haeretico
451 1547 615 1613 assertum,
638 1541 705 1599 eive
722 1540 895 1619 probatum,
917 1539 983 1598 sire
1005 1558 1107 1618 repro·

199 1627 288 1681 »atum
325 1621 416 1682 fuerit
442 1641 462 1681 a
490 1641 675 1700 quaestuque
699 1622 847 1683 concilio.
889 1621 956 1681 Nec
978 1621 1109 1681 verebor

199 1705 277 1764 itiam
300 1705 399 1784 ipsam
416 1703 576 1780 invidiam,
599 1723 681 1783 quac
702 1724 751 1765 me
764 1705 987 1765 haereticarum
1005 1714 1125 1782 patro„

199 1805 257 1846 inm
282 1787 362 1847 forte
396 1787 618 1847 criminabitur:
650 1788 733 1865 qnod
763 1789 859 1849 sciam
889 1787 1008 1846 veritati
1038 1805 1107 1845 cum

199 1868 302 1930 nvidia
323 1870 400 1929 nihil
422 1889 492 1930 esse
514 1871 702 1947 commercii,
724 1871 802 1930 sicut
823 1870 897 1929 dicit
919 1868 1050 1946 Sapiens
1072 1874 1107 1933 6:

199 1952 252 2012 isc
273 1972 342 2012 curn
365 1951 481 2012 invidia
503 1952 683 2012 tabescente
705 1954 763 2012 iter
790 1951 929 2028 habebo,
962 1953 1107 2029 qnoniam

199 2035 255 2094 alis
278 2035 372 2096 homo
395 2054 459 2095 non
482 2037 541 2095 erit
569 2037 725 2114 particeps
749 2035 779 2111 ¹)
803 2035 984 2114 sapientiae.
1028 2033 1107 2108 Quid

199 2135 261 2197 ergo
284 2117 323 2177 ad
350 2137 408 2193 me,
433 2116 516 2196 quod
538 2117 673 2177 mendax
695 2117 810 2178 invidia
832 2138 880 2176 me
903 2116 1108 2179 criminatur?

199 2200 265 2259 Laus
289 2207 337 2260 est
360 2201 462 2278 impiis
485 2200 688 2278 displicuisse.
713 2200 883 2278 Displicent
904 2210 936 2258 et
950 2199 1022 2258 mihi
1036 2199 1108 2258 hae·

199 2284 282 2358 retici,
305 2282 361 2342 sed
384 2282 508 2360 quando
531 2281 626 2343 hodie
647 2281 735 2343 ιιιιιιο
756 2282 926 2362 ορριειιιιε
945 2281 1108 2361 Sophistae

201 2366 287 2444 magis
309 2366 487 2441 insaniunt,
519 2366 634 2427 faciunt
657 2373 691 2425 nt
711 2385 811 2445 paene
833 2363 913 2443 apud
936 2363 1110 2424 haereticos

199 2448 254 2507 sela
274 2447 394 2526 reliqua
424 2449 464 2507 sit
484 2449 619 2508 ecclesis
643 2446 798 2509 catholica
820 2447 953 2522 Chrisn'3
982 2446 1109 2506 haereti-

199 2548 241 2590 cos
263 2531 406 2609 inquam,
435 2550 497 2590 non
522 2532 681 2608 quisunt,
714 2530 768 2590 sed
791 2532 841 2608 qui
864 2529 984 2589 illorum
1008 2529 1110 2589 furore

200 2613 396 2692 appellantur.

248 2729 289 2789 Et
312 2748 425 2807 sequar
446 2729 477 2786 in
501 2727 561 2787 hoc
583 2746 653 2789 meo
685 2729 846 2807 proposito
869 2728 1111 2805 iurisperitorum

199 2830 312 2890 ineque
335 2810 546 2871 definitionem
572 2817 629 2879 (ne
651 2809 736 2869 solus
768 2817 798 2868 et
822 2817 937 2869 temere
959 2810 988 2867 ιιι
1012 2808 1112 2869 facere

199 2895 377 2967 existimer).
423 2893 506 2952 Dicit
539 2893 619 2952 enim
643 2893 876 2952 Panormitanus
905 2892 944 2951 de
967 2893 1063 2952 Elect.
1087 2913 1112 2951 e.

199 2976 394 3057 {ignificastiz
418 2975 489 3034 Plus
507 2974 692 3034 credendum
717 2977 766 3033 uni
780 2976 900 3053 privato
912 2974 1005 3041 fideli,
1022 2994 1112 3054 quarn

200 3061 244 3119 nti
268 3059 417 3134 concilio,
439 3065 490 3117 aut
514 3077 624 3136 papae,
648 3060 672 3115 si
699 3057 856 3116 meliorem
881 3057 974 3117 habet
998 3056 1031 3121 ’t
1058 3078 1113 3115 au-

199 3143 348 3202 nritntem
372 3140 423 3200 vel
444 3141 607 3200 rationein.
631 3139 662 3200 si
679 3140 757 3200 haec
778 3160 850 3199 sera
874 3148 953 3211 sunt,
976 3160 1031 3200 cur
1053 3160 1113 3199 ιιοιι

199 3227 282 3284 iceat
303 3224 369 3283 uti?
393 3242 447 3282 cur
471 3242 532 3282 non
558 3222 687 3281 audeam
711 3232 838 3287 tentare,
862 3224 886 3281 ει
909 3243 985 3281 ιιιιιιε
1010 3223 1114 3282 melic-

199 3326 253 3367 em
287 3305 454 3367 ostendere
483 3307 600 3384 possim
630 3307 846 3383 autoritatem,
889 3324 978 3384 quarn
1015 3306 1115 3365 conci-

199 3389 290 3449 rium?

271 3488 380 3567 ltaque
417 3487 457 3547 de
489 3486 628 3546 conciliis
657 3486 823 3546 videamus.
873 3487 984 3546 Nonne
1020 3488 1117 3545 smni-

199 3591 244 3632 ιιιε
273 3578 381 3631 ιιοιιιιιι
418 3578 483 3641 est,
522 3569 677 3642 contraria
708 3569 873 3647 aliquando
903 3569 996 3629 fuisse
1033 3568 1115 3628 darn·

200 3878 235 3936 1)
260 3878 294 3929 ln
313 3879 378 3934 edd.
398 3883 520 3954 origin:
541 3890 695 3966 princeps.
733 3894 773 3964 2)
795 3892 890 3952 ibin:
905 3891 1029 3951 RM-
