2709 4417
449 348 477 397 et
494 344 674 399 sacramento
694 344 896 400 comminue·
1061 340 1127 409 489

192 528 228 586 in
265 535 299 590 te
335 529 477 591 eluceant
508 530 562 592 illa
593 532 726 592 caritatis
754 530 870 608 officia,
905 538 935 590 et
956 532 982 590 si
1009 531 1123 591 sentiae

195 612 355 674 maiorem
392 613 541 675 bonorum
579 633 706 696 operum
737 622 919 693 proventum
949 633 968 674 a
1000 620 1122 693 sumpto

195 703 420 774 sacramento,
443 716 533 776 quam
557 705 628 757 ante
650 703 873 757 sacramentum
897 702 1060 775 sumptum.
1120 712 1124 718 ·

288 777 381 853 Quod
416 780 441 839 si
471 781 604 840 caritatis
641 779 744 840 officia
776 799 838 840 non
867 785 1047 858 sequantu13
1085 798 1124 839 ac

195 862 321 922 sentias
344 881 444 940 neque
466 881 519 922 cor
536 882 637 942 neque
658 864 752 923 vitam
775 870 857 922 tuam
885 864 1046 940 quicquam
1068 862 1121 921 im·

196 949 369 1022 mutatam,
403 946 477 1006 item
507 945 612 1006 videas
639 949 669 1005 te
698 965 822 1025 prorsus
852 965 914 1006 non
951 945 1068 1004 moveri
1089 944 1121 1002 in

198 1025 329 1087 efflictis
360 1027 450 1088 rebus
484 1030 525 1088 tui
556 1030 697 1110 proximi.
745 1029 889 1108 Magnam
925 1028 998 1086 satis
1026 1026 1123 1088 habes

199 1127 351 1187 causam,
381 1130 460 1190 quae
487 1119 517 1171 te
539 1111 577 1172 ad
600 1110 746 1172 orandum
769 1111 916 1190 impellat.
960 1109 1012 1169 Sic
1032 1111 1126 1189 igitur-

200 1191 330 1254 Ghristo
354 1192 392 1254 de
414 1199 466 1254 tua
489 1195 611 1254 miseria
634 1195 847 1272 conqueraris:

287 1276 374 1336 Bone
395 1276 526 1337 Domine
548 1277 631 1352 Iesu,
660 1296 719 1357 ego
743 1275 865 1355 quidem
888 1274 927 1335 ad
951 1293 1123 1334 sacramen-

200 1369 267 1418 tum
290 1358 418 1436 accedo,
440 1379 543 1420 verum
564 1360 678 1419 nullum
694 1379 731 1419 ea
753 1379 792 1429 ex
813 1378 846 1418 re
861 1359 960 1418 sentio
982 1357 1122 1432 fructum,

200 1461 328 1520 semper
348 1441 428 1502 idem
452 1461 573 1521 maneo⁷
596 1443 695 1503 sentio
718 1441 818 1502 adhuc
832 1441 1122 1519 concupiscentiam,

199 1526 296 1600 iram,
319 1524 466 1585 invidiam
489 1533 565 1601 eto,
587 1532 619 1587 et
639 1533 743 1585 manet
764 1523 846 1604 apud
868 1543 917 1583 me
939 1523 1057 1583 otiosus
1078 1523 1122 1581 in-

201 1626 280 1688 gens
302 1607 356 1669 ille
376 1607 546 1672 thesaurus.
591 1609 638 1668 Da
658 1610 758 1688 igitur,
784 1613 816 1666 ut
836 1607 967 1667 fructum
989 1605 1120 1683 aliquem

200 1690 427 1770 indempnem,
449 1710 486 1750 ao
508 1697 541 1750 ut
562 1692 691 1751 sentiam
713 1691 790 1751 alios
814 1695 929 1763 motus,
950 1689 1024 1748 item
1045 1687 1122 1747 alias

202 1774 343 1834 actiones
378 1772 417 1833 ab
456 1773 517 1834 hoo
553 1779 747 1834 sacramento
779 1773 872 1832 inseri
904 1772 1007 1831 animo
1041 1789 1121 1830 meo.

203 1855 296 1931 Quod
319 1856 344 1916 ai
366 1856 461 1916 semel
482 1858 622 1936 coeperis
643 1857 810 1932 immutari,
840 1855 908 1930 fiet,
937 1861 970 1912 ut
991 1851 1122 1913 subinde

204 1940 304 2018 magis
340 1937 544 2015 confirmeris,
583 1945 615 1999 et
645 1947 677 1998 ut
708 1941 738 1998 in
772 1937 837 1998 dies
869 1938 938 2016 plus
970 1933 1120 1996 bonorum

205 2041 333 2102 operum
357 2021 441 2083 edas.

285 2103 393 2182 Neque
416 2105 496 2163 enirn
519 2103 596 2163 haec
615 2104 677 2164 vita
698 2103 779 2163 aliud
803 2111 859 2180 est,
883 2121 973 2182 quam
997 2100 1119 2180 quidam

204 2186 346 2247 assiduus
368 2186 456 2264 fidei,
489 2186 622 2246 caritatis
645 2192 676 2245 et
698 2188 794 2246 crucis
817 2204 912 2260 usus,v
933 2204 994 2244 non
1017 2190 1120 2244 tamen

205 2273 234 2328 in
262 2268 327 2329 ullo
347 2269 514 2330 bominum
542 2269 677 2348 perfectu
707 2269 784 2329 haec
811 2270 868 2328 tria
890 2286 958 2327 esse
980 2274 1120 2345 possunt

204 2352 236 2412 lu
261 2351 383 2413 Christo
416 2351 538 2430 quidem
560 2351 696 2430 perfecta
720 2351 797 2411 haec
818 2352 955 2427 fuerunt,
991 2351 1042 2427 qui
1064 2367 1120 2408 ceu

204 2434 253 2494 sol
281 2435 456 2515 propositus
486 2440 532 2493 est
561 2433 649 2494 nobis
678 2435 868 2513 exemplum,
901 2431 983 2512 quod
1012 2451 1120 2491 omncs

204 2519 377 2593 imitemur,
399 2518 517 2577 etiamsi
540 2536 695 2596 nunquam
719 2519 871 2596 possimus
894 2516 1028 2592 assequi.

290 2599 420 2679 Semper
452 2600 544 2679 igitur
578 2601 713 2678 reperias
746 2597 928 2658 firmioribus
964 2597 1120 2656 immixtos

205 2681 353 2760 infirmos,
375 2701 477 2742 rursus
499 2681 546 2741 his
569 2701 691 2761 quoque
714 2683 832 2760 aliquos
846 2681 1004 2755 firmiores,
1027 2685 1119 2757 atque

205 2765 248 2825 illi
271 2765 393 2844 quidem
416 2766 527 2845 parvis,
549 2765 580 2824 hi
602 2765 768 2825 maioribus
790 2763 1013 2824 calamitatibus
1036 2781 1121 2822 exer·

206 2855 328 2926 centur,
351 2849 447 2908 atita
469 2867 577 2908 omnes
597 2847 764 2908 reddantur
785 2847 958 2907 conformes
980 2846 1121 2924 imaginis

206 2927 330 2992 Christi.
374 2931 424 2991 sie
447 2931 525 2989 enim
549 2938 654 2990 nostra
676 2931 754 2990 haec
776 2932 839 2989 vita
859 2948 928 2989 esse
950 2928 1058 3004 debet,
1090 2934 1123 2986 ut
1188 2948 1191 2954 ·

205 3013 243 3073 de
266 3012 328 3074 nde
349 3015 380 3073 iu
403 3013 509 3088 fidem,
537 3013 576 3072 dc
597 3015 723 3074 caritate
744 3015 775 3072 iu
799 3013 974 3087 caritatem,
1007 3009 1045 3070 de
1066 3029 1120 3089 pa-

205 3098 313 3158 tientia
334 3098 365 3155 iu
387 3097 581 3176 patientiam,
616 3096 654 3156 de
682 3115 772 3156 cruce
800 3097 830 3153 in
855 3113 974 3155 crucem
998 3111 1121 3172 progre-

206 3179 335 3241 diamur.

289 3263 397 3340 Neque
419 3261 512 3321 debet
534 3261 592 3320 dici
615 3261 694 3320 haec
715 3261 777 3320 vita
799 3260 927 3336 iustitia,
963 3257 1018 3317 sed
1039 3258 1126 3316 iusti·-

206 3346 327 3424 ficatio,
349 3364 411 3405 non
434 3346 565 3424 puritas,
590 3342 644 3404 sed
666 3343 848 3422 purificatio.
891 3340 1034 3402 Nondum
1052 3340 1120 3399 atti-

206 3430 307 3509 gimus
329 3427 412 3487 illam
437 3437 566 3501 metam,
589 3445 669 3506 quae
690 3425 779 3487 nobis
802 3427 961 3506 proposita
982 3429 1044 3500 est,
1067 3421 1121 3483 sed

206 3510 248 3572 au
288 3530 356 3573 eam
391 3510 618 3585 contendimus,
660 3516 691 3569 et
724 3510 783 3570 iam
820 3528 923 3568 sumus
959 3509 988 3565 iu
1024 3525 1122 3566 cursu.

207 3593 339 3669 Quidem
358 3593 484 3673 longius
506 3594 605 3654 evecti
624 3600 713 3668 sunt,
747 3592 869 3671 quidam
890 3600 992 3651 autem
1015 3588 1122 3668 procul

208 3678 286 3737 alios
310 3682 485 3754 sequuntur.
531 3675 679 3737 Probatur
707 3683 809 3736 autem
831 3675 896 3734 Deo
919 3679 1047 3734 conatus
1069 3689 1123 3732 no·

208 3767 284 3835 ster,
315 3760 340 3817 si
367 3757 468 3818 videat
488 3778 546 3819 nos
568 3759 606 3819 ad
629 3763 744 3819 metam
771 3756 978 3835 contendere„
1003 3755 1123 3816 etiamsi

197 3840 299 3899 adbuc
331 3840 456 3921 tongins
487 3842 528 3904 ab
560 3863 598 3905 ea
627 3841 780 3910 absimus.
818 3842 869 3907 Et
890 3841 951 3905 utin
975 3856 1058 3918 oque
1084 3842 1150 3907 urbs
