2709 4417
160 428 166 453 ι
248 356 312 422 254
480 355 572 410 Besol.
592 357 621 409 t.
639 368 724 424 super
744 357 934 423 Propcstticn.

249 541 426 620 iniquitatis,
450 540 501 619 qui
524 548 610 600 tanta
630 540 714 600 bona
731 537 892 600 fecerunt?
914 538 972 598 nisi
996 539 1069 616 qaia
1082 537 1153 598 bonis
1174 598 1187 611 ,,

250 625 330 683 male
353 625 400 682 usi
433 630 521 698 sunt,
557 624 677 682 etiamsi
699 620 762 683 hoc
793 621 874 680 male
899 621 988 696 usi¹)
1013 619 1078 680 aliis
1097 639 1152 700 pro·
1186 616 1187 655 l

248 707 378 768 fuerunt

332 788 487 867 Septimo,
517 789 542 845 si
564 789 661 846 iustus
684 788 715 846 in
737 785 838 866 gratia
858 803 923 844 non
945 791 1050 863 potest
1069 784 1151 845 lacere

249 869 381 946 bonum,
411 872 483 948 quin
506 870 598 930 simul
620 875 748 948 peccet,
782 874 899 947 quanto
923 868 1023 946 magis
1042 868 1151 927 iniusm

250 972 312 1013 non
334 953 408 1012 facit
425 952 562 1012 bonum?
581 951 629 1010 Ac
649 970 706 1030 per
718 951 778 1010 hoc
792 948 960 1026 concludo,
982 955 1036 1009 aut
1056 950 1162 1009 bonun'

248 1043 302 1094 aut
324 1035 435 1093 malum
458 1053 527 1093 esse
557 1040 658 1093 actum
691 1032 824 1093 hominis
847 1050 1075 1110 quemcunque,
1105 1051 1149 1092 ncc

249 1118 314 1177 dari
336 1125 437 1176 actum
461 1116 594 1176 medium
623 1123 654 1175 et
676 1122 824 1176 neutrum.
870 1113 1069 1174 Antecedens
1095 1133 1148 1193 pro

248 1198 370 1259 habitur
390 1198 550 1258 evidenter
572 1200 774 1258 conclusione
797 1204 958 1276 sequente.
984 1224 987 1231 ·
1176 1218 1179 1227 ’

287 1308 291 1313 ·
332 1281 434 1355 Quare
454 1281 494 1340 ad
516 1301 579 1340 rem
610 1281 832 1360 propositionis
853 1277 1033 1356 redeundo,
1068 1281 1147 1338 omnis

249 1364 439 1424 Christianus
461 1363 599 1441 quotidie
621 1364 771 1443 poenitet,
793 1363 866 1440 quia
887 1361 1028 1440 quotidie
1049 1369 1147 1440 peccat

249 1465 311 1506 non
333 1445 680 1527 quidemperpetrando
695 1447 830 1519 crimina,
853 1446 909 1503 sed
932 1463 996 1504 non
1011 1443 1146 1522 perficiet·
1185 1490 1187 1499 ,

248 1527 456 1598 demandata
479 1529 545 1590 Dei.
589 1528 628 1588 Et
650 1527 690 1586 ad
714 1528 773 1586 hoc
793 1526 989 1605 probandum
1012 1526 1148 1586 sufficeret

248 1613 396 1671 autoritas
405 1609 516 1673 Johan.
530 1612 561 1668 in
578 1610 778 1670 conclusione
795 1611 908 1688 posita,
931 1608 1016 1687 quod
1037 1608 1147 1668 fructilc

248 1713 300 1754 ros
314 1693 455 1773 palmites
471 1691 650 1770 quotidie²l
665 1699 776 1771 purgat
795 1692 941 1751 coelestis
963 1691 1106 1771 agrioola
1125 1691 1148 1750 Si

248 1774 483 1854 suntpurgandi,
492 1774 594 1849 sunt³)
606 1775 764 1851 immundi,
772 1775 798 1832 si
809 1772 912 1850 sunt³)
925 1773 1082 1852 immundi,
1094 1781 1149 1832 snut

249 1867 438 1938 peccatores,
453 1860 478 1916 si
487 1865 677 1937 peccatores,
693 1857 883 1936 poenitentia
892 1857 1042 1934 indigent.
1064 1856 1149 1930 Quare

248 1939 287 1999 ad
303 1959 357 2000 eos
378 1941 511 2018 pertinet
532 1938 657 2000 verbum
674 1938 802 1998 Christi:
824 1938 1050 1998 Poenitentiam
1071 1940 1147 2018 agite.

332 2022 487 2099 Secundo,
507 2022 582 2081 illud
596 2021 734 2081 eiusdem
759 2027 784 2083 l.
797 2020 911 2082 lohan.
935 2019 1078 2101 1.⁴):1si
1099 2022 1150 2079 dir:

249 2106 377 2181 erimus,
406 2107 478 2185 quia
509 2111 668 2183 peccatum
700 2122 763 2164 non
795 2103 960 2181 hebemus,
995 2122 1052 2164 nos
1081 2106 1148 2184 ipsos

249 2187 437 2265 seducimus,
459 2194 491 2246 et
511 2191 623 2249 veritas
644 2188 676 2246 in
704 2185 794 2245 nobis
816 2205 877 2244 non
895 2193 957 2249 est.
1000 2186 1096 2261 Quam
1111 2207 1148 2246 au·

248 2272 402 2330 toritatem
432 2271 467 2330 B.
489 2261 678 2350 Augustinus
714 2270 744 2327 in
767 2268 870 2327 multis
895 2268 989 2328 locis,
1009 2270 1147 2329 adducens

248 2352 400 2432 ponderat
420 2353 450 2411 in
474 2352 584 2429 verbo,
606 2351 771 2428 habemus,
802 2353 974 2428 praesentis
1008 2355 1146 2432 temporis,

247 2434 330 2513 quod
352 2453 415 2494 non
439 2434 531 2512 dicit,
563 2432 740 2510 habuimus,
775 2432 830 2492 sed
858 2433 1019 2494 habemus.
1061 2436 1146 2509 Quare

247 2516 385 2595 quotidie
406 2535 580 2596 peccamus,
603 2527 634 2575 et
651 2515 788 2595 quotidie
804 2522 965 2595 peccatum
988 2537 1146 2598 purgamus,

247 2600 290 2658 ita
312 2618 385 2677 ergo
408 2600 618 2678 poenitemus,
657 2600 716 2663 nisi
747 2600 970 2678 poenitentiam
994 2600 1078 2660 dicas
1097 2620 1145 2661 non

248 2699 317 2740 esse
340 2689 536 2761 peccatorum
559 2683 784 2760 purgationem,
806 2689 915 2740 contra
936 2685 1073 2742 omnium
1094 2703 1146 2742 sen·

248 2765 389 2842 tentiam,
416 2765 467 2842 qui
490 2766 704 2847 contritiopem
727 2763 836 2842 culpae
857 2763 1035 2825 deletricem
1058 2767 1146 2845 poeni·

248 2848 361 2905 tentiae
388 2848 580 2925 potissimam
613 2854 731 2926 partem
760 2853 886 2925 ponunt.
937 2848 1077 2928 Denique
1101 2851 1147 2909 hoo

247 2929 341 2989 verbo
364 2929 474 2991 lohan.
496 2931 587 2988 nixus
609 2930 642 2989 B.
660 2930 849 3008 Augustinus
871 2930 924 2990 lib.
947 2930 986 2990 de
999 2939 1146 2992 naturast

246 3014 354 3092 gratia,
376 3011 470 3102 audet
490 3011 607 3072 dicere:
630 3012 662 3072 Si
685 3030 793 3071 omnes
807 3011 911 3072 Sancti
933 3015 963 3072 in
986 3033 1147 3076 ununrcon·

247 3097 365 3174 gregati
378 3102 604 3173 quaererentur,
619 3114 658 3154 en
675 3101 837 3173 peccatum
850 3093 1010 3174 haberent,
1030 3099 1099 3176 quid
1114 3117 1147 3158 es·

247 3186 316 3238 sent
340 3177 472 3258 (inquit)
486 3178 604 3257 dicturi,
626 3196 733 3256 quam:
756 3177 787 3237 Si
801 3177 977 3257 dixerimus,
1001 3184 1073 3258 quia
1092 3200 1147 3262 pec·

247 3269 348 3321 catum
371 3280 434 3320 non
456 3260 618 3340 habemus,
638 3280 696 3321 nos
717 3262 802 3340 ipsos
824 3262 1014 3342 seducimus,
1037 3272 1069 3324 et
1087 3265 1148 3325 veri·

247 3352 293 3404 tas
315 3347 345 3404 in
367 3345 456 3404 nobis
483 3349 546 3405 nori
578 3351 633 3404 est
676 3344 718 3404 At
748 3345 863 3404 nullum
902 3356 1064 3428 peceatum
1095 3349 1148 3407 sine

246 3431 436 3510 poenitentia
457 3428 578 3489 tollitur.

327 3513 430 3573 Tertio
452 3512 526 3571 illud
549 3512 629 3576 Psal.
651 3510 747 3594 32⁵):
777 3514 846 3580 Pro,
864 3513 925 3572 hao
947 3514 1050 3575 orabit
1071 3512 1107 3573 ad
1126 3520 1148 3571 lc

246 3597 346 3655 omnis
367 3594 496 3655 Sanctus
519 3596 548 3654 in
574 3602 713 3674 tempore
736 3603 920 3675 opportuno.
965 3596 1048 3656 Ecce
1063 3595 1149 3657 omnis

268 3791 299 3854 1)
322 3789 354 3844 In
376 3791 442 3846 edd.
463 3790 554 3863 orig:
575 3784 724 3842 hoomalo
733 3800 797 3836 usu.
811 3781 1039 3858 ‘lllliiddeestx
1058 3778 1178 3842 qnotidie.

215 3863 255 3931 3)
264 3864 342 3924 ibid.
350 3865 450 3925 deest:
466 3872 546 3945 suut.
568 3841 1188 3927 tlibidaiolran.primofotlmdslrsmfm
