2709 4417
447 334 555 420 Lipsiae
571 353 600 403 in
618 365 682 404 arca
698 350 818 404 habitus.
1027 342 1090 411 223

204 553 428 617 permaneamus,
474 534 517 592 uti
547 533 702 614 Propheta
733 534 765 592 in
796 532 876 592 Psal.
898 533 948 595 42.
981 533 1089 611 inquit

203 617 335 678 lliusmodi
367 619 448 677 sitim
476 615 515 676 ad
537 616 634 677 Deum
667 624 700 676 et
725 616 764 681 ad
785 617 929 675 iustitiam
952 617 1089 694 perveni·

203 702 253 762 endi
270 703 365 780 gratia
386 701 503 778 incipit,
524 707 554 759 et
575 699 614 759 ad
638 707 767 760 mortem
779 717 876 778 usque
892 698 987 758 durat
1011 697 1091 772 Qua·

201 791 300 864 propter
333 786 420 844 iuxta
452 784 543 842 etiam
572 781 745 864 desperatio
777 783 825 841 sui
857 782 952 860 ipsius
981 781 1090 841 durare

201 868 277 945 debet,
299 874 331 927 et
353 869 399 927 sui
420 865 498 926 falsa
519 863 631 925 fiducia
653 864 832 950 omittenda.

250 1031 384 1092 Altera
405 1050 494 1111 pars
516 1032 561 1091 de
582 1010 784 1111 potestate
805 1029 886 1089 divi
909 1029 1020 1093 Petri.

259 1197 404 1275 Imperito
428 1197 520 1276 vulgo
544 1196 618 1256 nihil
641 1214 719 1275 opus
741 1201 803 1270 est,
826 1193 921 1254 multa
946 1193 985 1253 de
1008 1200 1092 1272 pote·

201 1286 254 1339 tate
287 1279 351 1339 divi
382 1279 464 1347 Petri
480 1287 546 1340 ,aut
570 1279 673 1358 Papae
701 1278 865 1357 disputare.
909 1277 942 1336 ln
965 1295 1002 1336 eo
1024 1276 1092 1355 plus

199 1364 266 1421 itum
289 1371 347 1438 est,
369 1368 403 1422 ut
424 1363 545 1439 sciatur,
568 1361 724 1440 quomodo
748 1380 786 1420 ea
804 1361 931 1421 feliciter
948 1357 1092 1418 utendum

199 1447 228 1506 it.
270 1445 385 1504 Verum
412 1452 474 1523 est,
507 1445 615 1506 claves·
643 1444 715 1505 divo
738 1444 828 1503 Petro
861 1461 930 1502 esse
957 1441 1093 1519 traditas,

199 1527 232 1587 sd
255 1546 317 1587 non
340 1528 398 1607 ipsi
422 1535 455 1589 ut
476 1546 550 1588 suae
571 1545 725 1607 personae
746 1526 801 1586 sed
822 1527 854 1585 in
865 1543 999 1604 persona
1011 1524 1095 1584 otri-

199 1611 297 1670 tianae
326 1610 495 1687 ecclesiae,
531 1609 672 1689 adeoque
706 1609 779 1668 mihi
812 1615 844 1669 et
881 1607 936 1668 tibi
964 1607 1094 1668 traditae

199 1700 249 1753 unt
284 1695 315 1752 in
349 1694 600 1754 consolationem
626 1691 882 1752 conscientiarum
912 1698 1092 1750 nostrarum.

199 1777 273 1842 livus
285 1776 392 1836 Petrus
416 1784 447 1837 et
468 1777 565 1854 quivis
588 1775 733 1835 sacerdos
756 1775 894 1834 minister
914 1775 1012 1833 estin
1035 1773 1094 1832 cla

199 1861 261 1918 ium
284 1859 397 1920 officio.
439 1858 581 1919 Ecclesia
609 1858 736 1918 domina
764 1865 795 1916 et
816 1876 930 1936 sponsa
952 1863 1015 1934 est,
1046 1857 1095 1915 oui

201 1943 293 2001 ervire
315 1941 408 2002 debet
429 1948 582 2021 potestate
604 1940 750 2018 clavium,
773 1941 815 1999 uti
838 1938 1016 2018 quotidiano
1039 1957 1094 1997 usu

199 2023 394 2104 *bservamum
431 2024 513 2103 quod
536 2031 728 2084 sacramenta
751 2023 902 2099 omnibus,
935 2023 985 2100 qui
1013 2040 1051 2081 ea
1076 2041 1095 2080 a

199 2107 389 2168 sacerdotibus
411 2115 528 2186 petunt,
551 2109 753 2186 porriguntur.

262 2191 356 2250 Porro
381 2199 414 2251 ut
433 2191 639 2270 percipiatur,
661 2188 819 2268 quomodo
841 2187 978 2247 clavibus
999 2187 1092 2259 felici·

199 2292 232 2332 ter
249 2274 392 2333 utendum
415 2275 464 2352 sit,
488 2271 681 2352 supradixi,
716 2291 785 2332 cum
808 2290 910 2331 coram
935 2271 1000 2329 [leo
1021 2271 1091 2329 iusti

199 2374 239 2415 seu
257 2357 373 2435 accepti
405 2375 474 2416 esse
497 2357 658 2434 cupimus,
695 2362 724 2414 et
753 2360 877 2414 nostrae
898 2352 1091 2432 possibilitati

199 2441 322 2499 nuncium
343 2438 545 2517 remittendo,
576 2439 693 2518 gratiae
715 2456 845 2517 capaces
867 2438 929 2496 iam
950 2435 1022 2495 facti
1045 2455 1092 2495 su·

199 2541 258 2581 mus.
297 2522 411 2582 Postea
437 2523 468 2581 in
501 2540 539 2581 eo
560 2527 678 2581 tantum
704 2538 754 2582 res
776 2521 835 2581 sita
856 2526 917 2594 est,
953 2520 996 2578 uti
1017 2519 1091 2578 scia-

201 2623 267 2683 mus,
291 2624 329 2664 an
358 2606 457 2685 gratia
479 2605 536 2664 Dei
558 2604 686 2664 obtenta
705 2605 760 2680 sit,
783 2603 833 2662 vel
855 2621 953 2664 secus,
996 2601 1092 2680 Siqui-

201 2685 252 2746 dem
272 2688 349 2748 scire
372 2693 508 2767 oportet,
536 2686 693 2765 quomodo
723 2705 791 2746 cum
813 2687 881 2745 Deo
909 2684 998 2745 nobis
1020 2704 1092 2745 con·

202 2771 292 2849 veniat,
314 2773 341 2829 si
363 2770 456 2831 modo
480 2771 699 2830 conscientiam
718 2769 880 2829 exhilarari
903 2775 934 2828 et
954 2768 1092 2828 roborari

202 2853 329 2913 volumus.
372 2853 517 2930 Etenim,
541 2854 654 2931 siquis
679 2852 897 2930 dubitet,·neo
920 2858 1004 2911 certo
1025 2870 1090 2930 per·

201 2952 286 2995 suasus
309 2938 366 3013 sit,
389 2956 422 2997 se
445 2937 608 3016 propitium
632 2936 729 2994 lleum
751 2934 880 3011 habere,
911 2946 994 2993 certe
1021 2953 1092 2993 eum
1126 2978 1129 2990 .

202 3036 247 3077 mn
279 3018 381 3079 habet.
424 3018 509 3079 Sicut
540 3017 656 3095 credit,
689 3020 733 3077 ita
764 3025 796 3077 et
816 3017 914 3077 habet.
960 3016 1091 3077 Proinde

201 3118 271 3161 remo
299 3105 380 3162 scire
412 3109 530 3182 potest,
567 3101 647 3180 quod
670 3102 700 3160 in
723 3102 824 3180 gratia
857 3102 897 3159 sit
930 3106 962 3158 et
993 3100 1091 3161 Deum

199 3185 342 3263 propitium
365 3185 494 3262 lrabeat,
527 3186 584 3244 nisi
618 3204 673 3262 per
706 3182 807 3243 fidam.
851 3182 882 3242 Si
906 3182 1002 3242 credit
1022 3183 1092 3260 hoc,

199 3266 280 3328 salvus
302 3276 370 3344 est,
394 3269 504 3328 sinon
527 3267 643 3343 credit,
666 3267 888 3326 condemnatus
911 3273 966 3326 est
1009 3265 1093 3325 Talis

199 3350 260 3409 anim
281 3350 395 3410 fiducia
431 3354 464 3410 et
495 3351 577 3410 bona
601 3351 792 3410 conscientia
817 3367 890 3408 vera
911 3356 942 3407 et
964 3349 1092 3427 probata

199 3431 256 3493 fides
276 3442 334 3512 est,
356 3453 436 3512 quae
457 3433 514 3492 Dei
536 3434 665 3513 gratiam
687 3433 776 3492 nobis
800 3431 905 3492 adfert.

263 3517 355 3590 Vide,
384 3517 445 3575 huo
466 3516 520 3575 tibi
543 3517 645 3575 claves
668 3516 869 3591 ancillantur,
903 3513 940 3573 ad
963 3513 1024 3573 hoc
1046 3533 1093 3574 aa·

199 3600 318 3661 cerdctes
352 3601 483 3659 instituti
512 3608 591 3660 sunt.
635 3599 710 3659 Cum
738 3599 833 3658 sentis
862 3616 916 3655 cor
938 3603 1021 3655 tuum
1043 3619 1093 3657 va

199 3682 282 3744 sillare
304 3690 357 3743 aut
378 3681 533 3760 dubitare,
568 3703 602 3741 se
631 3700 692 3741 non
722 3700 792 3742 esse
815 3681 847 3739 iu
868 3681 965 3761 gratia
985 3698 1090 3741 coram

199 3763 279 3821 l'n'nr's
300 3765 415 3835 oculis,
440 3770 502 3822 tum
524 3757 664 3847 peropus
689 3776 739 3832 est
761 3767 830 3847 tibi,
850 3774 886 3828 nt
907 3763 1109 3825 sacerdotem

199 3843 303 3917 &1¹³³ae
338 3851 371 3901 et
398 3843 636 3925 l&solutionem
670 3855 873 3920 delictorum
905 3859 1040 3914 tuorum
1069 3867 1129 3927 ua·
