2709 4417
264 316 328 431 liii]
478 364 633 434 Disputatio
651 364 760 433 Lipsiae
783 364 880 417 habita
898 379 922 418 a
941 362 1003 416 ΧΙΧ

266 548 443 617 testimonia
465 549 635 610 clarissima
661 568 719 628 pro,
744 548 922 629 purgatorio
949 553 1024 615 sunt
1044 546 1164 628 adducta·

263 652 330 694 non
352 652 407 713 pro
431 640 512 693 statu
534 633 702 692 animarum
725 633 754 692 in
778 632 966 712 purgatorio.

348 717 416 776 Jam
449 716 503 776 illa
534 717 681 776 autoritas
703 715 822 775 Eccles.
847 718 901 779 11:
934 714 970 775 Iu
1005 731 1167 793 quocunque

266 800 336 861 loco
366 797 510 859 ceciderit
537 799 673 879 lignum,
711 800 776 859 sive
810 797 848 858 ad
883 803 1021 858 austrum
1052 797 1114 858 sive
1138 797 1168 859 sd

265 881 457 962 aquilonem,
479 882 519 942 ibi
542 883 614 960 erit,
652 881 702 941 ubi
724 882 830 962 glossa
853 880 1009 943 ordinaria
1029 879 1167 960 intelligit:

265 965 378 1044 locum,
400 985 490 1045 quem
502 965 553 1024 hic
575 964 627 1025 tibi
647 965 889 1046 praeparaveris,
910 962 1050 1038 habebis,
1070 963 1169 1043 nesdo,
1216 972 1218 977 '

266 1067 328 1128 quo
349 1049 474 1129 ingenio
488 1047 526 1108 ad
548 1050 740 1128 propositum
752 1047 899 1126 ducatur,
921 1048 947 1108 si
970 1047 1050 1106 enim
1072 1046 1169 1125 pala

266 1150 335 1193 cum
357 1138 570 1211 praeparatum
593 1131 624 1206 ¹)
647 1131 792 1211 intelligit
818 1131 1040 1210 purgatorium,
1064 1148 1170 1191 manao

219 1207 245 1251 ⁸-
265 1213 337 1275 dum
359 1215 466 1275 erit·iu
490 1221 647 1274 aeternum
680 1215 711 1273 in
733 1215 932 1295 purgatorio,
960 1214 986 1273 si
1015 1219 1114 1273 autem
1136 1214 1170 1273 in·

265 1297 388 1377 telligit,
411 1296 493 1376 qnod
516 1299 541 1357 si
561 1297 611 1356 hic
632 1298 873 1377 praeparaveris,
896 1295 928 1356 id
950 1302 1008 1374 est,
1030 1297 1170 1373 merueris,

265 1386 338 1441 tunc
360 1399 422 1440 non
444 1381 516 1440 iacit
537 1379 575 1441 ad
597 1382 791 1441 autoritatem
813 1380 932 1440 Eccles.
956 1382 1011 1456 11,
1040 1380 1089 1457 qui
1110 1378 1170 1439 nibil

265 1463 304 1524 de
326 1465 435 1523 merito
458 1463 601 1542 loquitur,
623 1462 677 1524 sed
700 1463 739 1523 de
762 1469 860 1524 morte
880 1462 1022 1523 hominis.

345 1545 484 1608 Transeo
507 1546 595 1625 illud,
616 1547 699 1626 quod
722 1546 859 1607 Christus
869 1543 906 1625 ¹²)
931 1544 1015 1623 dicit,
1036 1545 1068 1605 in
1089 1544 1169 1606 dumo

265 1629 360 1690 Patris
372 1630 419 1690 sui
441 1648 511 1690 esse
522 1630 633 1690 multas
650 1631 834 1706 mansiones,
857 1635 888 1688 et
910 1627 993 1707 quod
1006 1634 1090 1688 certa
1104 1647 1170 1689 mau-

264 1714 311 1774 sio
334 1713 475 1772 morienti
498 1713 679 1791 deputatur,
715 1713 794 1773 ultra
821 1731 914 1790 quam
944 1710 1112 1772 ascendere
1129 1729 1169 1771 ne·
1212 1762 1217 1769 .

265 1797 338 1875 quit.
381 1792 500 1856 Totuni
527 1815 582 1876 pro
619 1815 667 1855 me
690 1802 745 1858 est.
789 1795 879 1872 Scio,
908 1793 992 1874 quod
1023 1795 1170 1872 unicuique

265 1880 384 1941 mansio
406 1877 568 1958 deputatur
589 1885 660 1958 post
681 1887 820 1959 mortem,
842 1877 896 1938 sed
918 1896 985 1938 non
996 1877 1099 1938 statim
1117 1895 1169 1956 per·

264 1964 348 2023 venit
368 1961 407 2022 ad
430 1964 620 2023 mansionem
638 1970 710 2041 post
731 1969 881 2038 mortem,
911 1961 970 2021 nisi
994 1961 1169 2020 mansionen
1216 2020 1218 2027 ,

264 2047 373 2106 iterum
395 2065 450 2124 pro
473 2046 650 2124 purgatorio
673 2046 814 2125 accipiat,
836 2051 868 2116 et
889 2044 935 2104 sic
955 2043 1121 2104 morientes
1139 2041 1168 2102 sb
1215 2040 1218 2051 ’

265 2135 392 2189 aeterno
415 2144 511 2208 regno
533 2128 678 2188 excludit.
1208 2170 1210 2175 -

345 2211 419 2271 Item
443 2218 474 2273 et
493 2210 567 2271 illud
590 2211 788 2271 Damascen.:
804 2210 872 2270 Hoc
893 2209 1070 2270 hominibus
1092 2227 1167 2287 mors,
1205 2252 1211 2269 -.

265 2293 348 2374 quod
369 2295 488 2375 angelis
510 2312 608 2354 casus.
632 2292 834 2373 Respondeo:
863 2292 895 2352 si
919 2311 993 2373 ergo
1015 2297 1088 2372 post
1106 2311 1167 2352 mor·
1208 2348 1214 2371 ,

264 2384 327 2437 tem
351 2377 545 2437 cecideritin
568 2379 788 2457 purgatorium,
810 2377 955 2454 sequitur,
979 2376 1062 2455 quod
1076 2376 1111 2435 in
1129 2393 1167 2435 ae-

264 2467 382 2521 ternum
403 2459 596 2540 purgabitur,
619 2467 671 2521 aut
693 2465 816 2539 oportet
838 2460 1081 2538 Damascanum,
1105 2459 1167 2517 sicut
1207 2501 1218 2537 ,-

264 2549 296 2603 st
317 2545 421 2603 omnia
441 2542 674 2625 praecedentia,
706 2542 837 2622 intelligi
868 2541 907 2601 de
929 2540 1048 2602 duabus
1070 2540 1166 2601 ultimis
1212 2610 1218 2617 .

264 2626 483 2706 mansionibus,
505 2626 710 2686 damnationis
733 2633 763 2685 et
780 2623 986 2700 beatitudinis,
1010 2632 1041 2685 et
1061 2643 1120 2685 non
1137 2622 1166 2682 de
1215 2694 1218 2700 .

264 2711 452 2789 purgatorio.

346 2792 391 2852 lta
415 2800 445 2852 et
465 2792 519 2851 illa
539 2791 658 2851 Eccles.
683 2793 717 2854 9:
753 2789 966 2868 Quodcunque
987 2789 1101 2869 poterit
1119 2806 1167 2847 ms·

264 2894 321 2934 nus
342 2882 394 2934 tua
415 2877 564 2936 instanter
586 2893 734 2954 operare,
763 2875 835 2953 quia
856 2890 913 2933 nec
934 2874 1013 2933 ratio
1038 2891 1096 2932 nec
1114 2889 1167 2931 sen·

264 2975 315 3017 sus
338 2958 419 3037 apud
441 2958 554 3018 inferos
576 2966 641 3035 est,
664 2975 725 3036 quo
747 2964 779 3017 tu
801 2975 958 3037 properas.
1002 2955 1033 3016 si
1056 2954 1095 3014 de
1113 2973 1166 3034 pur-

263 3042 384 3120 gatorio
407 3041 564 3122 iutelligit,
592 3042 700 3101 iterum
723 3040 930 3120 purgatorium
961 3039 1020 3098 erit
1038 3037 1166 3111 infernus,

265 3143 339 3204 ergo
361 3124 460 3185 solum
482 3123 521 3184 de
542 3122 680 3200 inferno,
704 3126 779 3184 citra
800 3124 980 3183 memoriam
1003 3118 1165 3201 purgatorii,

265 3205 296 3267 lo
319 3208 408 3267 nitur.

299 3225 317 3285 q
346 3290 519 3350 iohannem
548 3290 761 3373 Capistranum
791 3288 921 3348 libenter
952 3286 1099 3363 admitto,
1123 3281 1163 3342 sed

265 3381 352 3433 extra
375 3374 615 3434 contentionem.
1013 3431 1015 3433 ,

347 3457 426 3533 lam,
448 3456 529 3535 quod
552 3455 725 3536 apostolum
734 3453 835 3516 Galat.
858 3457 886 3517 6.
908 3452 981 3514 dicit
1003 3459 1162 3514 contrane

265 3544 357 3599 stram
382 3540 562 3600 sententiam
585 3539 685 3618 loqui:
710 3537 798 3612 Quae
820 3536 912 3596 homo
935 3536 1124 3595 seminaverit
1139 3533 1161 3590 in

245 3821 252 3833 '
284 3810 319 3879 4)
342 3812 373 3866 ln
395 3811 443 3868 ed.
465 3815 541 3884 orig,
562 3809 697 3865 additum
715 3809 845 3877 legitur:
864 3807 893 3852 et
905 3801 1071 3852 nundinum.

298 3903 332 3977 ‘l
356 3903 425 3964 Joh.
449 3905 497 3964 14.
