2709 4417
219 326 296 418 320*
450 350 543 406 Resol.
564 348 591 404 L.
611 365 695 419 super
710 348 907 419 Proposltionc

221 537 396 619 apostolos,
419 539 598 617 praesertim
621 537 759 616 Paulum,
782 536 868 598 dona
890 554 947 596 sue
968 533 1121 597 diffudiliu

220 621 316 681 multo
340 621 443 699 plures
466 639 555 700 quem
581 639 636 700 per·
651 620 783 697 Petrum,
807 625 842 679 ut
864 618 940 679 mihi
965 619 1122 679 miraculum

222 704 270 783 sit,
293 708 354 762 tam
377 703 528 782 profunde
540 703 628 763 huius
651 701 807 782 pontificis
826 710 966 763 mentem
977 703 1066 761 luisse
1085 719 1124 762 oc

222 792 382 865 eupatam,
405 792 439 845 ut
460 786 538 846 baec
560 785 696 845 scribens
719 805 781 845 uon
806 785 987 846 meminisse
1008 785 1125 864 potuerit

222 868 309 928 Pauli
330 871 362 927 et
383 867 513 929 eliorum
526 867 744 948 apostolorum.
789 866 821 927 Si
834 885 909 948 ergo
928 866 1062 943 dixisset,
1081 886 1125 946 per

222 969 313 1030 quem
336 949 418 1009 dona
445 970 500 1011 sua
523 953 554 1010 in
578 969 689 1030 corpus
711 949 913 1029 diffunderet,
946 957 1029 1010 recte
1049 947 1125 1008 diris·

223 1041 287 1111 set3
309 1031 415 1092 sedin
437 1035 580 1110 nomine,
602 1051 729 1112 corpus,
751 1033 877 1092 nimium
901 1032 1016 1092 dictum
1037 1037 1088 1092 est.

304 1114 448 1194 Sequitur
476 1116 557 1176 idem
579 1116 656 1175 Leo:
691 1115 779 1174 Hunc
803 1116 964 1191 (Petrum)
996 1115 1073 1175 enim
1101 1115 1124 1174 is

224 1201 412 1258 consortium
436 1198 612 1259 individuae
636 1198 758 1258 unitatis
780 1204 989 1278 assumptum,
1010 1195 1041 1256 id
1057 1196 1124 1276 quud

223 1280 290 1359 ipse
312 1287 386 1358 eret,
409 1281 506 1341 voluit
520 1282 671 1341 nominari
686 1280 833 1341 diceudo:
855 1280 901 1340 Τιι
926 1299 961 1340 es
973 1280 1084 1358 Petrus,
1102 1287 1125 1340 ct

224 1381 317 1442 super
341 1363 420 1422 hanc
442 1372 559 1443 petram
582 1361 754 1423 aedificabo
776 1362 942 1423 ecclesiam
967 1381 1077 1438 meam,
1100 1370 1125 1422 ut

225 1446 342 1506 aeterui
365 1446 470 1525 templi
483 1445 657 1506 aedificatio
667 1444 795 1506 mirabili
810 1464 938 1506 munere
959 1444 1123 1525 gratiaellei

226 1529 258 1588 in
280 1528 361 1589 Petri
383 1527 538 1588 soliditate
561 1529 753 1589 consisteret.

305 1611 418 1671 lterum
440 1630 495 1692 per
516 1610 703 1671 soliditatem
721 1610 802 1671 Petri
823 1629 887 1671 non
908 1609 1002 1670 fldem
1024 1610 1122 1669 univer·

224 1694 297 1754 salis
319 1694 469 1772 eclesiae,
502 1694 556 1754 sed
592 1699 778 1774 potestatem
799 1693 961 1753 Romanae
990 1691 1122 1753 ecclesias

223 1775 391 1856 siguificat,
427 1785 458 1836 et
479 1776 604 1838 verbum
629 1775 755 1853 Christi,
783 1776 839 1835 sub
861 1794 998 1856 persona
1015 1775 1120 1854 propriu

222 1858 313 1938 Petri,
337 1878 400 1918 nou
422 1865 523 1921 autem
546 1858 707 1936 ecclesiae,
731 1859 843 1938 accipit
855 1857 981 1937 dictum,
1001 1863 1035 1917 ut
1053 1856 1119 1916 claro

222 1959 262 2001 ex
283 1941 480 2020 sequentibus
501 1947 602 2022 patet,
625 1942 675 2001 ubi
699 1940 788 2001 dicit:
810 1942 925 2000 Verum
949 1940 1028 1999 hauc
1047 1937 1119 1998 drui-

224 2030 319 2084 tatem
341 2024 420 2084 Petri
441 2025 529 2085 istius
552 2025 794 2103 sanctissimam,
827 2024 896 2084 Deo
922 2028 974 2095 (ut
994 2022 1119 2093 diximus)
1166 2076 1167 2091 ,

225 2105 409 2168 aedificante
431 2115 646 2185 constructam,
669 2107 759 2167 nimis
772 2105 942 2186 vultimpia
963 2122 1120 2185 praesunp
1165 2094 1167 2127 ¹

227 2191 311 2250 tione
334 2191 469 2269 violare,
508 2192 643 2270 quisquis
666 2191 731 2251 eius
754 2195 937 2270 potestatem
971 2193 1066 2249 tentat
1090 2189 1121 2247 iu·

229 2273 370 2354 fringens,
392 2273 525 2335 favendo
548 2276 610 2334 suis
634 2272 859 2353 cupiditatibus,
882 2279 914 2332 et
934 2271 967 2332 id
990 2270 1121 2351 quodue

229 2358 310 2436 cepit
330 2375 349 2415 a
370 2355 524 2417 veteribus
547 2376 608 2416 nou
631 2354 799 2434 sequendo.

309 2439 391 2499 Ecce
414 2441 567 2522 seipsum
592 2440 736 2519 exponit,
758 2437 946 2498 soliditatem
970 2438 1050 2498 Petri
1070 2455 1123 2496 esse

227 2528 412 2603 potestatem
434 2523 594 2583 Romanae
617 2522 777 2598 ecclesiae,
797 2521 878 2581 idem
901 2539 958 2601 per
979 2519 1124 2580 secretissi-

228 2623 308 2665 mam
331 2603 422 2665 fldem
445 2606 583 2685 spiritus,
618 2612 650 2664 et
671 2611 829 2664 externam
851 2602 1067 2664 iurisdictionis
1086 2620 1125 2681 po·

227 2694 368 2748 testatem
392 2689 582 2768 intelligens,
619 2707 682 2747 non
711 2688 777 2747 sine
799 2686 884 2747 verbi
908 2684 1076 2767 evangelici
1095 2687 1126 2743 iu·

227 2771 313 2832 iuria.
357 2771 426 2832 Nou
449 2789 523 2852 ergo
544 2772 682 2851 infringit
699 2770 884 2830 soliditatem
898 2769 990 2844 Petri,
1013 2769 1064 2848 qui
1085 2765 1127 2826 sub

228 2852 346 2934 legibus
368 2854 529 2914 Romanae
551 2853 702 2914 ecclesiae
724 2872 787 2913 uon
809 2853 899 2929 vivit,
929 2851 985 2912 sed
1008 2852 1128 2930 quinon

229 2936 260 2995 id
285 2935 393 3015 credit,
416 2936 498 3015 quod
521 2936 627 2996 Petrus
649 2936 809 2997 confessus
832 2942 887 2995 est.

310 3019 468 3080 Protest0r
495 3027 596 3079 autern
631 3037 709 3098 ego,
744 3017 826 3097 quod
850 3018 986 3077 Decreta
1020 3015 1129 3095 quiden

225 3101 398 3162 huiusmodi
419 3121 480 3162 nou
503 3103 625 3164 damno.
668 3101 751 3161 Nihil
773 3101 854 3160 enim
869 3118 959 3160 mese
977 3099 1068 3160 saluti
1091 3098 1131 3158 dc-

228 3185 320 3265 perit,
348 3186 373 3244 si
395 3184 494 3247 tolero
518 3186 643 3245 alicuius
666 3184 833 3244 violentam
856 3182 1034 3263 scripturae
1054 3182 1131 3241 iuter·

228 3269 447 3347 pretationem,
487 3268 580 3328 modo
614 3287 687 3327 vera
714 3273 745 3326 et
775 3265 912 3347 legitima
941 3265 1134 3347 intelligentia

226 3351 312 3409 iuxta
333 3351 419 3410 selva
441 3353 489 3413 sit.
533 3350 593 3412 Sed
615 3351 675 3411 hoc
697 3350 833 3426 adnitor,
856 3355 974 3409 utrem
999 3352 1031 3410 et
1053 3347 1132 3408 fldem

228 3439 363 3493 nostrem
387 3434 541 3494 constanti
569 3440 600 3493 et
631 3432 731 3493 solida
759 3432 962 3513 intelligentie
993 3430 1134 3492 discemus

227 3514 359 3576 firmare.-
402 3515 550 3591 Quamvis
574 3517 655 3576 enim
678 3514 831 3577 eiusmodi
859 3514 1026 3575 abusiones
1049 3514 1135 3593 Scrip

227 3602 314 3658 turae
337 3598 460 3660 valeant
478 3601 596 3679 prolis,
620 3599 670 3678 qui
685 3600 746 3659 iam
761 3598 898 3676 credunt,
922 3605 954 3657 et
967 3596 1137 3658 tolerandae

227 3680 305 3758 sint,
319 3688 427 3743 tamen
452 3690 574 3762 oportet
596 3684 698 3759 etiarn,
721 3682 747 3741 si
771 3700 840 3742 cnm
862 3681 1069 3741 contentiosis
1090 3678 1139 3741 ori·

223 3768 294 3826 atur
314 3763 442 3849 bellum,
461 3765 581 3829 habere
589 3765 765 3844 simplicem
779 3773 1007 3841 etgermanum
1024 3780 1142 3821 seusun

216 3848 345 3937 Christi,
368 3856 425 3940 qui
448 3861 537 3918 stare
555 3853 593 3915 in
616 3848 798 3912 acieuictor
810 3843 929 3922 possut,
940 3855 988 3896 ue
1006 3839 1166 3895 eustesium
