2709 4417
456 352 531 407 1111.
549 352 584 406 ds
600 355 738 420 potestate
756 351 855 417 Papae
1055 341 1118 408 383

200 539 346 617 spostolo
369 540 537 619 praefertur
549 538 730 614 Edisseuae,
751 557 831 616 quae
852 533 1027 616 apostolum
1038 532 1118 594 Tho·

200 641 280 680 mam
321 621 438 683 habet?
487 623 548 684 Cur
581 621 862 700 hierosolymitana
893 618 939 677 his
978 616 1119 677 omuibus

200 706 308 782 quinto
338 705 410 764 looo
440 708 648 785 postponitur,
680 723 759 782 quaa
785 703 953 775 Christum,
986 700 1118 776 Ratrum,

200 787 363 864 laoobum,
386 787 569 865 Iohannem,
596 790 669 847 item
691 787 836 846 Iacobum
859 784 1034 857 oolumnas,
1069 781 1120 863 (ut

200 869 315 928 Paulus
337 869 438 930 Galat.
460 872 489 934 2.
517 871 638 931 soribitl
663 869 777 948 habuit,
799 876 830 928 et
851 869 1009 926 universos
1031 865 1119 925 disni-

200 951 316 1030 pulos?
343 953 448 1030 Vides,
470 972 560 1031 quam
584 955 623 1012 sit
644 952 729 1012 nulla
749 949 848 1011 ratio?
871 969 961 1028 quam
982 948 1119 1008 Chrisurs

200 1034 451 1096 studiose'huius
480 1038 627 1115 primatus
648 1034 845 1095 ambitionem
870 1032 1062 1112 praevenerit
1077 1029 1119 1103 ¹),

200 1125 232 1177 et
252 1136 364 1178 causas
386 1118 523 1178 eiusdem
546 1121 667 1198 penitus
689 1115 882 1178 aoniuderiti

284 1200 415 1261 Decima
440 1209 543 1277 sexta,
576 1203 602 1261 si
635 1200 675 1263 ad
708 1199 794 1259 solos
817 1199 896 1258 Petri
924 1214 1119 1257 suooassores

200 1285 337 1363 pertinet
363 1283 488 1344 verbum
516 1284 643 1345 Christi:
677 1283 723 1342 Tu
753 1302 786 1342 es
816 1283 938 1356 Petrus,
972 1288 1004 1339 et
1023 1278 1119 1339 Pasoe

201 1385 289 1443 oves,
313 1368 376 1445 pari
399 1367 526 1445 sequela
542 1365 756 1427 oouoludetur:
780 1364 880 1424 Solius
892 1363 1036 1423 lobannis
1053 1380 1119 1422 suo-

201 1468 344 1509 oessores
373 1469 441 1509 esse
463 1448 543 1509 filios
566 1450 679 1509 Mariae
711 1451 740 1507 in
763 1466 853 1508 eruce
877 1444 1120 1520 commendatos,

201 1531 288 1592 solos
321 1532 389 1610 plus
417 1533 526 1592 ueteris
559 1531 706 1608 dilectos,
743 1531 815 1609 quia
849 1530 929 1588 huno
962 1526 1060 1587 solum
1090 1528 1119 1585 in

202 1633 295 1674 oruoa
317 1614 467 1674 allocutus
491 1617 579 1675 matri
601 1612 838 1674 commendavit.
860 1611 902 1672 Er
925 1631 943 1672 o
967 1610 1005 1670 ab
1021 1609 1120 1689 Ephe-

202 1698 279 1756 sinis
303 1698 458 1777 episeopis
475 1698 746 1777 accipiuntoeteri,
768 1703 802 1755 ut
823 1696 885 1754 sint
902 1631 957 1753 biii
969 1692 1120 1753 eoelesiaa

201 1788 234 1840 et
254 1780 380 1839 Mariae.
422 1781 497 1840 Item
531 1781 589 1840 soli
617 1797 812 1839 suooessores
830 1777 933 1837 laoobi
962 1785 994 1836 et
1015 1774 1120 1835 lohan-

202 1863 251 1922 nis
273 1870 380 1922 esseut
406 1862 460 1922 lilii
482 1864 621 1939 tonitrui,
657 1870 689 1922 et
715 1861 774 1921 soli
802 1879 995 1921 suecessores
1016 1856 1119 1919 laoobi

201 1946 330 2005 minoris
354 1945 494 2024 essent2)
529 1946 636 2006 iratres
659 1945 800 2020 Domini,
833 1950 865 2003 at
894 1943 1020 2003 omnino
1055 1960 1119 2002 om·

201 2029 305 2105 nium,
334 2027 372 2087 ad
396 2047 472 2108 quos
495 2028 631 2089 Christus
653 2027 750 2088 semel
769 2027 892 2087 'locutus
913 2034 977 2102 ast,
1000 2042 1120 2084 suoeas·

202 2130 290 2170 sores
318 2110 467 2171 habereut
495 2111 604 2171 eadem
631 2112 696 2171 iure
728 2110 843 2172 divino.
886 2107 954 2183 Quo
977 2106 1049 2186 quid
1071 2125 1120 2167 va·

201 2195 271 2253 nius
294 2192 354 2252 diei
376 2193 498 2273 potest?

289 2276 434 2352 [Decima
467 2277 613 2356 septima,
648 2278 674 2336 si
702 2277 787 2356 Papa
815 2281 898 2335 esset
923 2276 988 2334 iura
1014 2272 1120 2333 divino

202 2378 296 2438 super
318 2378 425 2419 omnes
453 2358 560 2419 fideles
583 2359 750 2434 ecolesiae,
784 2357 884 2417 nullus
915 2365 1021 2436 posset
1053 2374 1121 2413 eum

202 2440 383 2520 absolvere,
414 2461 472 2502 neo
493 2441 691 2502 confitentem
713 2441 829 2502 audire.
872 2439 949 2515 Quia
976 2437 1120 2517 quidquid

202 2526 276 2583 iuris
298 2524 393 2584 divini
417 2534 481 2600 est,
514 2525 703 2585 immutabile
732 2531 793 2600 est,
825 2541 883 2583 neo
910 2521 972 2581 ulla
1002 2521 1121 2580 ratione

203 2614 310 2687 potest
330 2627 364 2667 sa
386 2607 474 2667 alteri
494 2607 689 2683 submittere,
701 2643 703 2646 -
716 2616 749 2667 et
770 2612 953 2686 potestatam
975 2622 1067 2683 super
1087 2622 1122 2662 ae

204 2691 279 2770 pati,
302 2690 369 2749 sine
390 2691 462 2749 iuris
485 2690 581 2749 divini
598 2691 719 2750 iniuria.
759 2689 829 2750 Non
852 2689 932 2748 enim
956 2694 1058 2766 potest
1078 2687 1122 2745 in·

203 2774 298 2832 serior
319 2773 458 2852 superior
479 2772 544 2833 fieri
566 2773 634 2834 ullo
651 2780 758 2853 paeto,
786 2772 844 2832 nisi
867 2771 1024 2831 hominurn
1047 2768 1123 2829 arbi-

205 2857 274 2917 trio.
318 2855 368 2915 lus
391 2855 525 2915 divinum
549 2863 610 2916 stat
630 2855 723 2915 fixum
745 2857 775 2915 in
798 2873 837 2915 eo
860 2853 942 2932 quod
965 2854 1039 2929 ast]
1104 2895 1109 2913 .

288 2938 324 2999 In
347 2937 407 2998 fine
436 2937 524 3015 dico,
553 2958 602 2998 me
629 2940 763 3013 nescire,
792 2957 831 2998 an
854 2936 1025 2996 Christiana
1046 2933 1122 2994 fides

205 3021 268 3100 pati
291 3023 410 3101 possit,
442 3021 512 3098 inl)
538 3023 625 3081 terris
653 3020 736 3082 aliud
766 3028 859 3100 eaput
885 3019 1035 3079 ecelesiae
1058 3019 1121 3077 uni-

205 3103 334 3163 versalis
357 3105 466 3182 statui,
493 3113 614 3183 praeter
635 3104 798 3164 Christum.
841 3103 934 3178 Sunt,
968 3102 1019 3180 qui
1039 3100 1123 3160 Chri·

206 3194 285 3245 stum
320 3186 350 3246 iu
368 3188 530 3248 eeclesiam
554 3187 790 3266 triumphantem
813 3186 967 3262 reiieiunt,
999 3191 1033 3242 ut
1064 3183 1123 3242 ao

206 3288 331 3329 manum
360 3268 535 3349 pontificem
570 3271 726 3330 militantis
758 3269 908 3330 eeclesiae
936 3274 1028 3346 eaput
1052 3285 1123 3326 eon·

205 3355 349 3429 atituant,
378 3361 486 3413 oontra
506 3372 685 3432 expressum
707 3352 909 3432 Evangelium
932 3349 1035 3410 blattb.
1058 3349 1122 3408 ulti

208 3455 274 3495 mo:
297 3435 380 3494 ane
402 3455 461 3515 ego
485 3436 641 3495 vobiscum
663 3455 730 3495 sum
752 3434 910 3515 usquead
933 3451 1123 3492 consumma

207 3518 323 3577 tionem
352 3519 458 3580 seculi.
501 3518 541 3578 Et
574 3517 648 3578 illud
682 3518 788 3580 Actor.
827 3521 862 3581 9:
897 3516 988 3577 Saule
1021 3514 1124 3590 Saule,

207 3600 280 3680 quid
311 3620 360 3661 me
381 3601 594 3680 persequeris?
637 3601 709 3662 ldeo
732 3604 812 3662 enim
835 3619 961 3681 regnum
983 3597 1055 3658 fidei
1076 3617 1124 3658 eo

237 3792 270 3852 1)
291 3789 321 3839 In
342 3789 405 3839 edit
423 3791 535 3855 priore:
553 3791 713 3860 praevenit.
732 3790 766 3858 2)
782 3788 907 3845 ibidem:
924 3791 990 3843 stat.
1005 3784 1138 3851 titulun

197 3857 269 3920 ruod
284 3859 314 3907 in
333 3895 341 3908 .
360 3896 367 3908 .
388 3897 396 3909 .
417 3896 424 3908 .
442 3864 589 3918 statuitur.
