2709 4417
275 352 339 419 466
549 350 598 408 VI.
616 351 720 406 Conoio
738 350 889 418 Quomodo
907 354 945 405 sit

278 539 323 600 dit
354 543 386 597 et
413 542 444 597 te
474 536 514 596 ad
535 536 689 596 Christum
723 534 870 613 traducit,
904 540 939 595 nt
972 535 1072 618 possis
1100 538 1178 614 morti,

278 627 408 702 peccato
439 625 470 678 et
497 620 615 680 inferno
646 620 692 679 sio
713 617 830 678 dicere:
859 619 944 677 Deus
967 618 1105 697 promisit
1124 619 1180 678 mihi

279 704 410 784 gratiam
442 721 546 780 suom,
578 703 707 780 eiusque
738 703 783 761 rei
814 710 933 762 certum
968 700 1056 762 dedit
1082 702 1180 780 siguum

281 804 337 845 ceu
354 787 465 865 pignus
487 784 642 863 quoddam
663 785 695 843 in
717 785 935 862 odoramentis,
972 781 1057 862 quod
1084 785 1182 842 etrite

280 867 390 944 (ibristi
413 886 512 928 meam
534 875 664 927 mortem
687 885 742 926 sua
763 872 862 927 morte
885 866 1052 943 devicerit,
1081 871 1111 925 et
1129 865 1182 926 obe-

280 950 397 1010 dientia
418 949 529 1010 Christi
553 969 622 1009 mea
643 949 799 1009 sustulerit
820 968 876 1009 sua
899 951 1051 1028 passione
1066 955 1183 1027 peccata

281 1039 313 1092 et
333 1051 421 1091 emor
434 1031 555 1111 Christi,
577 1034 609 1091 in
631 1033 676 1091 sui
690 1032 904 1109 derelictione,
926 1032 1083 1091 infernum
1103 1050 1183 1091 meum

281 1113 494 1175 devastaverit.

363 1197 449 1256 Haec
468 1199 557 1277 signs
577 1198 709 1276 gratiae,
736 1197 815 1256 haec
839 1199 915 1257 item
945 1197 1056 1256 salutis
1078 1199 1184 1275 promis-

281 1281 327 1340 sio
361 1297 516 1358 nunquam
539 1300 588 1340 me
609 1279 705 1358 satiet,
727 1279 811 1339 Deus
833 1281 993 1359 promisit,
1017 1280 1102 1338 Deus
1122 1297 1185 1338 meu·

281 1364 329 1422 tiri
351 1381 414 1422 non
436 1369 554 1442 potest,
588 1363 645 1422 Dei
676 1381 777 1440 neque
799 1362 897 1440 diota,
925 1381 1031 1440 neque
1053 1363 1131 1422 facta
1148 1362 1185 1421 isl-

281 1446 356 1505 luut.
399 1444 459 1519 Qui
490 1445 529 1504 ad
555 1445 638 1504 huuc
668 1445 792 1506 modum
821 1446 916 1505 verbo
940 1446 1001 1505 Dei
1023 1445 1139 1521 nititur,
1164 1451 1186 1504 et

281 1529 482 1587 sacramentis
516 1546 572 1587 ocu
599 1527 703 1587 tuleris
739 1546 824 1587 suam
853 1535 1009 1588 sustentet
1040 1527 1186 1605 fidem,is

283 1628 345 1670 non
369 1610 495 1669 multum
519 1610 558 1670 de
580 1610 863 1689 praedestinatione
885 1611 1040 1671 sollicitus
1063 1612 1127 1688 erit,
1146 1609 1187 1669 sed

282 1701 366 1752 certo
389 1694 501 1753 sentiet
523 1694 620 1752 Deum
651 1695 698 1753 sui
720 1695 876 1754 misertum
898 1695 930 1752 iu
952 1694 1084 1774 gratiam
1108 1711 1138 1752 se
1155 1711 1188 1752 re

281 1794 318 1835 ce
340 1793 412 1834 isse.

319 1795 338 1854 p
365 1857 460 1917 Sexto
483 1856 621 1936 decimo,
662 1858 723 1918 hoc
749 1860 840 1938 igitur
867 1859 1008 1919 omnium
1037 1858 1189 1916 maximum

282 1947 345 2017 est,
378 1947 411 1999 ut
448 1939 678 2020 magnificemus
712 1949 743 2000 et
774 1960 972 2001 revereamur
1000 1948 1189 2017 sacramenta

281 2025 380 2100 iisque
413 2023 593 2102 innitamur,
630 2025 812 2102 proponitur
846 2025 928 2083 euim
959 2022 1052 2084 nobis
1084 2024 1114 2083 in
1139 2023 1189 2081 illis

283 2107 407 2165 verbum
435 2105 509 2181 Dei,
544 2107 708 2185 promissio
740 2114 771 2166 et
799 2107 918 2184 signum
948 2105 1046 2166 divini
1080 2106 1190 2165 iavoris.

283 2188 360 2247 Tum
383 2196 484 2247 autem
506 2187 581 2246 illud
603 2187 671 2264 fiet,
705 2207 773 2248 oum
797 2189 958 2249 credemus
996 2207 1099 2267 neque
1119 2187 1191 2247 dubi-

282 2269 414 2331 tabimus
436 2277 499 2329 tum
524 2269 562 2330 de
575 2273 784 2349 sacramentis,
806 2279 868 2331 tum
891 2272 930 2332 de
953 2273 991 2331 iis
1008 2271 1110 2347 rebus,
1131 2289 1191 2348 que

282 2374 347 2412 rum
371 2360 442 2412 sunt
463 2355 560 2432 signa.
603 2352 694 2427 Quod
718 2356 743 2413 si
765 2353 894 2432 dubites,
916 2355 993 2414 nihil
1016 2357 1142 2414 omnino
1161 2372 1191 2411 ee

281 2436 336 2496 tibi
365 2436 539 2515 proderunt.
585 2435 673 2515 Nam,
696 2438 774 2496 sicut
795 2436 933 2497 Christus
962 2436 1054 2498 dicit:
1084 2437 1190 2497 Unicui-

282 2538 342 2599 que
362 2518 397 2579 fit
418 2519 586 2578 secundum
608 2518 700 2579 fidem
722 2539 818 2580 suam.

364 2601 444 2676 Quid
473 2602 571 2680 enim,
604 2621 735 2680 quaese,
769 2603 823 2662 tibi
850 2601 1013 2681 profuerit,
1037 2603 1064 2662 si
1097 2600 1187 2661 credas

281 2684 433 2743 Christum
458 2690 596 2763 peccata,
620 2692 750 2745 mortem
773 2694 804 2745 et
824 2685 976 2744 infernum
999 2685 1129 2745 aliorum
1148 2683 1187 2743 de-

281 2767 402 2844 vicisse,
425 2774 456 2827 et
476 2786 540 2828 non
563 2767 670 2828 credas
693 2768 843 2828 devicisse
866 2786 935 2827 eum
960 2776 1045 2827 tuam
1064 2774 1186 2843 mortem,

281 2859 334 2908 tua
354 2857 497 2928 peccata,
533 2856 564 2910 et
591 2858 675 2910 tuum
702 2852 869 2929 infernum,
899 2854 992 2929 teque
1011 2849 1185 2911 redemisse?

281 2932 405 2992 Frustra
426 2952 548 3011 quoque
569 2942 795 2994 sacramentum
819 2953 936 3006 sumes,
965 2936 991 2993 si
1013 2953 1079 2994 non
1097 2933 1184 2994 credas

281 3016 386 3074 omnia
406 3014 476 3094 illa,
511 3034 589 3094 quae
621 3018 652 3076 in
678 3024 872 3077 sacramento
896 3017 951 3077 tibi
974 3020 1182 3097 promittuntur,

279 3099 311 3155 iu
340 3104 370 3156 te
395 3100 456 3157 iam
478 3099 593 3158 collata
624 3118 662 3161 oc
694 3108 747 3160 tua
773 3119 842 3160 esse
871 3100 963 3161 fasta.
1009 3101 1121 3160 Verum
1138 3099 1183 3158 hoc

207 3251 210 3257 Ι
281 3182 416 3239 omnium
440 3187 488 3241 est
509 3183 722 3261 gravissimum
736 3189 899 3263 peccatum
911 3185 1099 3262 existimare,
1118 3179 1180 3262 quod

281 3267 312 3321 et
332 3264 363 3322 in
391 3264 486 3324 verbo
509 3283 581 3344 suo,
610 3267 700 3346 signo
731 3273 763 3327 et
793 3286 887 3347 opere
923 3268 1007 3327 Deus
1030 3269 1180 3341 mentiatur,

279 3345 352 3406 item
374 3348 558 3426 existimare,
581 3349 663 3427 quod
688 3350 770 3411 dicat
791 3359 823 3411 et
832 3352 1002 3431 promittat,
1026 3367 1179 3430 quaeproe-

280 3435 362 3489 stare
383 3449 538 3509 nunquam
560 3432 644 3492 velit.

362 3513 433 3573 Non
453 3515 545 3593 igitur
561 3514 639 3574 levis
660 3537 710 3576 res
733 3524 789 3595 est,
812 3524 1039 3578 sacramentum
1052 3518 1178 3596 accipere,

279 3596 440 3673 requiritur
462 3596 554 3656 adid
576 3597 669 3679 fides,
707 3619 766 3679 qua
792 3619 900 3660 secura
923 3623 957 3664 se
978 3601 1039 3661 iliis
1063 3601 1115 3660 Dei
1133 3599 1178 3676 sig·

280 3680 326 3737 nis
362 3685 393 3738 et
419 3682 673 3760 promissionibus
704 3685 883 3744 committat.
925 3687 1010 3746 Deus
1046 3687 1121 3745 euim
1138 3700 1178 3741 nc-

276 3769 357 3844 ster,
380 3764 467 3827 Deus
490 3773 632 3827 servetur
656 3773 723 3841 est,
755 3769 809 3841 qui
828 3785 852 3820 u
866 3776 996 3837 morte,
1021 3775 1143 3842 qssssm
1158 3773 1182 3820 et

272 3852 400 3916 inferno
434 3873 495 3916 nos
529 3852 657 3913 liberat.
698 3848 779 3905 tion
801 3846 899 3920 ‘igitur
929 3845 1158 3898 anuum-suus
1166 3860 1205 3894 ss-
