2709 4417
404 340 463 395 suis
482 338 590 410 Lipsiae
607 332 751 412 dispacati
770 357 795 393 a.
816 336 887 396 xlx.
920 306 925 321 ι
1052 333 1115 403 2Ἱ3

514 527 723 589 Conclusio
744 518 796 589 111.

279 611 339 686 Qui
361 629 445 690 opus
461 609 575 671 bonnm
599 617 653 671 aut
667 611 889 690 poenitentiam
911 629 931 669 a
951 617 1094 690 peccato-

220 714 282 754 rum
304 692 511 754 detestatione
532 700 604 754 anta
625 693 821 754 dilectionem
837 693 969 753 iustitiae
991 692 1094 772 incipi,

220 778 327 837 necin
349 795 388 837 eo
411 777 534 856 peccari
555 779 677 857 asserit,
704 776 786 837 hunc
811 776 890 836 inter
911 774 1094 855 Pelagianos

219 859 389 921 haereticos
411 878 614 937 numeramus,
636 858 692 919 aed
713 866 745 920 ot
755 865 863 919 contra
874 877 993 918 sacrum
1006 877 1093 918 suum

219 941 415 1003 Aristotelem
437 940 578 1022 desipere
597 941 773 1022 probamus.

278 1023 344 1087 Ista
365 1024 524 1085 conclusio
537 1045 577 1085 ex
593 1023 847 1105 praecedentibus
858 1022 984 1084 firmiter
1006 1021 1114 1104 proba·

201 1115 253 1170 tur.
296 1107 329 1169 Si
351 1109 432 1168 enim
456 1126 559 1168 verum
578 1115 634 1187 eat,
656 1107 735 1169 adeo
763 1106 878 1167 nullum
901 1125 978 1186 opus
1000 1105 1114 1183 bonnm
1159 1164 1162 1175 ,

203 1197 267 1251 ants
282 1191 414 1272 gratiam
431 1188 610 1271 fleripoase,
632 1197 665 1250 ut
681 1208 740 1251 nec
752 1190 783 1249 in
793 1190 892 1269 gratia
903 1208 977 1268 pure
998 1188 1112 1249 bonum

203 1270 262 1350 liat,
300 1274 493 1353 poenitentia
526 1281 629 1334 autem
661 1272 775 1333 bonum
800 1291 877 1351 opus
901 1272 1040 1331 nimirum
1065 1270 1114 1348 sit,

205 1373 329 1417 accessa
350 1358 400 1416 dst
420 1375 488 1416 eam
518 1356 615 1436 gratia
642 1355 861 1436 praeveniente
881 1354 1028 1414 inchoari.
1069 1352 1117 1413 De

206 1438 392 1518 poenitentia
413 1439 494 1498 enirn
515 1439 641 1499 salutari
668 1438 832 1518 loquimur,
867 1456 930 1498 non
953 1437 990 1496 de
1012 1436 1116 1517 poeni-

207 1523 294 1582 tentia
315 1521 431 1598 Judae,
460 1528 513 1581 aut
533 1520 756 1582 damnatorum.
797 1520 854 1580 Est
874 1538 948 1600 ergo
971 1538 1117 1599 expresse

209 1603 338 1665 haeresis
361 1602 528 1684 Pelagisna
549 1603 668 1678 dicere,
690 1604 910 1684 poenitentiam
932 1612 1004 1662 ante
1026 1602 1116 1661 dilec-

209 1687 314 1747 tionem
327 1687 462 1746 iustitiae
474 1687 576 1767 incipi.
605 1686 738 1746 Dilectio
751 1695 851 1746 autem
868 1685 1000 1744 iustitiae
1018 1686 1116 1765 gratia

208 1768 251 1829 llai
274 1776 339 1842 est,
370 1788 433 1830 non
456 1775 573 1830 natura.
616 1769 730 1829 Verum
752 1777 785 1828 ut
805 1768 957 1828 Eccianae
979 1767 1117 1847 proposi·

208 1852 291 1912 tionis
315 1852 505 1933 impietatem
528 1851 717 1913 manifestius
739 1851 913 1928 videamus,
940 1869 1003 1910 rem
1022 1849 1115 1929 paulo

208 1933 289 1995 aldus
311 1935 502 2014 incipiamus.

279 2017 381 2077 Docui
410 2036 469 2098 ego
502 2016 534 2077 in
556 2016 809 2078 Resolutionibus
843 2024 874 2077 et
894 2016 1042 2076 Sermone
1077 2015 1116 2076 ds

203 2100 404 2178 poenitentia,
423 2106 620 2180 pennatorum
634 2099 879 2167 recordationem
898 2104 1115 2160 anteamorem

202 2176 335 2243 iustitiae
356 2183 469 2244 nemini
493 2202 562 2243 esse
583 2183 765 2258 salutarem,
787 2181 842 2243 sed
864 2183 999 2242 noxiam.
1040 2181 1114 2241 Ideo

198 2266 331 2342 primum
353 2266 536 2340 conandum,
558 2274 592 2325 ut
612 2264 728 2326 institia
749 2265 901 2345 diligatur,
923 2274 985 2335 tum
1008 2281 1113 2326 amore

197 2348 333 2409 iustitiae
355 2356 484 2430 peccata
506 2348 705 2425 detestentur.
748 2347 847 2423 Quam
869 2347 1040 2408 doctrinam
1060 2346 1115 2405 Ec

198 2433 289 2492 ciana
311 2431 465 2492 modestia
486 2450 548 2492 non
570 2432 757 2491 haereticam
786 2430 907 2510 quidem
937 2430 1116 2506 nominavit,

197 2513 253 2574 sed
290 2514 453 2594 evangelio
487 2526 519 2573 et
539 2513 569 2575 S.
591 2513 730 2591 Patribus
766 2514 948 2573 contrariam
978 2512 1115 2573 asseruit.

195 2594 462 2677 ldeomagniflco
486 2597 574 2657 titulo
601 2598 664 2657 suis
686 2595 951 2675 Propositionibns
978 2595 1115 2675 praefixo

196 2687 309 2741 conca
330 2698 443 2740 novam
480 2679 650 2739 doctrinam
674 2678 801 2755 (eadem
824 2680 993 2757 modestia)
1018 2699 1052 2739 se
1074 2678 1116 2738 di-

197 2764 389 2842 sputaturum
412 2761 612 2825 ebuccinavit

197 2870 208 2876 ·
282 2846 361 2926 Age,
383 2844 697 2926 Paulumapoatolnm
719 2844 886 2923 videamus,
908 2846 959 2923 qui
975 2845 1064 2904 Rom.
1086 2844 1116 2907 l.

201 2927 291 2989 dicit:
327 2928 390 2988 Lex
421 2929 497 2988 iram
521 2935 680 3008 operatur,
714 2927 764 2987 ubi
800 2929 880 2987 enim
904 2946 965 2987 non
988 2936 1036 2987 est
1056 2927 1117 3005 lex,

203 3029 259 3071 nec
278 3011 519 3091 praevaricatio,
550 3018 581 3073 et
600 3015 636 3074 5:
658 3009 723 3069 Lex
744 3010 938 3087 subintravit,
970 3017 1002 3068 ut
1023 3009 1116 3070 abnn-

202 3093 287 3156 dsret
308 3093 464 3172 delictum,
487 3100 518 3154 et
536 3091 637 3153 Galat.
659 3096 694 3156 3:
717 3091 780 3152 Lex
802 3101 928 3172 propter
950 3102 1116 3171 transgres-

203 3177 320 3237 sionem
343 3178 446 3256 posita
468 3182 524 3255 est,
547 3174 778 3238 et1.Corinth.
806 3180 858 3239 lo:
882 3175 983 3235 Virtus
994 3177 1114 3255 peccati

204 3258 261 3320 lex.
304 3258 422 3333 Quibus
444 3257 585 3319 omnibus
607 3257 638 3318 id
660 3258 724 3317 vult
744 3257 929 3337 Apostolus,
952 3258 1033 3337 quod
1063 3278 1118 3337 per

203 3340 301 3422 legem
322 3351 452 3421 peccata
473 3342 577 3421 potius
598 3348 758 3421 augentur,
780 3360 869 3420 quam
893 3342 1054 3417 tolluntur,
1086 3349 1119 3401 et

203 3425 453 3503 concupiscentis
474 3425 572 3504 magis
584 3425 726 3498 irritetur,
744 3443 805 3503 quo
819 3425 915 3504 magis
930 3422 1116 3503 prohibetur.

204 3505 261 3567 sed
284 3509 421 3567 omnium
446 3506 693 3567 manifestissime
714 3506 802 3567 Rom.
826 3510 859 3569 7:
883 3508 1047 3567 occasione
1067 3525 1116 3565 aa

204 3601 292 3670 cepta
312 3598 474 3670 peccatum
494 3608 549 3669 par
571 3588 747 3649 mandatum
766 3598 924 3668 operatum
947 3598 994 3651 est
1015 3591 1045 3649 in
1069 3608 1117 3649 nro

204 3691 325 3734 omnem
348 3673 639 3753 concupiscentiam.

275 3754 346 3813 Stat
363 3774 440 3833 ergo
459 3756 623 3832 sententia,
647 3752 734 3836 quod
757 3755 826 3817 sine
848 3755 951 3838 gratia
964 3754 1025 3816 lex
1043 3758 1123 3817 occi·

187 3831 232 3890 dit
250 3841 283 3890 et
308 3843 405 3911 anget
420 3844 607 3917 peccatum,
647 3841 710 3903 etsi
733 3840 813 3904 loris
836 3841 974 3905 conibet
1001 3857 1147 3915 manum,

198 3942 824 4013 Mmtaammamaam.
1010 3925 1059 3991 &ss
