2709 4417
510 273 541 309 v

213 356 280 424 m
415 355 949 412 mundissimam

219 547 389 608 Ambrosio
416 547 460 603 its
481 544 630 615 insultus,
659 541 744 620 quod
769 542 937 602 meliorem
960 550 995 602 te
1019 544 1152 623 interpres

218 638 282 690 tem
309 630 416 708 poscis
443 627 628 688 amussis
655 627 734 697 ium,
762 644 857 704 quum
885 624 919 685 fl.
951 625 1150 691 Ambrosium.

217 711 252 772 si
280 713 363 770 intru
392 710 507 789 pellem
536 717 569 768 te
596 710 789 783 contineres,
820 716 852 767 et
880 710 914 768 in
943 716 1002 769 tuo
1026 729 1152 786 numero,

218 794 352 854 bberes
378 793 504 871 quidem
527 806 613 852 tuum
635 791 758 864 elbum,
787 793 907 850 utinm
931 798 1037 851 totum
1059 798 1089 852 te
1109 793 1151 854 oi

221 895 345 936 usurum
366 875 481 934 reddis.

307 957 364 1034 15)
388 959 501 1018 Denuo
522 957 738 1035 culumnistur,
760 975 811 1015 me
833 975 972 1036 scopum
995 956 1149 1036 deposui

221 1042 319 1100 tentis
342 1059 405 1099 uon
427 1041 580 1119 uttigisse.
623 1039 704 1098 vide
725 1057 895 1118 procacem
918 1038 1076 1113 iudicem,
1103 1060 1151 1100 neo

220 1130 373 1201 rugstum.
418 1123 485 1181 lmo
514 1123 584 1200 ipse
612 1141 652 1180 ex
681 1128 749 1181 toto
777 1140 842 1181 nou
870 1123 995 1201 attigit,
1026 1122 1150 1200 quidde

221 1206 417 1284 poenitentis
436 1204 671 1282 disputavimus.
716 1203 786 1263 Hoe
805 1210 912 1262 sotum
935 1204 1006 1276 fuit,
1029 1223 1069 1264 sn
1089 1225 1150 1284 poe·

204 1288 352 1350 .uitentis
379 1288 506 1365 incipiat
535 1287 586 1345 vel
614 1286 654 1346 sb
685 1305 793 1347 umore
814 1286 892 1361 Dei,
922 1287 976 1346 vel
1000 1306 1021 1346 n
1042 1288 1149 1364 timore,

222 1370 309 1427 ints
335 1370 570 1428 conclusionem
600 1371 733 1429 tertium.
776 1368 820 1428 At
848 1368 924 1427 dnm
954 1368 996 1428 sd
1022 1376 1149 1448 quurtsm

222 1458 255 1510 ct
269 1451 408 1527 quintum
426 1450 649 1511 conclusiones
671 1453 822 1526 venimus,
845 1459 953 1510 uotum
974 1451 1035 1511 fuit
1056 1451 1094 1512 de
1113 1473 1150 1513 re

222 1533 375 1592 missione
391 1552 514 1612 poense
531 1540 605 1612 post
625 1535 749 1612 oulpsm
772 1533 945 1595 dimissam
980 1534 1034 1594 An
1058 1542 1150 1595 nutem

222 1621 307 1674 reete
336 1614 482 1675 firmarius
504 1624 628 1687 nostre,
660 1616 711 1676 vel
732 1617 771 1676 Ι).
794 1616 947 1675 llsrtinus
969 1619 1087 1676 reotius
1107 1618 1151 1677 de

221 1697 355 1756 insiderit
380 1718 456 1775 sus,
484 1698 603 1758 iudices
625 1699 822 1758 eruditissimi
844 1698 1034 1758 Perisiensis
1057 1699 1150 1760 studii

223 1778 412 1849 mdicnbnut,
428 1800 493 1840 non
507 1788 639 1858 attento,
657 1781 731 1860 quid
741 1780 957 1842 Grammatico
969 1785 1151 1861 apparuerit

311 1865 367 1936 16)
390 1863 517 1929 Scribit,
546 1863 629 1940 quod
655 1864 871 1943 indulgentius
895 1863 972 1922 mihi
1001 1865 1105 1924 iocum
1125 1875 1152 1924 et

222 1943 329 2004 ludum
343 1945 473 2005 ciebant.
505 1945 546 2004 Et
559 1947 621 2005 hoc
642 1944 768 2024 quidem
789 1945 901 2004 falsum
925 1952 985 2022 est,
1009 1947 1150 2024 quonism

223 2028 305 2168 idi
328 2026 1151 2190 sus⁰⁰1lg÷⁶s¹esffslss⁰elsts

225 2193 339 2270 operis.
383 2193 515 2252 Demum
537 2191 683 2268 conabar,
705 2199 741 2252 ut
759 2212 816 2272 per
837 2191 1051 2272 indulgentius
1071 2193 1152 2255 fleret

224 2275 367 2335 remissio
389 2294 512 2354 poense
533 2293 591 2354 pro
613 2277 750 2353 peccetis
772 2274 914 2350 debitae,
944 2274 997 2336 nbi
1018 2275 1058 2338 D.
1079 2277 1151 2337 llor-

225 2358 307 2416 tiuus
328 2357 448 2417 fortiter
468 2358 542 2416 mihi
566 2357 763 2433 contradixit,
785 2356 997 2437 indulgentias
1020 2377 1089 2419 esse
1110 2379 1151 2420 re·

224 2440 388 2498 missiones
417 2441 569 2500 bonorum
602 2459 742 2519 operum.
792 2439 854 2500 Sed
887 2440 929 2500 de
961 2440 1026 2501 hoo
1056 2442 1150 2502 refero

224 2541 275 2581 me
296 2521 335 2580 ad
358 2524 472 2600 scripta
494 2523 683 2582 notariorum
704 2523 934 2583 Universitstis.
977 2523 1150 2584 Conoords

224 2605 325 2663 rimus
348 2613 451 2664 tamen
470 2606 579 2680 umbo,
601 2603 715 2665 nbusns
732 2604 973 2665 declamantium
995 2605 1150 2687 indulgen·

224 2687 285 2747 tiss
306 2705 377 2747 esse
398 2686 678 2766 reprehendendos.

311 2768 397 2829 Hsee
411 2777 490 2844 sunt,
512 2768 731 2830 iucundissime
743 2770 850 2847 lector,
873 2787 954 2846 quse
970 2768 1152 2831 videbantur

227 2850 298 2909 mihi
321 2871 360 2910 ex
383 2873 415 2912 re
436 2853 504 2913 fore
524 2855 634 2931 purtim
657 2851 850 2928 Christiano,
878 2852 991 2931 purtim
1014 2871 1100 2926 mee,
1122 2863 1151 2912 ut

226 2932 335 3003 scires,
374 2937 398 2994 si
432 2933 632 3014 disputetioni
670 2953 734 2994 non
766 2933 877 2992 fuisses
912 2951 1080 3012 praesens,
1112 2944 1150 3011 ut,

227 3014 483 3091 quemadmodum
505 3018 668 3096 plurimum
691 3022 782 3075 cavet
796 3015 966 3094 Philippus,
988 3035 1032 3076 ne
1053 3016 1151 3078 samse

228 3096 379 3172 credatur,
401 3107 454 3159 snt
467 3100 525 3176 his,
549 3101 600 3178 qui
615 3099 718 3158 samse
736 3097 870 3174 student,
891 3098 936 3156 itu
957 3116 1018 3158 nee
1042 3101 1069 3159 ei
1092 3119 1150 3160 ore·

228 3176 293 3253 dss,
315 3182 366 3258 qni
389 3201 451 3241 non
474 3184 588 3242 veritus
612 3189 668 3255 est,
691 3181 840 3261 pleraque
862 3179 937 3238 mihi
960 3180 1151 3260 adscribere,

228 3279 287 3320 nee
309 3261 433 3339 quidem
456 3284 474 3323 a
496 3284 546 3324 me
568 3264 714 3343 cogitate
752 3263 792 3322 Et
815 3263 957 3340 quumvis
978 3281 1045 3323 non
1069 3266 1152 3326 sitis

227 3342 399 3423 Philippus.
432 3346 514 3425 quod
541 3346 707 3426 theologus
729 3364 798 3406 enm
821 3364 860 3405 eo
883 3344 1105 3425 congrediatur
1123 3350 1152 3408 in

227 3425 405 3505 theologico
418 3428 520 3489 studio
529 3429 568 3505 ²),
590 3436 693 3489 nmen
716 3449 756 3489 ne
777 3446 951 3508 agnoscere
972 3428 1097 3490 viderer
1118 3432 1152 3490 si-

228 3506 322 3569 lentio
352 3510 447 3581 haee,
476 3532 556 3592 quae
582 3512 655 3571 mihi
683 3513 830 3591 imponit,
859 3510 988 3571 omnino
1018 3513 1105 3573 volui
1127 3515 1153 3573 ei

228 3609 408 3668 ooonrrere,
442 3594 523 3673 quod
546 3603 577 3655 et
598 3596 631 3655 B.
654 3594 845 3674 Augustinus
872 3612 937 3653 non
965 3592 1153 3656 dubitaverit

230 3680 338 3734 eontra
351 3675 549 3737 cresconium
565 3677 807 3739 Gmmmstion'm
822 3675 964 3736 seribere.
999 3676 1048 3736 Tu
1071 3698 1154 3753 vero,

224 3914 229 3929 2
256 3868 286 3935 1)
307 3867 342 3926 In
361 3867 412 3928 ed.
432 3867 519 3926 dene.
536 3862 752 3934 indulgentius.
783 3854 823 3916 ’ἣ
836 3851 935 3900 inme.
949 3850 1060 3898 slsum.
