2709 4417
236 347 299 417 362
456 364 459 370 “
487 349 581 419 Rosci.
601 349 629 405 Ia.
646 365 730 419 super
749 350 949 436 ProposItioue

235 537 377 617 quemvis
398 535 591 599 sacerdotem
613 554 841 617 recognoscere
862 539 1024 616 pastorem
1047 544 1076 598 et
1094 559 1141 600 ma

236 622 380 701 gistrum,
415 619 518 681 ubiubi
544 618 643 680 fuerit.
686 620 744 680 Hic
772 620 853 680 enim
881 622 983 700 pascit
1014 627 1045 681 et
1071 623 1142 702 regit

236 703 280 763 illi
310 722 384 763 vcro
416 709 519 783 pastas
547 702 647 763 solum
676 701 805 763 tondent
835 709 867 763 et
901 709 1049 764 mactant.
1094 703 1141 766 Sed

235 787 309 848 satis
336 785 429 862 haec,
464 805 503 845 ns
533 784 639 846 videar
672 785 774 846 studio
801 785 1052 866 reprehendendi
1078 786 1141 848 haec

236 869 351 946 moliri,
379 887 449 928 cum
470 867 553 929 aliud
575 889 636 930 uon
660 887 824 947 quaeram,
857 888 953 947 quarn
980 878 1014 929 ut
1039 869 1140 933 illisos

235 951 403 1028 obstruam,
425 952 477 1030 qui
497 951 588 1013 nobis
609 951 832 1031 scripturarum
855 951 1048 1014 intellectum
1069 953 1139 1014 liber·

234 1036 342 1097 nimum
372 1031 536 1096 aChristo
570 1034 673 1095 datum
708 1025 865 1113 captivar‘s
893 1035 1012 1096 audent
1037 1037 1068 1095 in
1087 1055 1138 1097 seu·

234 1137 302 1179 sum
330 1124 361 1177 ct
387 1117 513 1178 verbum
541 1117 700 1179 hominum
723 1117 921 1197 pontificum,
956 1119 1091 1180 volentes
1108 1119 1136 1179 de
1177 1189 1178 1195 χ

235 1200 335 1262 verbis
373 1201 428 1261 Dei
461 1199 595 1261 iudicare
627 1199 795 1261 secundum
828 1200 958 1261 verbum
988 1201 1134 1280 hominum,

235 1302 302 1344 oum
331 1290 438 1343 oontm
466 1283 560 1343 verba
586 1284 746 1344 hominum
772 1283 940 1344 iudicanda
968 1285 1031 1344 sint
1050 1305 1133 1346 secun-

234 1364 306 1427 dum
328 1365 453 1426 verbum
476 1365 544 1444 Dei,
566 1365 649 1446 quod
672 1365 788 1428 indicat
809 1368 925 1428 omnia.

483 1564 531 1625 Ad
555 1566 688 1644 tertium,
711 1565 749 1627 ad
771 1567 919 1627 rationes.

315 1729 372 1791 Ubi
402 1729 477 1790 illud
506 1731 637 1811 primurn
660 1730 869 1808 tractandum,
907 1728 992 1809 quod
1014 1731 1131 1810 Decreta

232 1813 343 1892 quibus
369 1814 516 1892 primatus
539 1814 691 1874 ecciesiae
712 1815 874 1875 Romanae
898 1812 1021 1893 probari
1053 1833 1070 1873 a
1095 1835 1131 1875 me

231 1894 351 1973 dicitur,
375 1894 438 1955 dixi
459 1898 539 1957 intra
550 1896 791 1977 quadringentos
814 1915 915 1956 annos
937 1900 1020 1973 nata,
1037 1903 1065 1956 et
1076 1916 1130 1958 con-

232 1983 279 2038 tra
300 1978 361 2038 hoc
390 1997 459 2039 esse
479 1979 622 2040 historias
645 1979 730 2040 mille
752 1985 783 2039 et
804 1985 926 2039 centum
950 1997 1100 2042 annorum.

314 2061 415 2121 Primo
449 2062 582 2123 sciebam
618 2062 695 2122 haee
718 2060 888 2140 offensura,
919 2066 951 2122 et
973 2062 1132 2122 manitestis

232 2143 309 2204 sirne
341 2144 476 2204 omnium
509 2145 587 2204 falsa
620 2144 716 2205 videri
745 2144 895 2205 omnibus.
951 2144 1071 2206 Certum
1099 2154 1135 2205 est

233 2227 331 2304 euim,
367 2245 435 2286 esse
458 2227 595 2287 Decretis
625 2229 834 2289 Romanorum
868 2225 1051 2307 pontificum
1077 2235 1134 2288 ante
1177 2256 1178 2265 ¹

232 2308 317 2369 mille
338 2328 437 2369 annos
460 2316 609 2370 certatum
631 2330 687 2391 pro
710 2311 772 2371 hoc
792 2311 935 2389 primatu.

314 2391 383 2472 Ego
406 2398 508 2452 autern
530 2394 591 2453 hoc
613 2395 765 2473 spectavi,
788 2391 871 2472 quod
892 2392 1036 2453 Romana
1055 2394 1136 2453 eccls-

232 2473 278 2534 sia
298 2494 453 2555 nunquam
474 2476 546 2552 fuit,
570 2495 628 2536 nec
651 2482 712 2553 est,
747 2495 804 2535 nee
826 2476 883 2537 erit
905 2494 1039 2554 unquam
1061 2496 1137 2556 super

232 2575 340 2616 omues
364 2558 456 2618 totius
486 2559 567 2619 orbis
590 2559 754 2635 ecclesias,
787 2559 860 2619 licet
886 2578 981 2637 super
1008 2559 1138 2638 plurimas

232 2640 280 2703 sit.
309 2639 374 2700 Nec
396 2642 477 2700 enim
500 2641 557 2702 fuit
577 2653 711 2721 unquam
732 2661 823 2721 super
834 2640 996 2720 Graeciae,
1019 2641 1137 2717 Afiicae,

230 2721 326 2782 Asiae
348 2723 510 2801 ecclesias,
549 2744 737 2786 noseorum
760 2725 926 2805 episcopos
949 2722 1138 2801 confirmavit,

232 2805 310 2865 sicut
334 2805 427 2866 modo
450 2813 573 2868 nostros
597 2806 773 2886 confirmat,
807 2812 840 2866 ut
863 2807 937 2865 satis
960 2807 1090 2886 probant
1105 2808 1138 2866 bi-

232 2889 355 2948 storiae.
398 2888 518 2949 Deinde
546 2897 617 2950 sunt
645 2893 711 2951 sine
732 2889 825 2950 dubio
847 2889 1013 2949 Christiani
1035 2891 1066 2949 in
1087 2890 1139 2950 Ori-

232 2976 318 3049 ente,
341 2990 408 3030 curn
432 2972 542 3032 Christi
564 2992 692 3054 regnum
715 2975 755 3033 sit
776 2972 858 3033 orbis
881 2978 1046 3052 terrarum,
1067 2973 1140 3033 iuxta

231 3053 310 3115 Psal.
333 3055 368 3132 2,
392 3060 546 3115 ettamen
570 3057 709 3136 episcopi
731 3074 837 3115 eorum
859 3073 923 3115 nou
945 3056 1139 3134 instituuntur,

231 3154 294 3196 non
317 3136 538 3199 confirmantur
559 3158 577 3199 e
597 3139 707 3218 Roma,
728 3157 787 3198 nec
808 3144 855 3197 est
876 3141 1090 3199 necessarium.

314 3219 433 3281 Deinde
461 3221 582 3282 abhoc
605 3227 744 3302 ternpore
767 3226 936 3300 coeperunt
957 3222 1140 3302 multiplicari

231 3301 316 3382 leges
339 3309 370 3362 et
391 3304 466 3364 iura.
504 3303 582 3364 Nam
608 3303 776 3385 Gregorius
797 3304 849 3384 IX,
872 3303 1048 3364 Bonifaoius
1071 3305 1140 3383 VIII,

231 3383 374 3445 Clemens
397 3385 433 3447 V.
473 3388 530 3446 nisi
553 3389 837 3462 consummassent,
870 3390 901 3445 et
928 3386 1005 3446 alias
1027 3389 1141 3464 recisas,

231 3465 306 3526 alias
337 3467 456 3528 additas
494 3471 642 3550 epistolas
672 3470 786 3531 scholis
808 3466 957 3549 legendas
981 3490 1019 3530 ac
1040 3471 1141 3532 docen-

231 3547 286 3608 das
309 3550 519 3628 tradidissent,
553 3554 619 3612 sine
653 3552 746 3613 dubio
777 3558 823 3612 tot
849 3551 947 3611 maria
968 3552 1142 3630 glossarum,

232 3635 262 3690 et
282 3632 524 3695 infelicissimum
557 3635 630 3695 iuris
659 3636 792 3696 studium
821 3653 885 3694 non
907 3641 1023 3698 essent.
1067 3638 1142 3697 Deli-

231 3714 361 3776 tuissent
383 3723 486 3779 autem
509 3725 572 3779 tarn
581 3718 727 3794 Decreta,
745 3717 1026 3797 ouamDecretales
1039 3739 1143 3800 magno

223 3799 383 3865 ecciesiae
404 3803 511 3883 lucro,
532 3807 566 3864 et
581 3799 756 3880 erassem
774 3797 964 3870 commodo,
974 3799 1066 3853 'intra
1079 3819 1160 3854 arom

213 3885 359 3952 Romani
385 3889 581 3974 pontificis,
610 3902 701 3947 nunc
727 3885 840 3940 autem
857 3891 943 3954 itm
960 3874 1006 3929 ὣ
1020 3873 1124 3928 DQ
1140 3891 1179 3928 D·
