2709 4417
469 406 472 411 .
498 353 653 411 allomriis
672 356 797 421 excepta
1044 349 1107 417 189

199 541 268 621 luod
290 540 451 621 praecedit
472 542 682 622 poenitentia,
711 546 742 600 et
769 541 906 619 sequitur
926 540 1041 620 gratia,
1077 547 1109 602 et

199 625 266 698 dia,
305 625 379 684 item
417 623 565 685 Isidorum
599 624 639 684 de
668 642 788 683 sunimo
811 623 917 700 bono,
950 625 1022 683 item
1047 633 1108 684 tres

199 707 317 787 tbyssos
338 707 556 788 recogitandaa
577 705 997 788 peccatorum,’Bernardum
1019 725 1110 787 super

199 810 265 866 cam,
286 790 472 871 Gregorium
494 791 526 851 in
546 789 737 867 Moralibus,
759 795 791 850 et
810 789 889 849 alios
911 789 1033 866 Patres,
1056 792 1108 868 qui

199 873 301 934 locent
329 894 349 934 a
377 874 484 934 timore
519 872 751 934 ascendendum
783 870 823 932 ad
855 873 1038 951 sapientiem
1077 880 1109 933 et

199 958 409 1036 poenitentiam
444 977 463 1016 a
485 957 597 1018 timore
618 957 789 1036 incipiunt,
817 954 948 1015 libenter
968 956 1108 1034 admitto,

199 1039 244 1100 sed
264 1058 327 1100 non
343 1047 451 1101 contra
463 1039 637 1118 apostolum
651 1036 777 1098 Paulum
801 1038 839 1098 de
862 1038 932 1118 lege
954 1047 986 1099 et
998 1040 1109 1099 timore

199 1124 266 1202 legis
286 1122 451 1182 docentem
472 1121 621 1202 intelligo.
656 1121 733 1181 Dico
764 1128 795 1181 et
817 1140 887 1201 ego,
907 1121 1010 1183 habita
1031 1123 1109 1181 cari-

200 1215 252 1266 tate
273 1206 362 1265 simul
385 1206 502 1264 moveri
524 1205 682 1265 hominem
703 1203 743 1264 ad
761 1205 899 1263 timorem
922 1205 990 1282 Dei,
1011 1212 1042 1264 et
1063 1205 1109 1265 sic

202 1290 280 1368 incipi
309 1289 532 1369 poenitentiam
560 1307 580 1347 a
606 1289 717 1348 timore
737 1288 769 1347 in
792 1287 934 1365 caritate,
971 1287 1108 1366 alioquin

205 1378 252 1431 stat
272 1370 359 1432 firme
380 1371 542 1447 sententia,
564 1369 646 1449 quod
669 1371 760 1430 timor
777 1389 908 1449 poenam
931 1372 1034 1447 habet,
1056 1369 1109 1431 bo-

207 1473 263 1514 num
284 1474 347 1515 uon
370 1461 524 1534 operatur,
545 1453 601 1515 sed
623 1452 689 1514 odit
709 1450 820 1533 legem.

271 1536 341 1598 Non
363 1555 439 1616 ergo
461 1538 602 1616 egregius
624 1537 662 1597 D.
681 1535 717 1596 D.
740 1534 912 1613 concludit,
949 1538 1108 1615 poeniten·

209 1623 264 1681 tiam
285 1639 348 1680 non
368 1621 505 1698 incipere
526 1620 565 1680 eb
588 1638 694 1679 amore
715 1619 864 1694 iustitiae,
887 1620 1110 1697 quantumlibet

210 1705 289 1764 tonus
311 1704 351 1763 sit
372 1704 464 1763 timor
486 1721 627 1782 poenae,
651 1721 691 1762 ex
712 1701 846 1781 Origine.
868 1701 937 1761 Non
969 1704 1050 1762 enim
1075 1704 1108 1763 ti·
1149 1731 1152 1741 v

210 1806 277 1847 more
297 1804 429 1865 poenae,
452 1784 506 1846 sed
520 1787 630 1847 timore
640 1784 701 1845 Dei
716 1783 935 1864 poenitendum
949 1795 1005 1861 est,
1027 1785 1109 1864 quod

209 1871 247 1930 ille
265 1871 303 1929 sit
323 1888 450 1946 servus,
472 1886 534 1943 pon
558 1887 681 1927 mmmm·
741 1869 771 1927 in
794 1867 905 1947 domo,
936 1868 987 1927 hic
1006 1877 1108 1928 autem

208 1951 270 2012 filius
290 1958 321 2011 et
351 1951 450 2012 heres.
495 1950 569 2011 Ideo
593 1959 624 2010 et
644 1950 698 2010 illu
742 1949 918 2011 Proverbio.
942 1954 975 2012 1:
998 1951 1110 2010 Princi-

209 2055 264 2114 pum
284 2035 456 2115 sapientiae
477 2035 568 2094 timor
579 2034 713 2108 Domini,
735 2053 797 2093 non
821 2033 950 2093 admitto
975 2034 1110 2094 intellec·

208 2127 255 2176 tum
276 2118 314 2177 de
336 2120 448 2177 timore
469 2136 607 2196 poenae,
644 2118 697 2194 qui
731 2125 802 2175 ante
837 2117 965 2196 gretiam
987 2123 1110 2195 torquet

208 2201 345 2261 hominem
365 2200 572 2278 infructuose,
608 2219 676 2260 cum
699 2217 847 2278 expresse
870 2199 967 2259 dicat:
1005 2199 1110 2260 Timor

208 2283 332 2361 Domini,
366 2302 429 2345 non
453 2283 544 2344 timor
564 2301 695 2362 poenae.
738 2281 843 2342 Timor
865 2301 985 2362 poenae
1007 2284 1109 2360 potius

208 2373 243 2425 ast
261 2367 441 2446 principium
465 2367 669 2445 insipientiae
715 2363 828 2426 Videat
849 2369 924 2445 ergo
946 2384 1050 2445 egreg.
1073 2365 1108 2424 D.

208 2448 234 2511 D.
253 2457 282 2508 ut
303 2468 366 2509 non
388 2450 418 2508 in
442 2469 535 2509 unum
558 2448 652 2509 chaos
675 2448 865 2510 confundant
886 2449 1026 2508 timorem
1050 2467 1110 2507 scr-

207 2532 302 2610 vilem,
325 2539 357 2593 et
379 2532 521 2591 timorem
542 2529 684 2607 filialem,
717 2551 756 2592 ne
778 2531 914 2610 sibiipsi
936 2531 1110 2609 scripturae

206 2619 229 2675 et
246 2615 366 2676 Petrum
388 2614 621 2694 intelligentiam
644 2612 832 2694 praecludat.

571 2795 724 2857 Eccius.

275 2945 475 3007 Reverendus
498 2946 588 3006 Pater
619 2947 690 3007 fuco
729 2946 889 3007 verborum
922 2955 1050 3009 conatur
1077 2968 1111 3009 ae

200 3028 356 3105 evolvere,
380 3044 420 3089 ex
444 3038 505 3089 tam
529 3031 683 3108 expressis
704 3048 809 3090 sacrae
831 3029 1004 3110 Scripturae
1026 3039 1057 3092 et
1079 3032 1111 3093 S.

199 3111 312 3170 Petrum
333 3111 556 3175 autoritatibus.
580 3112 619 3173 m
641 3121 673 3172 ut
694 3111 755 3172 hoc
775 3112 866 3174 nobis
886 3115 915 3187 Ι)
947 3114 1111 3194 persuade·

199 3201 247 3271 ret,
268 3213 362 3254 ausus
385 3203 432 3255 est
459 3194 582 3271 dicere,
619 3215 667 3255 me
702 3195 796 3275 longe
823 3196 916 3257 fuisse
937 3197 1071 3258 alienum
1092 3218 1112 3258 a

199 3295 298 3337 sacrae
325 3277 501 3356 Scripturae
523 3278 747 3358 intelligentia,
775 3279 927 3340 hocloco
951 3279 1111 3341 diverticu-

198 3359 253 3420 lum
277 3380 428 3439 quaerens
460 3360 500 3421 de
523 3360 686 3422 Cherubim
711 3381 744 3421 se
766 3362 1006 3442 respicientibus.
1049 3363 1111 3425 Sed

200 3442 345 3518 iudicent,
384 3463 513 3523 quorum
536 3445 678 3521 interest,
718 3447 916 3506 uterrectius
938 3446 1112 3506 sentiatde

201 3545 281 3587 sacra
302 3526 466 3606 Scriptura.
501 3525 618 3588 Tamen
640 3537 671 3587 ut
694 3547 764 3587 sues
786 3529 956 3589 solutiones
977 3530 1111 3609 inperti-

202 3611 388 3671 nentissimas
410 3609 583 3689 excludam,
605 3611 666 3672 duo
688 3611 862 3690 frequenter
882 3610 1015 3689 adducit,
1037 3631 1110 3690 quo·

224 3857 258 3921 1)
274 3858 306 3908 ln
325 3861 368 3914 ed.
390 3866 509 3934 origin.-
533 3874 629 3932 vobis.

445 3962 463 3989 r
