2709 4417
220 348 262 419 56
429 350 586 418 Disputatio
609 349 718 415 Lipsius
736 348 831 401 habita
848 362 874 400 s.
897 343 948 397 xix

223 539 324 613 bavit,
354 537 384 596 B.
407 537 528 596 Petrum
550 534 725 615 apostolum
755 552 817 595 uon
845 532 914 614 plus
935 533 1027 593 fnisse
1047 552 1109 614 capu

224 621 392 695 Ecclesiae,
414 638 503 699 quam
526 618 604 679 alios
628 617 798 698 apostolos.
822 617 867 678 lta
883 616 977 698 longa
999 618 1070 677 serio
1087 620 1109 677 in

225 703 368 784 cipiendn
390 722 410 762 a
432 702 585 782 primitiva
608 701 760 775 ecclesia,
789 714 912 781 semper
936 702 967 760 in
1000 701 1109 760 confossi

222 787 277 846 luit
312 784 393 866 apud
427 784 527 846 bonos
556 784 746 844 Christianos
776 783 937 844 ecclesiam
972 783 1109 843 Romanas

224 871 386 950 primatum
411 867 580 929 obtinuisse
602 866 770 943 ochusia,
791 885 853 928 uon
876 868 941 927 iure
962 866 1108 927 humanos

224 952 329 1035 populi
351 968 513 1012 consensu.

306 1035 431 1112 Fateor,
460 1031 542 1113 quod
564 1034 692 1094 bohemi
720 1036 750 1092 in
773 1051 897 1093 suorum
920 1050 1051 1092 errorum
1070 1052 1108 1112 per

222 1119 315 1179 'tina‘ci
345 1113 524 1178 dalensione
548 1116 603 1177 illa
623 1125 882 1193 commemorant,
916 1122 947 1176 el
974 1115 1019 1175 his
1047 1118 1105 1175 arni

166 1240 173 1250 .
225 1202 383 1262 virulentis
406 1220 440 1260 se
462 1199 638 1274 defendunt,
661 1210 693 1258 ut
717 1207 765 1260 est
785 1198 890 1259 videre
911 1200 941 1258 in
965 1218 1063 1258 sorum
1082 1197 1108 1259 nb

226 1284 340 1345 latione
361 1282 442 1342 iacta
464 1285 494 1342 in
518 1283 650 1342 concilio
668 1282 840 1356 Basilicum,
862 1290 895 1342 ct
909 1280 944 1343 in
961 1282 1021 1341 alia
1040 1281 1108 1360 dispo

225 1368 342 1428 latione
362 1366 444 1425 iacta
466 1383 568 1426 coram
592 1365 677 1444 Rege
708 1379 738 1425 et
760 1364 958 1446 optimatibus
992 1364 1072 1445 regni
1089 1365 1107 1422 iu

225 1458 272 1510 tar
296 1449 470 1528 Rugusinrru
493 1457 525 1508 et
545 1447 629 1507 illum
653 1449 820 1527 iniquilatis
844 1449 1012 1508 ministrum
1030 1446 1107 1506 lohar

226 1552 295 1592 nam
318 1532 583 1592 Rockenzcenum.
628 1530 731 1591 Unde·
749 1533 870 1591 veniam
905 1550 1015 1610 precor
1044 1548 1107 1588 au

225 1615 362 1676 uetando
380 1615 479 1687 Patre,
501 1615 526 1672 si
550 1613 693 1673 Bohemis
719 1615 798 1694 (non
819 1614 931 1692 loquor
951 1612 1107 1693 deUChristit

225 1699 281 1774 nis,
304 1696 357 1757 sed
381 1697 598 1765 schismaticis)
625 1716 692 1756 sum
715 1698 857 1772 infestus,
880 1705 1023 1776 tanquam
1047 1695 1107 1755 eccli

224 1782 289 1841 siae
310 1780 449 1854 inimicis,
472 1788 503 1839 et
523 1778 604 1858 quod
627 1797 732 1839 eorum
762 1781 915 1858 praecanti
942 1797 1055 1839 memor
1073 1798 1107 1836 snt

225 1863 441 1942 disputatione,
464 1865 609 1941 quoniam
633 1862 922 1943 etconclusioipsa,
947 1871 978 1922 et
998 1879 1106 1938 011,an

224 1946 288 2006 bari
310 1945 405 2005 allata
432 1951 521 2019 suni,
552 1945 713 2025 primatum
747 1945 898 2006 ecclesiae
923 1946 988 2005 iure
1009 1944 1106 2002 human

225 2030 441 2101 constitutum,
465 2046 533 2087 meo
557 2046 652 2106 parvo
677 2035 708 2088 et
730 2028 800 2088 exili
823 2028 952 2103 iudicio,
984 2026 1106 2107 plurimu

225 2113 332 2171 favent
346 2109 498 2169 erroribus
512 2128 627 2186 eorum,
650 2122 690 2186 et,
712 2120 744 2169 ut
766 2111 848 2170 lama
865 2120 921 2183 est,
945 2109 984 2169 de
1000 2110 1058 2168 hoc
1075 2107 1106 2188 pli

224 2194 331 2253 rimnm
352 2191 552 2273 gratulantur.
574 2192 660 2252 Haec
684 2193 775 2254 modo
794 2193 1016 2272 inpraesentia
1036 2190 1106 2250 allen

228 2274 317 2353 tibet,
347 2274 504 2334 auditurus
536 2275 696 2336 reverendi
717 2276 812 2337 Patris
851 2285 882 2336 et
909 2275 1085 2335 sententiam

226 2358 420 2439 alligatorum
443 2357 639 2420 solutionem.

556 2536 597 2597 M.
625 2536 826 2601 Luiherus.

308 2688 438 2747 Primum
463 2690 575 2749 diluam
599 2688 832 2764 contumeliam,
870 2691 952 2768 quud
983 2711 1031 2749 me
1060 2709 1105 2769 egr

228 2773 296 2852 gius
319 2771 354 2830 D.
378 2771 495 2831 Ductor
522 2773 678 2831 insimulat
699 2772 884 2832 Bohemicae
919 2773 1059 2833 factionis
1083 2780 1104 2829 st

225 2853 348 2914 lissum
372 2855 507 2932 ctplanc
527 2863 701 2934 patronum,
722 2856 866 2935 parcatei
880 2854 1039 2931 Dominus,
1061 2874 1103 2934 pru

227 2937 330 2996 sertim
354 2936 384 2993 iu
408 2945 492 2997 tanta
515 2956 630 2998 corona
652 2945 805 2998 tantorum
819 2940 963 2997 virorum.
985 2938 1104 3015 Nunqna

226 3019 298 3078 mihi
321 3018 434 3098 placuit
455 3022 563 3079 necin
587 3028 743 3080 aeternum
777 3019 911 3099 placebit
942 3020 1104 3100 quodcuuqi

225 3102 358 3161 schisma
380 3101 483 3180 inique
505 3103 619 3162 faciunt
643 3103 797 3178 Bohemi,
820 3103 901 3181 quod
925 3124 959 3163 se
981 3104 1104 3177 autorita

225 3185 350 3264 propria
372 3192 555 3264 separabis
577 3197 683 3245 nostra
705 3187 838 3261 unitate,
860 3187 980 3246 etiamsi
1003 3189 1049 3245 ius
1069 3185 1104 3244 dii

224 3286 296 3329 uum
316 3284 374 3345 pro
389 3268 434 3327 eis
456 3274 566 3327 staret:
596 3287 663 3327 oum
686 3288 857 3349 supremum
881 3270 926 3328 ius
949 3270 1080 3328 divinum
1099 3287 1104 3323 t

222 3351 335 3409 cantas
358 3356 389 3409 ct
410 3351 509 3410 unitas
533 3352 664 3430 spiritns.

305 3431 374 3491 Hoc
406 3444 465 3513 ego
498 3435 634 3512 quaesivi
658 3434 774 3508 solum,
809 3443 839 3493 et
868 3452 944 3514 rugo
979 3432 1103 3511 quamllb

224 3513 334 3574 bouum
350 3513 563 3590 Christianum,
586 3516 728 3596 dignetur
741 3514 914 3576 Christiana
929 3518 1058 3576 caritate
1076 3533 1103 3594 pt

223 3596 373 3677 pendere,
407 3616 445 3657 an
469 3601 593 3659 nonsit
618 3599 712 3678 longe
733 3598 1016 3679 impudentissimae
1038 3599 1103 3675 iniqu

223 3681 313 3755 tatis,
343 3687 389 3741 toi
411 3680 505 3741 millia
528 3689 690 3761 martyrum
713 3689 744 3740 et
767 3681 946 3741 Sanctorum
967 3701 1024 3761 per
1044 3699 1103 3740 ann

224 3763 305 3822 mille
335 3774 365 3822 et
396 3764 635 3844 quadringentos
662 3765 693 3823 in
722 3783 832 3843 graeca
867 3764 999 3824 ecclesia
1020 3763 1103 3823 habit

222 3852 310 3906 extr-s
322 3846 485 3907 ecclesiam
496 3849 619 3927 eiicere,
630 3854 662 3907 et
675 3865 759 3907 nuno
768 3845 893 3905 domum
906 3847 999 3907 ctiam
1013 3863 1102 3923 regna
