2709 4417
261 342 325 410 426
508 341 556 398 ΙΙΙ.
592 341 699 398 doado
716 339 751 396 ds
768 341 947 394 oontssdcne

265 543 313 595 est
339 529 608 613 apprehendenda.
651 529 747 590 Vides
774 529 871 604 enim,
910 546 1003 608 qnam
1035 526 1124 604 impia
1147 534 1171 586 et

265 615 398 679 absurda
420 615 512 696 plane
534 611 702 674 confitendi
734 613 811 672 ratio
835 610 993 671 antehoc
1015 617 1130 688 tempus
1148 610 1172 668 in

264 705 379 780 papatu
400 698 505 772 fuerit,
535 696 710 776 priusquam
732 696 812 755 enim
836 693 1074 755 absolverentur
1092 692 1174 752 homi·

264 801 335 859 nes,
358 781 453 842 multa
474 786 505 840 et
526 781 610 840 varia
631 781 675 839 eia
698 789 769 838 sunt
789 779 928 837 iniuncta
950 792 1059 856 opera,
1080 773 1174 853 quibus

194 888 201 899 ⁴
263 884 320 945 pro
357 864 491 943 peccatis
529 861 740 922 satisfacerent
771 879 904 938 eamque
942 879 1010 919 rem
1043 866 1176 917 vocarunt

265 947 507 1019 absolutionem,
540 963 608 1004 cum
636 945 749 1004 rectius
778 944 919 1022 alligatio
949 942 1056 1001 vocari
1083 949 1176 1019 queat:

265 1049 336 1090 nam
360 1047 428 1089 cnm
451 1027 597 1088 tollantur
618 1035 747 1107 peccata
770 1045 825 1105 per
848 1023 1092 1097 absolutionem,
1113 1024 1137 1083 si
1154 1025 1177 1082 ei

266 1111 390 1179 credas,
413 1110 484 1188 quid
508 1111 615 1170 attinet
639 1128 743 1189 opera,
767 1106 876 1188 quibus
898 1127 957 1187 pro
980 1106 1121 1186 peccatis
1140 1125 1178 1164 sa

265 1194 415 1271 tisiacias,
438 1192 573 1253 addere?
605 1200 636 1252 et
658 1211 770 1272 cogere
791 1192 935 1251 homines
958 1209 977 1250 a
1003 1187 1066 1248 fide
1088 1194 1117 1248 et
1136 1187 1177 1247 ab

265 1277 419 1337 solutione
441 1275 479 1335 ad
502 1277 627 1354 propria
647 1275 763 1355 opera?

348 1358 424 1433 Quis
459 1359 562 1436 potius
591 1360 635 1417 sic
668 1358 797 1437 cogitari
825 1357 979 1435 oportuit:
1019 1354 1102 1412 Ecce
1128 1353 1179 1412 hcc

265 1441 407 1518 verbum,
446 1439 529 1519 quod
565 1459 583 1499 a
612 1459 661 1500 me
689 1439 776 1500 audis
798 1438 902 1498 divino
926 1437 1094 1510 mandato,
1129 1434 1178 1494 lide

265 1524 319 1584 libi
347 1532 395 1583 est
421 1522 724 1602 apprehendendum.
766 1521 798 1582 Si
820 1540 894 1600 ergo
917 1519 1050 1580 credere
1073 1520 1100 1578 ci
1125 1535 1178 1578 non

265 1613 371 1686 potes,
401 1606 507 1666 omitte
529 1605 756 1665 confessionem
778 1610 870 1664 tuam.
913 1602 985 1663 Non
1016 1609 1066 1662 est
1087 1609 1176 1661 autern

265 1689 326 1748 boc
348 1690 393 1748 ita
412 1687 637 1767 accipiendum,
659 1687 742 1766 quod
758 1686 851 1746 nolim
876 1683 1021 1746 confiteri
1043 1703 1100 1744 sua
1118 1703 1177 1763 pcc

266 1777 336 1831 cata
370 1789 441 1842 eos,
479 1777 532 1830 ant
571 1771 815 1831 consolationem
854 1778 886 1828 et
919 1767 1175 1828 confirmationem

265 1854 359 1913 animi
381 1860 502 1933 petere,
542 1872 670 1930 quorum
702 1851 850 1912 infirmior
871 1858 919 1911 est
941 1849 1030 1911 fides.
1077 1849 1136 1908 lmo
1154 1850 1175 1907 si

267 1937 363 1996 sentis
384 1935 624 1996 imbecillitatem
647 1941 747 2011 tuam,
774 1933 856 2013 qnod
879 1932 1008 1994 credere
1030 1951 1093 1992 non
1115 1949 1173 2010 pos-

264 2020 325 2095 sis,
361 2020 558 2097 conqueraris
580 2037 618 2078 ea
639 2018 678 2078 de
700 2037 733 2077 re
754 2016 835 2096 apud
855 2017 980 2076 fratrem
1005 2022 1106 2088 tuum,
1135 2015 1173 2073 cui

265 2099 405 2160 confiteri
434 2100 530 2162 voles.
581 2102 653 2160 Dic:
687 2100 792 2162 Sentio
829 2099 971 2178 quidem,
1004 2096 1089 2177 quod
1113 2115 1172 2156 ocn-

263 2183 399 2243 iessione
420 2190 452 2242 et
471 2182 666 2244 absolutione
687 2181 817 2243 babeam
845 2201 939 2261 opus,
978 2199 1086 2241 verum
1106 2178 1172 2238 indr-

265 2266 344 2326 mior
366 2272 413 2325 est
442 2264 518 2325 fides
541 2285 624 2342 mea,
656 2285 746 2343 quam
776 2265 857 2343 quod
887 2266 989 2343 possit
1016 2270 1100 2322 certo
1125 2261 1171 2320 sibi

263 2347 452 2428 persuadere
474 2367 549 2408 vera
569 2367 648 2424 esse,
671 2367 749 2427 quae
772 2367 812 2407 ex
833 2354 863 2406 tc
885 2346 988 2408 audio.
1033 2345 1109 2404 Nam
1131 2346 1169 2402 cui

264 2432 375 2490 rectius
398 2430 436 2491 de
457 2431 667 2490 imbecillitate
689 2438 742 2489 tua
757 2436 945 2509 conquestus
966 2428 1071 2504 tueris,
1093 2444 1170 2504 quam

263 2513 352 2573 Deo?
388 2514 455 2573 Deo
478 2520 579 2572 antem
603 2520 665 2573 tum
690 2513 901 2592 conquereris,
935 2530 1011 2575 cum,
1028 2511 1109 2569 fratri
1128 2517 1170 2567 tuo

264 2596 477 2674 conquereris,
511 2596 614 2674 quite
642 2601 749 2654 sancto
771 2595 827 2654 Dei
852 2593 948 2654 verbo
972 2592 1122 2653 consolari
1142 2609 1171 2649 sc

264 2676 446 2738 confirmare
467 2685 585 2757 potest,
618 2682 711 2756 atque
740 2697 778 2737 ea
800 2677 922 2736 demum
950 2695 1026 2735 vera
1046 2682 1093 2735 est
1112 2693 1171 2733 con-

264 2761 369 2821 fessio
412 2760 535 2821 Utinam
565 2767 666 2820 antcm
690 2779 798 2820 omnes
826 2779 863 2820 eo
897 2778 997 2837 usque
1029 2757 1171 2838 progressi

264 2849 376 2919 essent,
399 2849 432 2902 ut
443 2841 661 2903 confiterentur
682 2842 754 2902 fidei
775 2861 849 2902 suae
860 2841 1079 2914 infirmitatem,
1100 2837 1170 2918 quod

263 2925 320 2985 Dei
342 2924 597 3004 promissionibus
619 2925 744 2986 credere
765 2943 828 2985 non
851 2932 988 3004 possent.

346 3007 430 3068 Haec
451 3009 511 3067 iam
533 3007 571 3068 de
593 3009 790 3068 confessione
807 3005 969 3084 sufficiant,
992 3005 1075 3085 quod
1092 3022 1172 3064 nemc

264 3089 303 3149 ad
324 3109 392 3150 eam
415 3092 485 3169 cogi
508 3090 636 3168 debeat,
672 3091 725 3151 sed
748 3097 781 3150 ut
803 3090 960 3165 volentes,
997 3106 1060 3147 non
1084 3087 1172 3147 coacti

200 3224 205 3234 ,
264 3172 473 3234 confiteamur.
955 3196 959 3207 ·

345 3255 458 3316 Verum
480 3262 609 3334 quaerat
630 3254 755 3333 aliquis,
793 3253 937 3332 quidnam
969 3254 1009 3312 sit
1039 3249 1174 3313 confiten-

263 3336 356 3397 dum?
386 3337 482 3397 Multa
504 3339 607 3418 nugati
630 3337 682 3396 hic
702 3343 789 3414 sunt,
812 3338 862 3415 qui
883 3337 1034 3396 hactenus
1056 3337 1087 3394 in
1109 3341 1174 3393 tem-

262 3418 321 3496 plis
352 3419 536 3495 docuerunt,
573 3419 612 3480 de
641 3420 775 3499 quinque
804 3419 960 3496 sensibus,
995 3418 1034 3477 de
1066 3424 1174 3496 septem

262 3503 400 3578 pcccatis
424 3502 619 3577 mortalibus,
647 3501 816 3562 de-decem
839 3501 1030 3581 praeceptis,
1065 3509 1096 3560 et
1114 3499 1174 3559 aliis

262 3583 420 3659 similibus,
443 3585 552 3664 quibus
574 3585 676 3664 potius
700 3584 864 3663 implicitae
886 3591 957 3643 sunt
973 3583 1175 3643 conscientiae

262 3683 353 3744 quam
376 3666 508 3728 adiutae.

346 3749 462 3812 Verum
484 3750 529 3812 sic
546 3750 686 3831 oportuit
704 3747 787 3823 irem,
804 3747 943 3806 debebas
959 3753 1038 3805 ante
1055 3747 1175 3822 diligen-

255 3840 304 3900 m
337 3836 610 3920 circumspicere,
653 3846 815 3912 quaenam
841 3828 980 3902 peccata
1006 3829 1044 3878 le
1070 3825 1203 3876 mame
