2709 4417
471 377 498 445 *u
514 361 641 431 lloturiis'
654 366 779 430 excepta.
1036 356 1098 428 169

199 567 223 606 rs
247 548 365 608 vestris
386 547 512 609 ιιιιιιιιιιι
534 547 827 624 lleudionntiumab
848 548 935 609 initio
957 546 1095 610 detraxe·

199 638 244 690 nt.

253 716 304 776 Ad
328 715 503 775 lnnooentii
523 717 556 775 in
578 715 713 795 generali
743 715 875 777 coneilio
900 714 1097 776 Constitutio-

199 818 237 857 em
262 799 354 873 dicit,
376 817 411 858 se
434 817 495 858 non
518 799 700 879 intelligere,
722 797 878 878 quomodo
893 798 1026 876 valeant,
1049 799 1099 858 vel

199 881 388 963 dulgentiae
424 883 485 941 sint
520 882 660 942 remissio
694 887 902 961 peooatorum.
946 881 1039 958 Diuo,
1067 889 1100 941 ut

199 985 307 1046 mper,
329 984 394 1026 non
417 964 510 1044 dabo,
532 971 593 1024 tam
616 965 747 1025 solenne
760 964 923 1025 eonsilium
947 970 978 1025 et
1000 965 1098 1045 legiti-

199 1067 250 1107 um
278 1048 423 1129 potuisse
446 1067 556 1125 errare,
581 1066 649 1108 enm
671 1067 691 1107 a
704 1048 818 1127 Spiritu
834 1054 942 1108 ssnoto
964 1066 1026 1108 uon
1049 1047 1100 1108 de·

200 1130 378 1210 linquatur,
404 1137 435 1190 et
457 1132 597 1191 remissio
619 1137 816 1211 peecatorum
839 1130 1040 1211 intelligenda
1061 1133 1101 1191 sit

199 1215 275 1275 road
308 1233 461 1295 poenam,
492 1215 563 1293 quia
595 1210 708 1275 nomen
735 1214 854 1294 pennati
883 1232 945 1274 non
979 1233 1101 1294 semper

199 1315 224 1356 ὀ
256 1299 370 1377 eulpa,
413 1296 467 1356 sed
496 1298 601 1358 etiam
632 1316 689 1377 pro
724 1317 827 1377 poena
858 1298 968 1377 eulpae
996 1297 1101 1358 debita

199 1389 351 1460 turpatur,
374 1381 453 1439 siout
474 1380 555 1459 apud
577 1379 782 1440 Maehabaeos
796 1379 844 1455 ²¹¹1,
867 1387 900 1441 ιιι
920 1400 939 1440 s
961 1381 1099 1460 peeestis

199 1463 362 1538 tumtur,
398 1462 480 1540 quod
510 1462 548 1524 de
570 1464 660 1542 eulpa
687 1465 793 1542 nequit
813 1464 943 1544 intelligi
965 1464 1097 1540 mortali,

199 1545 223 1603 =d
247 1546 290 1605 de
303 1565 408 1625 poena
419 1546 528 1625 eulpae
550 1546 660 1608 debita.
685 1546 750 1605 Etsi
763 1547 974 1626 indulgentiae
995 1546 1095 1606 diean-

199 1648 218 1688 ιι
240 1629 323 1704 dari,
348 1635 382 1688 ut
399 1629 597 1689 absolvantur
618 1649 637 1688 a
658 1647 764 1708 poena
784 1637 816 1690 et
829 1629 928 1709 eulpa,
953 1648 1005 1689 eas
1028 1648 1100 1690 eon·

199 1720 341 1790 spuentes
363 1711 465 1770 nullus
493 1712 668 1772 existimare
697 1711 789 1772 debet
816 1711 1021 1792 indulgentias
1053 1730 1100 1772 re-

199 1796 295 1854 littere
319 1795 452 1875 eulpam,
475 1794 527 1853 sed
551 1796 623 1874 quia
638 1814 721 1874 pups
741 1794 894 1867 ooneedit,
915 1801 948 1855 ut
962 1814 981 1854 a
995 1795 1095 1875 eulps,

199 1877 332 1938 radiante
343 1883 535 1936 sacramento
558 1878 777 1957 poenitentiae,
799 1897 818 1937 a
839 1877 994 1957 deputatis
1016 1896 1102 1937 oom-

199 1961 325 2020 rissariis
347 1959 555 2036 absolvantur,
579 1967 610 2020 et
624 1959 966 2042 deindaindulgentiss,
986 1959 1017 2019 id
1040 1967 1096 2033 est,

199 2062 347 2103 uenarum
365 2043 563 2103 remissiones
584 2049 820 2122 consequantur.

262 2125 354 2200 erod
377 2125 431 2197 **)
453 2143 528 2185 vero
551 2144 584 2186 se
606 2132 749 2199 exerrent,
778 2125 860 2205 quod
883 2125 975 2200 dixit,
1002 2125 1099 2185 indul·

199 2211 300 2286 gentius
323 2227 392 2268 esse
403 2209 509 2267 vitium
532 2208 604 2268 boni
627 2210 740 2289 operis,
762 2211 834 2288 quis
854 2215 886 2269 et
907 2210 975 2289 ipse
999 2209 1103 2268 volue-

199 2292 224 2350 it
248 2293 358 2351 ueteris
388 2290 520 2378 panibus,
541 2310 619 2370 opus
651 2291 766 2352 bonum
801 2311 869 2351 oum
899 2291 1096 2372 indulgentiis

199 2393 253 2433 esse
274 2374 396 2447 melius,
420 2390 510 2452 quum
533 2375 600 2433 siue
620 2373 827 2455 indulgentiis.
851 2374 911 2436 Sed
932 2376 1018 2434 sieuti
1042 2373 1097 2434 tier

199 2456 298 2532 solent,
330 2457 402 2533 quia
424 2457 468 2515 ita
486 2450 628 2517 borssnes
651 2456 856 2537 indulgentias
877 2457 1044 2531 redimant,
1070 2463 1105 2515 ut

199 2538 266 2598 bona
298 2558 394 2619 opem
426 2539 481 2598 ills
516 2540 582 2598 sine
624 2539 821 2619 indulgentiis
852 2560 914 2600 non
957 2540 1104 2617 fecerent,

199 2623 324 2700 quamvis
348 2622 496 2701 pleraque
526 2640 618 2701 super
645 2622 698 2682 illo
728 2623 809 2684 dieto
840 2623 941 2683 efferri
964 2628 1103 2702 possent,

201 2705 398 2777 dissimili,
434 2703 558 2782 quando
589 2705 679 2765 vieini
702 2713 829 2786 propter
849 2707 1012 2766 amicitiam
1034 2706 1104 2764 viei-

203 2805 294 2846 uorum
317 2789 508 2851 conveniunt
536 2786 575 2845 ad
603 2787 776 2849 oblationes
803 2796 833 2848 et
856 2789 1013 2849 offertoria
1035 2788 1104 2868 plus
1181 2856 1184 2865 ,

202 2887 275 2946 quum
310 2871 422 2930 iutuitu
451 2877 650 2930 mortuorum.
693 2872 837 2933 Attamen
868 2872 940 2932 mihi
962 2877 1100 2952 apparet,

202 2952 301 3012 meliori
322 2952 437 3013 iudioio
467 2969 590 3032 semper
612 2953 719 3030 salvo,
742 2954 885 3015 huonon
909 2974 978 3014 esse
999 2955 1104 3014 vitium

203 3031 259 3093 boui
288 3037 399 3113 operis.
443 3035 576 3095 Primum
605 3055 643 3099 ex
673 3056 729 3109 eu,
759 3039 831 3116 qnia
860 3056 979 3097 eaerum
1002 3038 1104 3098 eonoi·

203 3115 257 3174 lium
291 3136 347 3194 per
378 3117 584 3199 indulgentius
622 3120 686 3178 vult
723 3121 858 3181 excitare
890 3121 1031 3180 homines
1065 3118 1104 3178 ad

204 3196 269 3258 bonu
290 3218 394 3280 opera.
440 3199 604 3277 Secundo,
633 3203 704 3280 quia
725 3210 812 3281 esto,
843 3203 926 3281 quod
949 3203 1010 3262 tale
1033 3201 1104 3280 quid

205 3279 314 3359 ludunt,
342 3282 393 3342 vel
415 3283 596 3363 exhibeant,
624 3291 749 3364 propter
768 3285 975 3366 indulgentius
997 3304 1104 3345 eonse-

206 3363 339 3443 queudus‚
370 3372 474 3424 tamen
497 3367 557 3426 ista
579 3385 674 3446 opera
701 3387 740 3427 ex
761 3368 815 3428 illo
842 3367 903 3429 flue
925 3388 988 3428 non
1010 3367 1104 3427 inlici-

207 3454 295 3517 untur,
324 3448 470 3526 quoniam
503 3447 572 3508 linis
600 3451 658 3509 iste
679 3450 936 3531 indulgentiarum
959 3471 1021 3511 nou
1044 3450 1101 3509 dis·

208 3537 292 3609 erepet
312 3549 332 3590 a
352 3529 414 3589 line
437 3530 565 3609 ultimo,
600 3532 643 3592 ita
667 3534 749 3612 quod
771 3552 940 3614 poenarum
961 3535 1100 3594 remissio

236 3736 298 3793 72.
317 3737 385 3786 nse.
410 3734 451 3788 12.
516 3735 562 3801 *‘)
581 3736 612 3789 ln
633 3756 727 3812 marg.
748 3738 792 3796 ed.
813 3741 916 3813 origin.
937 3745 967 3796 et
983 3736 1111 3796 lemtim

199 3795 283 3914 lgm:
317 3802 368 3853 3¹⁶
396 3805 574 3862 ⁶⁰¹¹⁶¹¹¹¹¹³vlt
599 3808 705 3870 Euctus
739 3816 816 3873 hora
840 3815 863 3874 2
890 3815 951 3873 diei
978 3814 1034 3870 Xt.
1053 3809 1127 3866 tuln
