2709 4417
374 361 515 430 parendus
533 363 642 416 enimus
662 360 698 415 od
717 366 844 417 mortem.
1019 357 1082 426 473

192 549 275 626 oles,
306 556 337 610 et
364 557 397 610 ut
419 559 503 614 certo
527 551 650 628 credes,
688 551 792 610 omnic
812 550 865 610 illa
885 557 1082 630 accepturum

191 659 193 685 ε
216 651 295 695 esse.
340 632 420 708 Quid
441 635 533 712 igitur
553 634 600 695 his
623 630 694 694 eddi
716 639 820 713 potest
841 632 998 712 amplius?

248 715 329 775 Vere
349 718 442 797 igitur
462 717 545 776 Deus
567 725 631 795 est,
664 717 716 794 qui
740 717 888 775 maximos
910 723 1010 776 tecum
1032 735 1082 776 res
1183 748 1185 751 ·

191 799 235 876 git.
279 797 319 857 Et
340 801 485 877 quoniam
507 800 657 878 promittit
679 817 769 878 opem
792 807 823 859 et
844 797 950 872 robur,
974 800 1081 859 meritc

191 898 223 939 co
247 881 353 941 mortis
376 901 454 941 onus
476 882 507 940 in
530 886 560 941 tc
582 882 734 956 coniecit,
761 887 793 942 ut
814 881 982 961 periculum
1003 882 1083 942 foce·

191 983 229 1036 ιε,
265 971 379 1040 quanto
410 965 528 1044 gratiae
561 965 607 1024 vis
637 983 674 1024 ec
703 965 842 1043 potentia
863 969 955 1025 esset.
999 963 1085 1025 Sicut

191 1047 239 1104 cit
268 1046 346 1110 Pscl.
378 1049 451 1108 111:
485 1047 598 1126 Magne
631 1065 727 1126 opero
756 1047 901 1123 Domini,
932 1048 1083 1125 exquisita

191 1127 333 1187 reundum
356 1129 545 1189 voluntatem
573 1130 646 1191 eius.
691 1129 742 1191 Sic
763 1131 854 1210 igitur
875 1130 1083 1207 unusquisque

191 1231 196 1268 ι
219 1219 395 1289 comparet,
419 1220 452 1271 ut
474 1213 589 1292 gratias
610 1213 677 1274 Deo
702 1231 757 1272 suo
780 1232 836 1291 pro
859 1213 1010 1272 immensa
1030 1211 1085 1272 illc

191 1293 304 1352 initote
334 1301 365 1353 et
385 1293 595 1354 misericordia
616 1302 710 1375 aget,
744 1314 844 1373 neque
876 1302 937 1354 tum
971 1301 1084 1355 terrere

191 1393 220 1434 >s
243 1374 298 1434 ills
319 1377 425 1436 mortis
446 1376 541 1436 facies
562 1376 670 1455 debet,
700 1397 790 1456 quem
813 1375 1022 1438 misericordia
1043 1375 1083 1437 cd

191 1476 262 1517 eum
296 1458 459 1518 amandum
492 1465 522 1520 et
554 1459 792 1539 praedicendum
829 1462 981 1538 excitare,
1012 1478 1083 1520 nam

191 1558 250 1600 nor
281 1560 353 1620 erge
375 1542 473 1602 Deum
497 1548 528 1602 et
555 1542 742 1621 praedicatio
770 1544 887 1622 gratiae
909 1541 1085 1603 mirabiliter

191 1640 289 1700 ioque
311 1634 439 1684 mortem
469 1625 603 1704 mitigat,
639 1626 717 1685 sicut
738 1623 877 1700 locius*)
902 1625 987 1685 dicit:
1015 1624 1083 1705 Ego

191 1723 196 1760 ι
220 1712 307 1764 tuum
336 1705 427 1766 laude
457 1725 525 1767 mec
546 1706 690 1785 frenab0,
719 1727 758 1767 ne
785 1727 903 1787 percus.
947 1707 979 1767 ld
1001 1706 1084 1784 quod

191 1786 252 1846 ›bis
284 1796 418 1866 praestet
447 1788 549 1849 divina
572 1790 781 1850 misericordia
802 1810 858 1868 per
878 1790 978 1850 lesum
1001 1789 1083 1849 chri·

191 1888 242 1926 um
269 1871 433 1929 Dominum
456 1876 604 1932 nostrum.
636 1872 744 1934 Amen.
