2709 4417
394 330 396 341 Ι
421 344 434 381 ”
474 374 491 409 a
510 356 631 412 Ilotariis
649 364 773 427 excepta.
1008 354 1071 425 213

187 550 261 608 ucis.
304 547 344 606 Et
363 549 394 606 iu
411 547 561 608 Sermone
582 546 678 607 latino
692 545 849 607 collaudat
869 546 982 607 dictum
1006 548 1070 608 vul·

187 633 271 692 arium
291 631 370 690 ultra
391 649 513 692 omnem
536 630 707 690 doctrinam
719 631 887 691 Doctorum
910 631 1071 700 scholasti·

187 735 269 793 orum,
289 713 327 774 de
338 714 529 794 poenitentia
543 713 662 774 datam:
685 713 813 776 blitumst
823 715 893 790 ibus
916 711 958 778 bie
972 715 1072 790 bddplte

187 800 249 874 lube.
291 797 417 876 Optima
449 798 639 878 poenitentia
673 815 756 856 nova
790 797 870 874 vita,
904 797 1071 858 secundum

187 884 289 951 :lassam
313 881 390 943 eius.
435 879 628 940 Addiderunt
644 880 737 940 talem
751 881 982 959 persuasionem
1004 882 1072 962 ipse

188 970 419 1045 tpropugnator,
444 965 514 1043 quia
535 966 560 1024 si
572 965 716 1024 averterit
736 983 771 1023 se
792 965 903 1043 impius
925 983 944 1022 a
957 963 1072 1024 iustitia

187 1068 218 1109 ua
238 1054 292 1115 etc,
334 1045 365 1108 Si
390 1046 429 1106 ad
451 1066 564 1107 novam
588 1065 720 1127 poenam
745 1047 891 1126 imputat,
914 1047 1071 1126 quomodo

187 1132 268 1192 licitur
288 1149 350 1189 uon
372 1129 538 1205 recordari,
563 1138 594 1189 et
613 1136 698 1209 patet
708 1130 875 1190 Conclusio
898 1149 955 1189 sua
976 1131 1070 1190 mani·

187 1221 236 1274 este
257 1213 371 1290 dicens,
394 1231 525 1292 peccare
548 1212 751 1289 sacerdotem,
773 1213 824 1291 qui
847 1216 908 1273 non'
932 1212 1074 1274 absolvat

187 1297 287 1378 ,eulpa
309 1303 340 1356 et
361 1314 473 1374 poena.
497 1296 574 1355 Huio
597 1297 692 1356 errori
708 1314 767 1376 ego
782 1295 955 1356 contradixi
976 1295 1004 1358 S.
1018 1295 1071 1356 Pa-

187 1401 237 1439 rum
257 1378 488 1451 autoritatibus,
522 1378 630 1458 quibus
659 1379 728 1458 ipse
749 1378 846 1438 voluit
867 1377 1009 1461 illudere,
1042 1385 1073 1439 et

187 1463 313 1522 aditores
335 1461 504 1538 fascinare,
535 1463 621 1540 quasi
650 1461 732 1540 apud
762 1480 831 1521 eum
859 1460 959 1522 solum
990 1470 1072 1522 esset

187 1551 291 1606 otestas
313 1544 534 1623 interpretandi
558 1564 676 1604 sacram
701 1543 897 1623 Scripturam.

225 1626 323 1688 ·Unde
354 1627 433 1687 bene
469 1627 584 1688 adduxi
614 1635 722 1687 contra
753 1646 821 1686 eum
852 1627 1072 1707 Augustinum:

187 1711 226 1771 lon
247 1710 358 1771 sufficit
379 1729 482 1771 mores
503 1713 534 1771 iu
556 1711 664 1770 melius
677 1715 865 1770 commutare
888 1716 919 1770 et
940 1709 1070 1769 amalis

187 1795 240 1854 actis
260 1793 407 1853 recedere
433 1801 492 1860 etc.
535 1793 593 1854 Ubi
618 1800 665 1854 est
687 1792 936 1871 liquidissimum,
960 1790 1072 1852 doctri·

189 1897 226 1936 am
246 1895 283 1936 ex
305 1876 455 1937 Sermone
477 1876 642 1956 allegatam
665 1895 734 1936 esse
753 1875 875 1958 falsam,
897 1877 969 1954 quia
989 1893 1073 1936 nova

187 1960 220 2018 ita
238 1979 296 2018 non
320 1965 368 2018 est
390 1961 506 2038 optima
528 1960 735 2038 poenitentia,
764 1978 831 2018 cum
856 1977 918 2018 nou
941 1957 1073 2019 sufficiat

187 2041 316 2101 mundum
334 2039 546 2121 Au'gustinum.
589 2041 730 2102 uthere
753 2043 845 2101 etiam
869 2038 1008 2103 doctrina
1020 2041 1073 2100 illa

187 2124 338 2204 uprobatur
358 2143 415 2204 per
436 2126 470 2185 B.
495 2125 706 2200 Ambrosium,
729 2124 779 2185 lib.
803 2127 832 2188 2.
855 2123 894 2184 de
915 2125 1072 2204 poeniten.

187 2226 222 2286 sp.
241 2212 274 2271 5:
297 2207 444 2286 Apostoli
464 2208 632 2267 secundum
656 2207 767 2267 Christi
789 2207 997 2288 magisterium
1020 2204 1072 2265 do

187 2298 278 2349 uemnt
310 2292 544 2370 poenitentiam.
594 2291 635 2350 Et
667 2291 761 2349 inira:
796 2288 854 2364 Qui
891 2290 971 2349 euim
1007 2288 1071 2367 agit

187 2374 389 2450 senitentiam,
413 2378 475 2443 non
500 2373 599 2433 solum
615 2372 731 2432 diluere
743 2371 834 2433 debet
849 2372 981 2431 lacrimis
1002 2388 1073 2450 pec-

187 2463 251 2515 atum
267 2476 366 2533 suum,
389 2455 549 2516 sedetiam
566 2454 824 2516 emendatioribus
841 2455 928 2514 iactis
951 2454 1072 2533 operire

187 2545 198 2597 t
217 2546 313 2618 tegere
335 2547 465 2618 peccata
488 2558 552 2602 sua.
598 2538 774 2599 Clarissima
797 2536 946 2606 S..Patris
968 2534 1073 2613 verbs,

187 2620 1072 2701 ruodemendatioribusfaotisagendopoenitentiamtegere

187 2703 295 2764 labemus
317 2711 456 2784 peccata.

237 2788 275 2846 At
296 2806 365 2846 cum
390 2787 570 2847 autoritates
582 2786 683 2846 forent
695 2785 956 2864 expressissimae,
972 2783 1071 2843 Deum

187 2887 221 2927 rou
239 2871 390 2930 remittere
411 2875 572 2949 peccatum
593 2869 785 2948 impunitum,
808 2867 947 2947 confugit
968 2866 1007 2925 ad
1021 2866 1073 2924 rni-

187 2951 276 3012 abilem
299 2972 469 3032 poenarum
493 2950 740 3023 distinctionem,
770 2950 818 3028 qui
839 2955 941 3009 mmeu
964 2948 1073 3008 solitus

187 3039 217 3109 st,
235 3035 444 3096 Scholasticos
468 3034 508 3094 ob
526 3034 757 3094 distinctionum
780 3052 867 3091 usum
889 3031 1075 3111 improbare,

187 3122 200 3173 t
215 3116 296 3193 dixit,
319 3138 470 3197 poenam,
501 3136 561 3195 qua
581 3117 665 3177 Deus
688 3115 751 3175 vult
773 3121 933 3194 peccatum
956 3115 1074 3194 punire,

187 3216 222 3257 ron
253 3220 344 3279 posse
378 3201 489 3260 auferri
512 3220 568 3280 per
602 3200 757 3260 hominem
792 3197 842 3256 vel
876 3217 931 3277 per
953 3215 1075 3277 papam,

187 3281 241 3357 luod
262 3290 309 3342 est
331 3285 467 3343 omnium
480 3283 688 3357 falsissimum,
711 3286 741 3341 et
759 3282 920 3360 potestatis
944 3278 1074 3340 clavium

187 3365 385 3426 uuullativum.
428 3365 506 3424 Nam
536 3365 782 3444 inpoenitentia
807 3363 888 3423 sacta
910 3368 1090 3421 commuta-¹

187 3445 241 3507 ione
260 3469 382 3528 poenae
405 3457 487 3508 certe
509 3449 602 3508 homo
626 3453 729 3526 potest
751 3446 871 3505 solvere
893 3445 976 3505 illam
1001 3464 1076 3524 poe·

187 3546 239 3611 ran,
254 3551 308 3611 per
328 3533 428 3612 ipsum
446 3530 642 3611 Apostolum,
664 3549 720 3609 per
741 3528 940 3589 reverendum
954 3526 1081 3590 Patrem

187 3610 320 3689 nductum,
346 3618 372 3676 1.
389 3614 458 3678 (lor.
473 3617 526 3674 lt:
549 3612 580 3673 Si
603 3613 757 3691 nosipsos
778 3610 990 3681 indicaremus,
1014 3629 1075 3671 non

187 3693 261 3772 tique
292 3696 497 3756 iudicaremur
527 3715 546 3754 a
567 3695 717 3758 Domino.
760 3693 863 3771 Quare
893 3695 920 3753 si
940 3712 997 3755 nos
1019 3708 1076 3774 prb

187 3788 211 3859 ξε
221 3793 326 3848 poena
346 3777 572 3851 satisfacimus,
610 3769 698 3842 Deus
720 3800 780 3864 pro
801 3785 938 3864 peccato
959 3799 983 3840 a
1000 3776 1096 3838 nolim

187 3867 227 3906 am
247 3872 312 3913 uon
336 3858 451 3937 exigit,
480 3861 607 3944 alioqui
631 3873 754 3931 contra
775 3867 1000 3954 proplietam,
1027 3857 1141 3928 XM.
