2709 4417
510 359 528 396 a
544 343 666 443 Uoturiis
684 348 808 425 excepta
1074 340 1116 409 85

220 530 340 591 &sanus
363 526 526 591 chaldaice
549 534 579 589 et
601 526 723 589 ebraice
750 527 858 589 doctus
879 528 909 589 in
932 527 1015 590 libris
1037 529 1118 591 exci-

218 613 349 689 tationum
368 617 513 690 testatur,
543 610 649 672 Petrus
671 611 763 671 etiam
785 611 889 673 valere
911 617 1038 690 tuntum,
1061 613 1118 673 sic·

218 704 243 756 ut
259 698 348 774 caput
368 694 491 758 domus.
526 693 628 770 Quare
658 713 720 756 non
749 700 836 755 tanta
856 695 976 756 inscitia
996 694 1117 757 labora·

217 779 251 839 n't
268 777 455 857 Anacletus,
489 778 515 838 si
537 776 673 858 cepham
695 796 751 858 pro
773 778 874 859 capite
894 778 1118 858 interpretatur,

215 858 258 922 scd
278 866 432 940 utcunque
454 860 578 921 sitnon
599 859 703 939 video,
726 878 800 942 quq
808 861 990 942 fucopossit
1003 880 1117 941 negare

215 944 264 1005 alia
290 942 416 1005 decreta
438 942 469 1005 S.
493 948 658 1024 martyrum
691 948 723 1003 et
744 942 974 1023 confessorum,
996 951 1029 1005 ut
1050 944 1117 1005 Cle·

214 1027 313 1088 mentis
334 1026 401 1088 XX.
434 1026 504 1087 dist.
526 1026 682 1104 Marcelli,
703 1025 793 1103 tulii,
820 1026 951 1106 Pelagii,
988 1025 1117 1104 Nicolai‚

213 1109 383 1191 Agathonis,
395 1108 540 1188 Simonis,
554 1105 666 1190 vigilii,
680 1107 837 1169 Benedicti
849 1116 907 1170 etc.
930 1108 1032 1184 Quare
1053 1118 1116 1170 tan-

213 1195 244 1254 tis
260 1191 399 1255 Patribus
421 1200 453 1254 et
474 1211 562 1254 sacro
587 1192 718 1253 concilio
747 1191 829 1254 malo
860 1192 1117 1254 condescendere.

564 1356 612 1417 Ad
634 1375 774 1437 scrupos.

283 1474 324 1535 At
335 1476 474 1536 omnium
496 1474 675 1534 invitissimo
693 1472 805 1553 audivi,
828 1473 910 1553 qnod
932 1474 1117 1535 reverendus

216 1558 293 1620 Pater
314 1565 425 1619 contra
445 1557 640 1617 illustrissimi
664 1557 812 1637 Principis
832 1558 964 1634 iussum,
993 1575 1054 1636 quo
1075 1558 1119 1634 in7

216 1648 284 1702 tacta
305 1659 434 1702 manere
455 1640 553 1700 voluit
578 1639 797 1700 illustrissimus
819 1640 964 1719 Princeps
985 1659 1004 1700 a
1025 1641 1118 1700 sacris

215 1723 338 1785 conciliis
361 1723 485 1801 decisa,
505 1722 663 1782 reverend.
685 1728 788 1783 tamen
810 1722 953 1783 Peterin
975 1722 1118 1783 hesterna

216 1807 343 1868 obduruit
365 1806 539 1884 sententia,
572 1812 603 1866 et
624 1812 756 1884 quatuor
789 1806 952 1886 proposuit
973 1806 1118 1866 articulos

215 1889 464 1951 interHussiticos
487 1887 723 1968 condemnatos,
747 1905 824 1966 quos
846 1891 969 1968 reputat
989 1890 1056 1968 ipse
1070 1907 1117 1948 ca·

217 1972 334 2033 tlolioos
359 1979 390 2032 et
412 1971 627 2052 evangelicos,
648 1970 776 2050 pulchre
800 1977 881 2031 certe
903 1970 1046 2031 Bohemis
1067 1990 1119 2051 pa-

215 2056 379 2117 trocinatur.
420 2054 479 2115 Pr0
502 2053 623 2114 concilii
644 2060 747 2113 tamen
769 2055 941 2114 reverentia
961 2054 1058 2114 voluit
1079 2053 1117 2114 ab

215 2140 377 2229 impostore
407 2137 512 2218 aliquo
535 2135 665 2196 additos.
697 2136 799 2196 Primo
824 2137 955 2198 omnium
979 2137 1118 2217 egregius

215 2220 309 2282 doctor
330 2223 364 2282 et
385 2219 498 2281 nobilis
519 2219 728 2299 Hieronymus
752 2220 790 2279 de
814 2219 954 2298 Oroatia,
977 2221 1027 2298 qui
1049 2228 1119 2278 acta

215 2304 323 2364 concilii
346 2304 464 2364 curavit
484 2302 626 2381 imprimi,
649 2303 812 2362 transsumi
833 2302 920 2377 fecit,
943 2301 999 2361 snb
1019 2302 1118 2361 formu

215 2386 398 2461 sntbentica,
426 2390 458 2446 et
479 2404 547 2444 curn
568 2404 618 2445 res
638 2385 683 2445 ite
704 2384 864 2445 manifeste
885 2390 955 2445 acta
977 2386 1017 2444 sit
1039 2383 1118 2444 Gon·

215 2470 340 2547 stantiae,
363 2469 508 2528 Hussitae
531 2475 593 2528 tam
617 2465 667 2527 diu
680 2486 743 2528 non
761 2469 954 2528 reticuissent
974 2466 1118 2527 articulos

214 2553 321 2633 aliquos
335 2571 405 2613 esse
427 2549 615 2611 subditicios.
638 2550 746 2628 Neque
756 2551 870 2630 poterit
880 2551 1026 2630 suspicari
1035 2568 1118 2610 reve-

214 2636 313 2697 raudus
333 2641 432 2715 pater,
454 2632 536 2712 quod
549 2633 613 2694 heri
629 2638 844 2713 assumpserat,
866 2633 1033 2694 adulatoris
1052 2651 1118 2712 per-

212 2719 279 2778 nicie
301 2717 424 2778 inRom.
438 2715 618 2776 Pontificem
642 2715 766 2789 factum,
789 2734 856 2774 cum
869 2714 1118 2776 lohannesHuss

212 2821 284 2862 unno
306 2800 376 2861 XV.
388 2799 478 2860 fuerit
491 2797 678 2876 combustus,
690 2798 895 2878 Hieronymus
910 2798 1031 2878 collega
1046 2816 1117 2856 suus

211 2902 284 2945 anno
307 2882 390 2944 XVl.
412 2882 544 2942 Martino
567 2881 603 2940 V.
627 2883 755 2962 primum
792 2881 892 2943 electo
921 2900 1002 2941 enno
1025 2879 1117 2942 XVll.

208 2967 266 3046 ipso
290 2965 344 3026 die
368 2964 499 3025 Martini.
521 2963 624 3039 Quare
646 2963 676 3025 S.
699 2963 804 3024 Patres
827 2971 858 3024 et
878 2965 934 3024 viri
950 2961 1118 3023 inadulabi-

207 3049 246 3109 les
268 3068 310 3109 ex
333 3046 474 3108 omnibus
497 3046 671 3107 nationibus
695 3046 912 3127 principalibus
935 3045 1046 3106 adhoc
1067 3043 1118 3104 de·

207 3132 299 3211 putati
334 3128 479 3190 articulos
509 3128 579 3190 illos
608 3129 834 3209 discusserunt,
866 3138 896 3191 et
923 3134 1119 3189 sacrosancta

207 3212 342 3295 synodus
365 3230 419 3272 eos
443 3211 608 3285 damnavit,
629 3211 806 3292 reprobavit
827 3220 858 3273 et
878 3220 1015 3273 autorem
1037 3228 1118 3271 eom-

205 3297 309 3359 bussit
332 3295 469 3375 Ideoque
492 3293 658 3375 equolibet
678 3295 763 3356 bono
785 3295 947 3356 christiano
969 3313 1025 3374 pro
1048 3310 1118 3353 con-

204 3379 355 3441 demnatis
376 3385 408 3439 et
428 3378 603 3459 reprobatis
626 3377 760 3439 habendi
784 3386 861 3439 sunt.
895 3376 959 3436 Nec
981 3376 1120 3455 imponat

205 3462 276 3525 mibi
299 3461 488 3523 reverendus
509 3461 617 3539 Pater,
650 3461 734 3540 quod
755 3461 845 3522 velim
869 3458 907 3519 de
928 3458 988 3518 illis
1010 3459 1118 3519 articu-

203 3545 239 3605 lis
261 3544 410 3620 iudicare‚
434 3546 503 3624 quia
524 3546 589 3604 iam
610 3542 734 3604 iudicati
758 3553 836 3604 sunt.

285 3627 360 3691 Non
380 3627 512 3702 relevat,
540 3626 623 3707 quod
652 3646 720 3688 cum
754 3626 889 3707 synodus
911 3624 1048 3684 meminit
1068 3621 1119 3682 ali·

203 3729 374 3792 quoslesse
395 3710 586 3791 haereticos,
609 3710 687 3771 alios
709 3710 896 3789 temerarios,
918 3707 995 3769 alios
1009 3704 1041 3782 ¹)
1075 3724 1119 3768 ee·

237 3864 273 3931 1)
291 3863 325 3919 ln
344 3862 387 3920 ed.
407 3863 479 3933 orig.
498 3862 589 3921 deest:
610 3862 692 3919 allos.
