2709 4417
423 333 562 402 parsurus
582 337 692 409 arium
710 334 746 391 ⁸⁶
764 339 890 411 badam·
1056 336 1123 415 ffl

201 538 263 583 nos
287 524 350 581 tam
375 521 413 583 de
434 525 570 603 peccatis
591 525 721 603 nostris,
751 543 842 605 quam
864 525 903 587 de
925 526 1124 589 sacramentis

199 601 355 664 sollicitos
379 624 447 665 esse
469 606 625 669 convenit.

287 685 387 748 Video
408 694 510 750 autem
533 689 584 749 bio
604 689 792 751 monendum
813 709 898 769 esse,
932 694 964 752 et
990 689 1062 771 quid
1084 691 1124 753 sit

199 771 343 831 venerari
365 778 568 849 sacramenta,
590 778 621 833 et
642 792 722 852 quae
744 792 849 833 eorum
872 774 919 834 vis
941 774 988 834 eit.
1027 773 1122 835 Porro

199 853 247 913 sic
268 854 446 915 veneranda
477 864 564 933 sunt,
595 862 629 916 ut
661 855 768 917 eredas
798 875 871 919 vera
898 875 984 931 esse,
1018 863 1049 917 et
1069 855 1122 917 tibi

199 934 312 997 donari
345 955 468 1016 quoque
500 939 603 999 omnia
629 938 698 1016 illa,
738 957 819 1020 quae
846 958 902 1018 per
930 933 1124 1001 sacramenta

199 1017 431 1098 significantur,
460 1021 533 1080 item
557 1041 636 1100 quae
658 1041 677 1081 a
697 1021 765 1082 Deo
788 1021 943 1097 dicuntur,
967 1030 998 1081 ut
1020 1021 1123 1083 dicere

198 1100 275 1161 illud
297 1101 413 1163 Mariae
435 1105 550 1183 possis:
579 1104 646 1164 Fiat
672 1103 746 1163 mibi
774 1110 805 1165 et
835 1104 1002 1165 secundum
1030 1104 1124 1166 verba

199 1190 232 1245 et
253 1184 345 1264 signa
365 1192 425 1246 tua.
470 1185 547 1246 Nam
579 1206 647 1247 oum
671 1186 796 1247 verbum
825 1195 856 1247 et
884 1188 1003 1267 signum
1028 1186 1123 1248 tibia

198 1267 375 1346 sacerdote,
397 1269 448 1347 qui
458 1269 517 1329 Dei
540 1270 606 1330 vice
628 1269 771 1348 fungitur,
794 1276 1016 1349 proponantur,
1038 1268 1123 1349 nulla

200 1351 320 1411 maiore
343 1352 529 1413 contumelia
550 1351 631 1413 allici
661 1359 693 1413 et
721 1352 847 1412 verbum
870 1360 902 1412 et
923 1353 1042 1432 signum
1064 1352 1121 1413 Dei

198 1439 339 1513 poterat,
375 1453 464 1513 quam
495 1437 521 1495 si
543 1435 581 1495 de
609 1433 669 1495 fide
690 1436 785 1514 ipsius
808 1434 945 1512 dubites,
979 1432 1122 1512 quemad-

200 1515 327 1578 modum
351 1535 474 1596 quoque
496 1519 613 1578 maiore
636 1517 756 1578 honore
779 1517 860 1577 allici
879 1519 961 1579 Deus
983 1537 1045 1579 non
1067 1537 1122 1612 po·

200 1606 270 1676 test,
294 1618 386 1678 quam
408 1602 434 1660 si
456 1600 563 1662 eredas
587 1601 615 1660 ei
636 1601 779 1678 futurum,
803 1609 835 1660 ut
850 1601 1003 1682 promissa
1019 1600 1121 1663 sacrat.

284 1681 397 1764 Sexto,
431 1689 693 1743 sacramentorum
716 1683 776 1743 vim
799 1689 862 1742 tum
882 1685 1015 1744 maxime
1035 1683 1122 1746 intel·

199 1765 295 1844 liges,
326 1766 351 1824 si
374 1767 456 1825 noris
484 1774 592 1842 antea,
627 1785 779 1844 quaenam
811 1766 864 1826 illa
895 1767 973 1842 siut,
1015 1771 1123 1827 contra

200 1867 281 1929 quae
312 1847 505 1927 potissimum
536 1855 685 1929 pugnent.
728 1847 806 1913 Sunt
833 1854 935 1909 autern
958 1850 1029 1921 tria,
1065 1849 1122 1929 pri-

200 1950 282 1989 mum
309 1938 356 1990 est
376 1930 530 1991 horrenda
557 1930 651 1991 facies
678 1932 802 2008 mortis,
839 1930 1005 1993 secundum
1027 1931 1122 1992 facies

199 2015 332 2092 peccati,
355 2015 476 2075 tertium
490 2014 625 2075 infernus
649 2020 681 2073 et
697 2021 822 2074 aeterna
835 2014 1002 2074 damnatio.
1026 2013 1121 2074 Porro

199 2095 454 2177 unumquodque,
468 2097 576 2158 horum
608 2098 706 2156 maius
735 2103 766 2157 et
786 2097 1007 2160 formidabilius
1031 2096 1122 2157 eflici-

199 2185 256 2256 tur,
279 2179 306 2237 si
329 2185 361 2238 et
382 2179 443 2239 alia
465 2180 615 2258 quaedam
638 2178 797 2240 accedant.

282 2261 362 2323 Nam
393 2282 475 2323 mors
506 2270 567 2324 tum
599 2262 722 2322 demum
744 2262 920 2322 horribilior
947 2268 978 2321 et
1000 2257 1122 2343 gravioi

198 2363 270 2405 esse
294 2343 428 2421 videtur,
463 2365 530 2405 cum
553 2352 677 2422 natura,
699 2345 813 2424 alioqui
837 2344 997 2405 imbecillis
1020 2351 1051 2404 et
1072 2343 1122 2405 de-

198 2436 340 2507 sperata,
368 2429 464 2508 ipsius
485 2429 651 2508 imaginem
674 2426 827 2506 quandam
851 2429 954 2488 auimo
978 2428 1122 2507 concipit,

198 2516 232 2570 et
254 2512 287 2570 in
311 2530 379 2570 eam
398 2517 464 2572 tota
485 2509 590 2591 deligit
613 2509 731 2571 oculos.

284 2593 448 2655 Atrociora
470 2600 570 2654 autem
592 2593 645 2652 illa
667 2592 758 2670 fiunt,
791 2610 859 2650 cum
883 2591 977 2651 Satan
999 2610 1123 2670 quoque

198 2675 342 2752 aceedit,
374 2674 426 2736 ille
454 2678 534 2736 enim
564 2674 676 2750 efficit,
716 2682 749 2734 ul
773 2672 925 2734 horribilis
947 2680 979 2734 et
998 2675 1122 2735 terroris

198 2759 296 2839 plena
324 2761 430 2819 mortis
458 2759 552 2819 facies
587 2758 678 2819 altius
714 2758 817 2817 animo
846 2757 1054 2836 imprimatur,
1091 2764 1123 2817 ut

199 2843 314 2903 fractus
337 2842 458 2903 animus
480 2841 534 2902 illo
557 2841 666 2901 intuitu
688 2839 867 2920 succumbat
882 2849 913 2899 et
933 2838 1086 2919 desperet.

286 2924 512 3003 Nonnunquam
536 2925 627 2983 etiam
644 2921 738 2982 Satan
762 2924 861 2981 omnis
876 2926 997 3002 generis
1022 2942 1122 2983 exem·

200 3008 254 3086 pla
277 3008 446 3083 converrit,
468 3006 577 3086 quibus
599 3024 657 3066 nos
680 3011 812 3081 evertat,
840 3004 1000 3065 horribiles
1022 3006 1122 3065 interi·

202 3100 272 3166 tus,
298 3089 441 3169 indignas
464 3090 592 3165 caedes,
617 3087 718 3148 subita
739 3088 801 3149 lata
822 3087 924 3148 auimo
948 3087 1067 3163 obiicit,
1090 3088 1121 3148 in

202 3173 383 3249 memoriam
405 3171 531 3252 redigit,
564 3169 708 3250 quicquid
737 3189 870 3248 unquam
899 3170 949 3230 vel
969 3171 1026 3250 ipsi
1048 3168 1122 3231 vidi-

201 3275 272 3315 mus
294 3255 343 3314 vel
365 3253 639 3335 legimusalicubi,
662 3272 753 3331 quam
777 3255 887 3313 misere
910 3251 1032 3331 quidam
1057 3272 1121 3332 per·

200 3339 304 3400 ierint.

286 3419 382 3481 Addit
414 3428 574 3499 praeterea
594 3418 739 3480 iudicium
767 3429 799 3478 et
825 3418 898 3477 iram
923 3418 995 3492 Dei,
1031 3436 1121 3495 quam

201 3523 316 3584 gpavee
353 3509 383 3562 et
416 3502 575 3565 horribiles
613 3522 731 3582 poenas
765 3502 795 3562 in
832 3506 1009 3580 peccatores
1039 3501 1122 3560 Deus

202 3587 407 3653 constituerit.
492 3644 500 3653 .

272 3667 386 3731 ,Addit
412 3669 484 3731 item
513 3666 655 3747 exempla
676 3665 820 3741 illorum,
852 3682 930 3743 quos
952 3663 1035 3725 Deus
1057 3684 1123 3745 gra·

201 3755 284 3821 riter
304 3751 432 3830 punivit.

259 3834 385 3907 ,Porro
400 3833 508 3897 omnia
528 3832 587 3897 illa
607 3831 681 3899 ideo
698 3836 884 3918 exaggerat,
897 3835 938 3893 ut
953 3837 1044 3893 mesu
1050 3834 1134 3891 mox-
