2709 4417
520 360 539 399 ο
554 345 675 401 liotariis
692 352 817 416 excepto·
922 412 925 421 Ι
1069 345 1111 417 39

218 538 237 596 Β.
259 531 460 610 Bernardum,
494 534 544 611 qui
576 533 657 595 hene
686 535 882 597 autoritatem
910 535 1027 596 inducit
1055 555 1111 616 pro
1188 527 1197 549 ⁸

216 616 321 678 eolesio
342 616 515 695 militante,
542 617 620 677 siout
646 617 784 679 auditum
807 626 864 678 est.
906 617 1110 698 Respondeo:
1165 677 1167 682 .

213 703 235 762 ll.
247 698 432 759 bernardum
454 718 594 778 veneror,
614 707 646 761 et
667 702 732 761 eius
754 702 936 762 sententiam
958 721 1020 762 non
1039 721 1111 763 eon-

212 794 312 858 temno,
348 781 404 842 sed
438 783 471 843 in
494 783 692 845 eontentione
714 784 912 862 eoolpiendns
934 791 982 844 est
1002 804 1111 845 sensus

208 865 341 947 genuinus
366 871 397 924 et
418 867 561 944 proprius
583 864 775 945 Scripturae,
809 868 965 945 quietare
992 869 1023 927 in
1044 869 1112 928 aoie

205 948 299 1029 possit,
320 965 340 1006 a
360 966 423 1027 quo
446 950 546 1009 saneti
558 948 664 1008 Patres
681 968 900 1027 nonnunquam
924 949 1111 1029 loeupletan-

206 1033 253 1091 dae
286 1031 433 1091 orationis
471 1033 570 1110 gratie
598 1030 820 1111 digrediuntur,
854 1041 885 1093 et
914 1034 981 1093 sine
1010 1033 1111 1112 eulpa.

203 1114 280 1175 Nune
301 1121 407 1174 autem
427 1133 468 1174 ex
489 1113 687 1193 praecedenti
715 1117 913 1194 etseqoenti
941 1122 1028 1176 textu
1051 1116 1111 1176 ela·

203 1216 258 1257 rum
284 1195 335 1274 tit,
371 1195 525 1257 Christum
551 1197 637 1275 loqui
668 1197 707 1258 de
734 1198 856 1276 aequali
889 1200 1112 1279 omnipotentia

203 1298 249 1339 sue
275 1296 345 1338 oum
367 1279 467 1339 Patre.
509 1279 677 1358 Propterea
708 1280 971 1360 persequebantur
1001 1281 1111 1341 ludaei

203 1363 307 1438 lesum,
330 1363 403 1441 quia
423 1362 557 1423 faeiebat
579 1363 657 1423 haee
677 1365 708 1423 in
731 1363 892 1440 sabbatho,
915 1383 989 1444 ergo
1013 1365 1111 1444 magis

204 1445 473 1523 quaerebanteum
495 1444 604 1505 iudaei
628 1445 809 1523 interfluere,
833 1448 904 1526 quia
925 1466 988 1507 non
1011 1447 1110 1509 solum

204 1527 334 1587 solvebat
361 1526 561 1604 sabbathum,
584 1528 640 1588 sed
663 1536 695 1588 et
715 1529 836 1589 Patrem
873 1549 960 1591 suum
990 1529 1112 1591 dioebat

205 1611 300 1687 ileum,
322 1610 485 1688 aequalem
508 1629 541 1671 se
562 1610 680 1671 faciens
702 1612 779 1671 Deo.
816 1612 988 1690 Respondit
1008 1614 1112 1691 itaque

206 1693 297 1770 lesus,
331 1700 363 1753 et
385 1692 463 1752 dixit
479 1694 540 1752 eis:
563 1694 680 1762 Amen,
707 1712 797 1753 emen
827 1694 897 1755 dieo
919 1693 1025 1771 vobis,
1049 1715 1111 1755 non

208 1782 294 1855 potest
313 1775 409 1834 Filius
438 1793 458 1834 a
479 1795 512 1834 se
533 1775 635 1837 faeere
657 1777 820 1855 quidquam
844 1779 903 1837 nisi
924 1778 1008 1856 quod
1031 1778 1112 1838 vide·

209 1860 238 1918 rit
254 1858 374 1919 Patrem
395 1858 570 1918 faoientem.
595 1859 634 1919 [lt
655 1860 700 1919 sie
721 1859 803 1919 elare
818 1867 912 1938 patet,
936 1860 1019 1938 quod
1042 1860 1112 1921 Ber·

209 1940 303 2000 nardus
326 1941 389 2001 alio
412 1961 504 2001 sensu
526 1947 638 2001 traotat
658 1942 719 2001 hoo
732 1937 864 2009 'uerbum
888 1942 1007 2005 christi.

272 2022 323 2082 Ad
344 2025 476 2097 tertiam,
498 2023 643 2084 videlieet
662 2025 836 2104 plebeiam,
860 2032 893 2085 nt
914 2025 999 2102 dixit,
1023 2032 1054 2086 et
1074 2026 1111 2085 ri·

210 2106 323 2166 dieulam
345 2106 570 2183 ratiunculam,
598 2126 659 2185 qua
688 2108 773 2181 dixi,
809 2110 901 2169 etiam
929 2109 997 2169 sine
1029 2127 1113 2188 pape

210 2189 355 2249 eeclesiam
380 2189 495 2249 habere
516 2197 609 2269 eaput
624 2209 721 2250 suum.
757 2189 919 2269 Opposuit,
942 2190 1024 2269 quod
1048 2209 1111 2251 non

209 2280 273 2331 esset
300 2271 398 2350 digna
424 2273 558 2332 enarrari
587 2291 691 2333 eoram
704 2300 706 2304 ·
720 2275 813 2333 tantis
842 2275 929 2351 viris,
965 2282 996 2334 et
1024 2275 1111 2333 inre
1144 2302 1148 2307 ·

210 2364 253 2413 tan
275 2356 367 2417 seria.
380 2354 586 2433 Respondes:
603 2354 648 2414 Sit
668 2356 791 2434 plebeia
812 2364 843 2415 et
863 2355 1112 2433 1·idioula,modo

208 2438 237 2496 sit
255 2439 388 2514 inviota,
425 2437 556 2499 necdum
593 2438 685 2499 video
715 2458 782 2499 eam
812 2439 1016 2515 oonfutetam,
1050 2457 1112 2497 non

210 2521 271 2578 euim
294 2520 448 2599 intelligo,
469 2522 495 2580 si
518 2520 650 2581 eoelesia
671 2521 710 2580 ad
732 2529 792 2581 tres
817 2521 866 2581 vel
878 2529 1010 2601 quatuor
1031 2540 1114 2580 men·

209 2620 243 2661 ses
262 2622 325 2662 non
348 2610 400 2663 est
420 2603 572 2682 acephala
594 2610 716 2665 mortuo
738 2622 835 2682 papa,
865 2603 958 2665 modo
981 2605 1043 2665 sint
1062 2603 1114 2663 alii

209 2686 346 2764 episeopi,
377 2685 534 2764 quomodo
565 2688 656 2746 etiam
689 2704 751 2746 non
779 2687 818 2745 sit
845 2687 1010 2763 acephala,
1044 2704 1113 2745 eum

209 2767 292 2827 nuilus
314 2769 356 2827 sit
376 2787 467 2847 papa,
483 2787 562 2829 nem
586 2768 667 2847 quod
690 2768 817 2828 adduxit
839 2768 877 2828 de
893 2768 1115 2845 Cardinalibus,

209 2869 286 2928 penes
319 2868 399 2928 quoa
430 2852 469 2909 sit
500 2849 590 2930 ius²p
622 2850 756 2929 eligendi
779 2858 857 2925 ete,
880 2854 1113 2931 responsionem

210 2951 293 2992 neam
322 2932 492 3010 eonfortat,
526 2951 597 2993 eum
626 2933 697 2993 bino
719 2941 879 3011 sequatur,
903 2953 942 2995 eo
965 2940 1115 3011 tempore,

211 3033 256 3092 quo
276 3014 416 3075 nondum
444 3021 531 3074 erant
553 3015 748 3091 Cardinales,
782 3021 815 3076 ut
841 3023 981 3096 tempore
1009 3016 1115 3075 Hiero·

212 3099 288 3176 npmi,
310 3117 374 3158 non
397 3098 535 3176 potuisse
554 3116 626 3159 esse
648 3117 770 3177 papam.

278 3179 325 3240 Ad
348 3185 487 3259 quartam
501 3180 646 3258 Cypriani
660 3182 867 3257 autoritatem,
889 3181 940 3241 ubi
963 3180 1026 3240 dixi
1045 3200 1115 3241 eum

214 3262 281 3340 loqui
301 3262 341 3322 de
364 3262 503 3341 quolibet
524 3261 683 3340 Pontifiee,
706 3263 835 3340 obiecit,
858 3263 940 3341 quod
962 3283 1001 3322 ex
1023 3271 1112 3323 textu

215 3347 391 3422 pervinoatur
418 3364 488 3405 eum
518 3345 652 3404 loentum
682 3366 752 3406 esse
780 3346 820 3406 de
850 3346 995 3407 Cornelio
1024 3347 1112 3405 Rom.

218 3427 360 3502 lentilioe,
384 3435 492 3488 eontra
513 3428 715 3490 Novatianos.
737 3429 940 3508 Respondeo:
965 3429 1033 3489 Mea
1055 3446 1116 3487 non

220 3510 304 3588 refert,
337 3530 396 3571 nee
416 3530 485 3569 eam
509 3511 672 3590 epistolam
696 3513 727 3571 iu
751 3513 898 3571 memoria
919 3511 1036 3588 habeo,
1058 3511 1118 3570 boo

222 3600 300 3653 autem
321 3595 404 3670 seio,
434 3592 576 3671 quodi).
598 3593 771 3673 Cyprianus
793 3614 848 3673 per
873 3594 982 3653 multas
1005 3594 1117 3671 episto-
