2709 4417
270 351 333 418 376
528 351 621 407 aaut.
641 350 668 405 b.
689 367 773 420 saper
789 350 987 419 Propositione
1047 413 1051 420 .

273 539 380 620 gentis
403 539 514 599 ceteris
534 536 779 616 indignationem
802 538 1060 611 commovissent,
1087 538 1165 596 stite

164 636 165 641 ’
272 641 338 681 rum
361 622 491 681 oriretur
518 621 677 680 contentio
700 619 739 680 de
761 621 953 698 maioritate,
975 619 1059 679 lesus
1079 637 1166 680 convo·

273 725 348 766 cens
370 723 424 765 eus
448 703 524 763 dixit
545 705 604 765 eis:
628 702 729 779 Scitis,
751 704 824 781 quia
845 704 877 776 ii,
900 704 952 780 qui
970 702 1104 762 videntur
1114 721 1168 782 gen-

275 787 354 848 tibus
376 786 551 867 principari,
574 785 770 846 dominantur
790 787 846 862 eis,
867 792 901 846 et
915 787 1067 865 principes
1086 803 1168 844 eomu

273 870 389 932 babent
413 875 597 949 potestatem
621 886 737 930 eorum.
783 867 854 928 Non
884 875 989 928 autem
1020 869 1061 926 ita
1086 877 1125 927 est
1148 870 1169 926 in

275 952 380 1029 vobis,
408 951 463 1011 sed
486 955 661 1030 quicunque
684 951 816 1011 voluerit
836 950 901 1011 fieri
927 953 1040 1027 maior,
1068 952 1118 1010 erit
1135 970 1170 1009 re·

273 1041 338 1097 ater
359 1036 513 1108 minister,
547 1043 578 1094 et
612 1035 787 1113 quicunque
814 1036 949 1094 voluerit
975 1036 1006 1093 in
1031 1033 1110 1093 vobis
1130 1036 1171 1110 pri·

275 1138 342 1178 mus
370 1137 457 1190 esse,
491 1119 547 1177 erit
575 1118 710 1177 omnium
740 1136 845 1176 servus
870 1119 1000 1192 (iterum
1022 1115 1171 1194 exemplum

275 1199 322 1262 sui
343 1199 459 1280 addit),
486 1220 557 1260 nam
581 1210 613 1258 et
635 1198 714 1259 iilius
735 1200 869 1260 hominis
891 1219 955 1259 non
979 1200 1071 1275 venit,
1088 1207 1118 1257 ut
1135 1200 1172 1256 mi·

277 1284 454 1348 nistraretur
477 1285 522 1355 ei,
545 1281 600 1342 sed
623 1289 654 1342 ut
677 1284 874 1356 ministraret,
900 1293 933 1342 et
953 1283 1086 1342 animam
1107 1300 1172 1339 suam

275 1365 363 1435 daret
383 1365 626 1444 redemptionem
655 1371 711 1444 pro
741 1366 851 1426 multis.
893 1364 987 1440 [Quis
1010 1372 1174 1424 autemnon

275 1448 394 1523 videat,
426 1447 507 1527 quod
542 1448 603 1508 hoo
626 1449 825 1507 ministerium
847 1466 908 1508 nee
928 1445 1106 1527 pontifices,
1133 1465 1175 1504 uer

270 1549 380 1590 eorum
404 1530 579 1591 adulatores
601 1538 766 1608 quaerunt,
791 1530 845 1590 sed
868 1538 1056 1610 potestatem
1078 1529 1175 1588 sdan?

276 1613 355 1688 Quia
379 1613 530 1676 Christum
553 1615 788 1677 ministratorem
811 1613 939 1673 arduum
964 1622 1014 1673 est
1035 1611 1160 1687 imitari]
1215 1676 1216 1691 ,

360 1699 432 1756 item
455 1696 590 1756 eiusdem
614 1699 648 1758 9:
672 1696 713 1755 Et
734 1703 885 1756 venerunt
906 1695 1115 1775 capernaum,
1141 1695 1176 1771 qui
1214 1696 1216 1777 4

277 1798 344 1839 cum
373 1779 455 1838 dorni
485 1785 605 1852 esseut,
637 1778 848 1858 interrogabat
869 1798 939 1838 eos:
974 1777 1053 1852 Quid
1085 1779 1113 1836 iu
1142 1777 1177 1834 vis
1215 1786 1216 1793 ’

277 1861 475 1922 tractabatis?
519 1860 623 1920 Atilii
647 1860 807 1935 tacebant,
840 1862 992 1940 siquidem
1023 1863 1053 1920 in
1082 1861 1127 1918 via
1146 1861 1178 1917 iu-

278 1954 323 2004 ter
343 1964 376 2004 se
398 1944 647 2023 disputaverant,
675 1945 742 2022 quis
773 1963 877 2004 eorum
901 1945 1002 2004 maior
1024 1954 1114 2003 esset.
1153 1942 1179 2000 lit

277 2026 414 2087 residens
437 2027 561 2088 vocavit
577 2026 750 2095 duodecim,
773 2035 804 2086 et
825 2028 868 2086 eit
888 2027 965 2086 iliis:
989 2027 1021 2086 Si
1043 2026 1109 2104 quis
1130 2024 1179 2082 vult

276 2111 391 2188 primus
414 2129 499 2182 esse,
533 2110 591 2169 erit
619 2111 757 2169 omnium
788 2110 973 2168 novissimus
1002 2117 1033 2167 et
1061 2109 1179 2168 omniun

279 2193 425 2252 minister.
467 2191 508 2251 Et
529 2193 684 2272 accipiens
712 2211 838 2270 puerum
862 2193 968 2251 statuit
990 2211 1059 2250 eum
1081 2192 1111 2249 in
1133 2208 1180 2248 me-

281 2275 332 2335 dio
356 2294 477 2353 eorum,
508 2293 597 2353 quem
621 2294 688 2334 cum
712 2276 893 2354 complexus
916 2285 1014 2351 esset,
1049 2276 1092 2332 ait
1119 2272 1181 2331 iliis:

275 2358 418 2436 Quisquis
448 2378 538 2417 unum
569 2359 719 2436 receperit
749 2360 777 2416 iu
801 2359 927 2416 nomine
956 2376 1042 2415 meo.
1081 2375 1127 2414 me
1147 2373 1180 2413 re-

274 2442 301 2500 ci
325 2442 356 2500 it.

304 2461 323 2520 p
357 2522 474 2581 Eadem
505 2523 603 2581 Lucas
625 2527 659 2585 9:
696 2524 820 2582 lntravit
848 2531 949 2581 autem
989 2523 1133 2600 cogitatio
1158 2521 1181 2576 iu

276 2626 346 2678 eos,
370 2607 436 2684 quis
461 2624 564 2664 eorum
590 2607 687 2664 maior
709 2613 799 2663 esset.
843 2606 885 2664 At
905 2605 993 2664 lesus
1015 2604 1121 2662 videns
1142 2621 1181 2660 co·

276 2689 441 2768 gitationes
474 2687 574 2748 cordis
601 2688 723 2746 illorum
756 2686 959 2766 apprehendit
987 2706 1129 2766 puerum,
1159 2698 1182 2742 et

277 2772 382 2831 statuit
403 2771 486 2830 illum
510 2789 598 2830 secus
622 2790 672 2847 se,
701 2780 732 2830 et
753 2772 796 2829 ait
816 2771 891 2830 illis:
926 2769 1108 2847 Quicunque
1131 2786 1182 2825 sus-

190 2881 194 2889 ·
277 2856 393 2933 ceperit
414 2872 540 2932 puerum
565 2856 655 2912 istum
681 2855 710 2911 in
734 2855 858 2912 nomine
881 2872 972 2927 meo,
1007 2871 1056 2911 me
1079 2851 1182 2928 recipit,

276 2949 307 2995 et
328 2939 501 3015 quicunque
529 2955 578 2995 me
610 2936 776 3014 receperit,
810 2937 918 3013 recipit
945 2954 1033 3008 eum,
1067 2935 1117 3012 qui
1144 2951 1182 2990 me

277 3020 367 3078 misit.
410 3019 486 3078 Nam
518 3021 567 3096 qui
599 3016 697 3078 minor
726 3026 775 3077 est
804 3020 881 3077 inter
909 3036 965 3077 vos
989 3037 1115 3093 omnes,
1145 3014 1183 3073 hic

278 3102 374 3161 maior
396 3110 451 3160 est.
494 3102 568 3160 item
591 3101 696 3161 Matth.
723 3103 774 3162 ta:
809 3101 841 3159 ln
873 3101 926 3160 illa
959 3100 1037 3160 bora
1058 3116 1194 3160 accesso>

276 3191 346 3243 runt
367 3183 403 3255 ad
419 3184 516 3243 lesum
540 3183 689 3263 discipuli,
705 3182 857 3242 diceutes:
881 3182 966 3258 Quis,
979 3190 1083 3262 putes,
1100 3182 1182 3241 maior

205 3339 212 3352 .
276 3267 373 3325 estin
397 3286 492 3346 regno
516 3266 695 3326 coetorum?
738 3266 777 3325 nt
800 3265 958 3326 advocans
980 3266 1066 3324 iesus
1089 3283 1183 3344 parvu-

278 3350 355 3422 lum,
390 3351 495 3408 statuit
517 3368 584 3407 eum
608 3350 637 3408 in
662 3348 765 3408 medio
789 3367 910 3425 eorum,
940 3356 970 3408 et
992 3348 1086 3407 dixit:
1123 3346 1182 3420 Qui-

276 3451 396 3510 cunque
429 3432 631 3491 humiliaverit
663 3452 716 3507 se,
750 3433 828 3491 sicut
860 3431 1005 3509 parvulus
1039 3431 1114 3506 iste,
1144 3429 1182 3487 hic

275 3516 373 3573 maior
395 3524 441 3574 est
462 3516 492 3573 in
517 3533 612 3594 regno
636 3515 804 3575 coelorum.

356 3596 445 3657 Nunc
477 3596 565 3668 vide,
612 3599 732 3674 quantis
767 3596 883 3671 verbis,
920 3604 997 3675 quot
1033 3593 1181 3673 exemplis,

274 3687 389 3756 quanta
412 3679 571 3761 diligentie
592 3680 729 3740 Christus
752 3680 945 3758 praevenerit
973 3686 1005 3739 et
1032 3675 1181 3758 prohibue-

268 3762 309 3825 rit
338 3759 542 3828 ambitionem
569 3763 676 3836 iiiam,
708 3780 802 3840 quam
821 3769 910 3817 tantu
938 3768 1065 3816 tumore
1083 3762 1188 3815 tautam

263 3848 411 3914 Decreta
428 3859 461 3915 et
482 3847 689 3923 Decretaies,
708 3862 751 3903 ae
767 3843 817 3899 ita
833 3844 984 3914 repetunt
1002 3840 1041 3892 et
1053 3834 1217 3895 ‘tuomum
