2709 4417
491 356 508 396 a
525 341 645 395 Notariis
663 346 789 410 excepta.
1048 334 1089 404 73

248 372 278 450 ἕ

199 525 294 590 inihi
320 525 396 595 soli,
408 533 473 587 tam
497 526 547 590 diu
568 527 690 588 oooulta
711 525 823 586 veritas
843 525 980 586 revelata
1001 530 1108 590 esset·

199 612 247 672 hoo
264 608 343 669 enirn
365 628 427 669 non
451 610 508 670 luit
528 609 691 690 disputare,
713 609 768 670 sed
790 608 935 669 invidiam
958 626 1092 670 movere.

259 691 347 767 Quod
376 711 451 754 vero
472 692 551 753 ridet
571 710 671 754 meam
692 692 893 752 ratiunculam
902 714 914 768 ‚·
945 690 997 751 nbi
1019 691 1092 768 dixi,

199 778 304 856 lapsam
327 793 397 835 ease
416 775 577 837 eoolesiam
600 785 734 857 negante
747 776 847 852 Petro,
869 776 895 834 si
916 793 1092 854 supereum

199 865 258 920 asel
277 856 449 933 aedilioata‚
471 858 626 920 adduoens
639 860 838 940 grammatiee
859 856 985 918 verbum
1002 857 1092 917 futuri

199 942 341 1021 emporis,
364 941 553 1020 aedificabo,
577 943 663 1022 quasi
686 933 910 1021 postmortem
931 939 1095 1002 aedifioata

199 1027 222 1085 it
239 1023 368 1084 ecelesia
390 1043 482 1105 snper
502 1025 645 1104 Petrum,
675 1033 820 1101 transeo,
860 1022 943 1102 quod
965 1023 1093 1102 quisque

199 1107 264 1168 teile
283 1105 397 1185 videat,
420 1108 491 1187 quid
513 1108 623 1171 valeat.
650 1106 854 1168 Nihilominus
876 1113 980 1166 tamen
1001 1107 1093 1168 etiam

199 1198 247 1251 >ost
267 1188 412 1269 Spiritum
434 1193 720 1265 sanetummiasnm
742 1191 924 1270 gravissimo
947 1188 1093 1250 seandalo
1169 1231 1173 1246 .

198 1272 246 1333 idei
276 1272 388 1332 oeoidit
414 1272 542 1353 Petrus,
576 1273 643 1339 Gal.
666 1278 700 1351 2,
734 1292 802 1333 enm
824 1271 1096 1352 redargueretura

199 1354 285 1431 halo,
308 1356 338 1416 in
361 1375 423 1434 qno
446 1359 615 1437 permansit
635 1359 755 1437 integra
777 1354 853 1415 tides
875 1362 907 1414 et
928 1355 1093 1430 oont'essio,

199 1437 317 1499 nPetro
342 1438 465 1516 quidem
487 1438 587 1517 tides,
621 1439 675 1501 sed
699 1438 852 1500 simulatio
875 1436 1021 1498 adversus
1044 1458 1095 1497 ve-

199 1522 293 1581 itatem
315 1522 480 1603 evangelii.

257 1603 397 1665 Admitto
421 1611 538 1680 tamen,
566 1604 649 1684 quod
671 1605 813 1684 egregius
843 1603 879 1664 D.
903 1602 940 1665 D.
961 1603 1018 1663 hao
1042 1622 1093 1663 an·

199 1687 295 1746 oritate
316 1689 483 1766 praecipue
504 1689 593 1748 nixus
616 1707 698 1747 nuno
719 1706 753 1747 se
771 1688 870 1767 ipsum
894 1685 1030 1746 excludit
1052 1685 1092 1746 ah

199 1775 278 1846 aaut
298 1770 345 1829 sio
367 1769 442 1830 nihil
468 1772 540 1830 iuris
562 1770 655 1830 divini
678 1770 866 1849 relinquatur
887 1770 925 1829 ei.
967 1768 1046 1829 Nam
1068 1769 1095 1827 si

199 1853 337 1913 immissio
360 1859 478 1913 tantum
500 1853 581 1914 faeta
602 1860 664 1928 eet,
692 1852 824 1913 eundum
853 1850 962 1912 estad
984 1851 1095 1928 loonm,

199 1934 228 1994 uhi
248 1934 386 1995 exhibita
408 1937 569 2016 promissio
594 1942 656 2011 est,
692 1943 723 1996 et
751 1936 925 1995 invenietur
951 1933 1024 1994 illud
1046 1933 1097 1994 lo·

199 2037 245 2078 rau.
268 2018 333 2096 ult,
357 2017 407 2078 ubi
419 2037 482 2080 non
504 2019 591 2078 dioit:
613 2018 712 2095 Patre,
724 2020 831 2098 aooipe
846 2017 989 2097 Spiritum
1010 2035 1117 2076 sane·

199 2119 246 2178 nm,
266 2099 322 2160 sed
334 2097 504 2181 aequaliter
517 2101 674 2162 omnibus:
698 2100 837 2180 Aeoipite
848 2099 993 2180 Spiritum
1011 2118 1098 2159 sane·

199 2201 252 2256 nm,
288 2201 419 2262 qnorum
449 2185 624 2244 remiseritis
654 2189 713 2244 eta.
735 2183 871 2244 Danseo
899 2188 930 2242 et
951 2181 1023 2242 illud
1057 2181 1096 2241 de

199 2264 1096 2428 hl⁸tl⁰lf¹ttlltltlttl⁰ttttltt‘tthtt

199 2429 373 2508 unedieavit,
397 2449 486 2510 quam
508 2431 624 2508 Petrus,
646 2369 716 2512 phua
741 2432 832 2492 etiam
854 2430 980 2492 habehit
1000 2430 1096 2491 hono·

199 2513 334 2592 aquosi
357 2531 417 2594 ego
440 2514 478 2575 de
492 2515 684 2575 multitudine
707 2514 830 2593 laboris,
853 2533 890 2574 ao
910 2531 973 2576 non
993 2513 1096 2592 potins

199 2594 220 2655 le
237 2597 393 2675 primitate
426 2596 540 2658 ordinis
570 2596 708 2657 dixerim.
751 2595 889 2657 'lhanseo
920 2595 958 2656 de
980 2597 1095 2656 vertioe

199 2686 216 2736 et
231 2677 403 2759 symbolioo
429 2699 484 2741 suo
507 2682 617 2760 eapite,
641 2698 720 2758 quae
742 2687 813 2739 sunt
833 2697 918 2738 mera
938 2677 1041 2739 verba.

257 2761 304 2820 De
316 2760 467 2839 Decretis,
489 2763 615 2822 miratur
636 2783 686 2822 me
708 2761 810 2822 dioere
827 2761 1024 2841 frigidissima
1045 2759 1095 2819 de·

199 2852 261 2903 ueta
287 2851 318 2903 et
347 2844 427 2905 intra
448 2844 689 2924 quadringentos
710 2864 809 2905 annos
831 2853 913 2904 nata.
957 2843 1002 2904 De
1024 2861 1095 2921 qua-

199 2924 345 3006 hingentis
368 2929 456 2987 annis
479 2927 677 3006 supersedeo,
701 2936 811 3008 postea
832 2926 975 2987 dicturus.
1016 2925 1094 2985 Nam

199 3009 317 3069 nonfuit
340 3028 434 3088 opus,
465 3017 498 3071 ut
528 3010 656 3070 docerer
683 3019 755 3070 ante
777 3009 860 3069 mille
883 3016 914 3069 et
936 3009 1096 3082 ducentos,

199 3107 241 3152 ιο
260 3090 500 3172 quadringentos
522 3111 631 3171 annos,
653 3094 747 3153 luisse
769 3092 902 3168 decreta,
918 3093 979 3151 imo
1001 3091 1096 3150 fuisse

199 3175 454 3234 umntentiones
483 3175 520 3234 de
552 3177 692 3256 primatu.
735 3176 859 3236 Miretur
883 3175 1003 3234 interim
1027 3174 1096 3251 ipse

200 3253 224 3316 D.
241 3255 287 3334 D.‚
319 3256 402 3335 quod
424 3259 628 3341 autoritatem
640 3258 786 3319 Matthaei
808 3257 950 3337 intelligit
969 3256 1096 3335 promis-

201 3337 272 3398 tonis
294 3339 420 3400 verbum
449 3359 533 3414 esse,
567 3360 630 3401 non
654 3340 865 3416 exhibitionis,
896 3358 965 3399 oum
993 3345 1095 3398 tamen

203 3417 301 3481 leuem
321 3422 390 3501 ipsa
412 3441 503 3502 super
523 3424 604 3484 idem
626 3423 749 3484 verbum
769 3431 912 3502 tanquam
935 3420 1095 3481 exhibitio·

205 3501 367 3582 rispenitus
390 3505 530 3568 nitantur.
574 3505 756 3566 Neoessarie
779 3524 858 3585 ergo
876 3511 938 3581 est.
970 3511 1022 3563 aut
1044 3504 1097 3563 de·

206 3593 264 3678 neta
288 3588 456 3667 improprie
484 3596 629 3665 tractare,
663 3590 754 3649 etiam
777 3594 884 3649 autore
913 3588 948 3647 D.
971 3586 1022 3661 D.,
1043 3591 1097 3646 aut

206 3683 275 3744 psum
298 3688 409 3730 errare.

263 3749 348 3825 Quod
373 3772 453 3818 ⁴vero
484 3771 545 3814 non
575 3754 688 3834 aooipit
709 3759 853 3834 negatum
881 3771 972 3813 ame
993 3751 1095 3812 deere-

208 3833 409 3915 hnhnaeleti,
432 3841 463 3896 et
479 3853 559 3915 quae
580 3835 620 3897 de
642 3835 783 3918 sigillatis
795 3836 925 3897 deoretie
947 3833 989 3895 ibi
1009 3832 1095 3910 ludit,
