2709 4417
519 356 539 395 a
554 341 677 397 hlotarii·
695 346 821 412 exeepta.

549 527 772 592 Eooiua

171 708 190 731 ⁵
289 693 482 761 Repetendus
504 695 541 756 D.
560 694 650 755 Pater
670 695 744 754 satis
773 695 937 755 instruetus
960 693 1122 787 desqondit

171 798 189 833 .···
232 783 252 841 in
265 796 388 856 menam,
401 779 562 838 materiam
584 795 671 837 suam
683 777 801 839 habena
823 777 905 838 bono
920 777 1028 839 ordine
1049 796 1121 839 eon-

171 874 184 895 ··
230 867 317 923 tentam
335 861 367 919 in
389 860 496 921 libello
517 861 687 940 impresso,
717 866 748 921 et
769 879 824 940 per
844 879 913 921 enm
936 861 1119 940 composito,

171 942 181 1000 :3
228 963 299 1024 quare
317 941 540 1003 illustrissimae
561 943 796 1004 Dominationes
825 951 961 1022 vestrae,
985 942 1121 1024 magnifl-

171 1026 177 1063 ·²
226 1027 321 1088 antiae
342 1032 374 1085 et
388 1025 617 1087 dominationes
631 1027 752 1087 veniam
775 1025 1007 1104 dabuntEooio,
1026 1027 1120 1088 multo

224 1113 268 1186 iem
285 1115 423 1188 tempore
452 1109 520 1169 aliis
543 1109 677 1188 negotiis
700 1115 870 1188 ooeupato,
904 1109 930 1168 si
963 1127 1025 1170 non
1058 1117 1120 1169 tam

223 1190 330 1252 rotunde
351 1198 384 1252 et
404 1198 548 1252 aoeurate
580 1210 597 1251 e
624 1192 755 1272 vestigio
783 1198 869 1252 tanta
890 1192 1046 1252 cumulare
1067 1210 1121 1271 po·

171 1298 175 1347 '.
223 1276 282 1353 terit,
302 1281 448 1353 quantum
471 1273 657 1335 reverendus
677 1273 768 1335 Pater
788 1275 850 1334 iam
872 1275 1038 1355 oongessit.
1061 1275 1120 1334 Ve-

171 1408 173 1415 .
223 1359 255 1418 nit
273 1357 351 1417 enim
375 1357 592 1436 disputaturus,
614 1375 676 1417 non
695 1355 805 1419 librum
827 1356 972 1418 editurus.
1008 1358 1120 1417 Verum

220 1438 276 1520 qnid
294 1439 482 1500 reverendus
509 1440 600 1500 Pater
626 1439 751 1518 dixerit,
784 1459 840 1521 per
868 1438 1007 1500 ordinem
1030 1438 1121 1520 dispi-

171 1556 174 1571 =
219 1541 325 1583 oramus.

171 1612 177 1629 *
283 1605 383 1664 Primo
406 1604 559 1683 omnium,
581 1609 673 1685 eaput
695 1622 764 1664 esse
785 1604 936 1665 ecelesiae
958 1604 1121 1681 Christum,

218 1687 329 1767 probare
350 1685 492 1764 intendit,
514 1686 597 1766 quod
619 1693 722 1747 tamen
739 1686 838 1746 luerat
851 1705 1121 1766 supervacaneum,

218 1789 271 1829 oum
290 1769 392 1829 nullus
426 1768 486 1829 hoo
512 1788 626 1849 negare
647 1774 842 1848 praesumat,
874 1772 932 1830 nisi
963 1771 1013 1849 qui
1045 1770 1119 1830 anti·

218 1853 329 1912 christus
348 1852 406 1931 sit,
439 1853 535 1914 miror
564 1858 665 1912 tamen
695 1852 914 1935 vehementer,
950 1851 1033 1933 qnod
1061 1852 1121 1912 hoe

217 1955 265 1995 non
284 1932 462 2015 perpendit,
493 1935 573 1995 sieut
592 1934 755 2014 pollioetnr
776 1927 807 1999 ii
828 1935 916 1995 Aetis
939 1954 1043 1996 eoram
1066 1934 1120 1995 Le

171 2038 173 2043 ·
217 2025 274 2096 gato
294 2015 383 2078 Sedis
405 2017 622 2096 Apostolioae,
654 2035 748 2097 posse
779 2037 813 2077 se
841 2025 1000 2097 praestare
1028 2035 1119 2096 quen-

217 2101 272 2159 dam
304 2099 617 2179 Iuristotheolo‘gum,
657 2100 746 2180 plura
780 2118 849 2161 esse
883 2119 977 2180 posse
1020 2101 1121 2180 oapita

217 2182 414 2260 subordinate,
447 2183 479 2241 in
511 2183 715 2262 quo-mystici
736 2183 845 2262 eapitis
867 2184 945 2245 ratio
967 2190 1020 2245 aut
1041 2202 1120 2263 sym·

216 2265 291 2326 bolioi
312 2285 340 2325 a<
353 2266 476 2327 ratione
497 2265 605 2346 eapitis
623 2265 770 2325 naturalis
783 2263 904 2344 deficit3
925 2285 1019 2345 quare
1034 2284 1119 2346 prae

218 2356 252 2408 ter
275 2356 366 2428 eaput
394 2347 547 2408 Christum
578 2356 610 2408 st
630 2347 713 2408 aliud
736 2355 879 2428 oportere
901 2350 1005 2428 quaeri
1028 2355 1121 2427 eaput

218 2431 387 2491 ineoelesia
409 2432 512 2491 statim
533 2430 721 2510 probabitur.
748 2430 856 2510 Neque
879 2433 907 2492 ei
929 2431 1120 2511 suffragatur,

219 2514 284 2593 qnod
305 2513 483 2594 apostolum
504 2512 630 2591 inducit,
654 2517 681 2576 l.
704 2511 843 2576 Corinth.
866 2516 905 2578 3:
928 2515 1051 2576 Divisus
1073 2521 1121 2573 est

220 2596 362 2658 Christus?
416 2595 497 2656 Nam
529 2597 595 2657 etsi.
616 2595 730 2657 Paulus
758 2597 800 2658 ibi
828 2597 908 2657 Petri
940 2597 1120 2674 meminerit,

220 2698 264 2739 non
287 2686 391 2740 tamen
413 2679 523 2739 falsum
546 2678 623 2739 dixit
645 2680 678 2740 B.
701 2679 906 2759 Hieronymus
928 2679 978 2741 lib.
999 2684 1024 2742 l.
1048 2698 1119 2739 oon-

220 2769 253 2821 lra
273 2762 465 2823 Iovinianum
494 2762 606 2823 eolum.
631 2763 684 2826 18:
707 2761 792 2823 Unus
814 2762 953 2841 eligitur,
986 2763 1120 2842 loquitur

221 2844 248 2904 de
256 2844 352 2920 Petro,
374 2851 408 2904 ut
423 2845 525 2923 eapite
547 2845 714 2905 eonstituto
730 2845 902 2905 schismatis
925 2845 1049 2906 tollatur
1070 2864 1119 2904 oo

199 2946 200 2950 ¹
221 2928 294 2990 asie.
319 2926 410 2987 Clare
431 2927 568 3006 appellat
589 2928 711 2989 Petrum
734 2934 827 3007 oaput
847 2929 876 2987 in
900 2928 1032 2988 eoolesia
1050 2947 1120 2988 esse

177 3026 181 3047 ¹
222 3011 408 3071 constitutum.
431 3009 492 3070 Sed
513 3010 592 3070 haee
612 3011 707 3070 missa
727 3011 865 3089 iacimus,
887 3010 1057 3071 solutiones
1079 3009 1119 3070 ad

177 3050 182 3161 l
224 3100 306 3153 nostru
325 3092 453 3154 inducta
472 3092 631 3173 repulsuri.

178 3192 182 3237 l
284 3175 383 3236 Primo
407 3194 476 3235 oum
499 3175 667 3255 respondet
687 3174 726 3236 ad
748 3174 822 3235 illud
835 3176 985 3236 Johannis
1000 3180 1039 3239 5:
1061 3176 1119 3236 Ne

178 3248 182 3301 l
225 3276 268 3336 que
285 3259 364 3318 enim
384 3258 479 3319 Filius
501 3265 605 3337 potest
624 3259 726 3318 lacere
747 3257 929 3337 quidquam,
959 3259 1017 3318 nisi
1041 3278 1119 3338 quae

226 3340 310 3401 viderit
331 3341 450 3401 Patrem
472 3341 652 3420 laeientem,
674 3339 752 3400 dixit
773 3342 939 3401 seeundum
962 3340 992 3402 Β.
1015 3340 1119 3401 Patres

227 3425 330 3502 exprimi
351 3423 402 3484 hie
424 3423 641 3503 aequalitatem
662 3423 760 3483 Patris
783 3431 815 3484 et
834 3424 911 3484 Filii.
941 3424 1055 3484 Verum
1078 3424 1118 3484 le·

228 3513 265 3584 gat
280 3507 430 3585 attentius,
443 3525 570 3585 quaeso,
592 3505 779 3567 reverendus
793 3507 883 3567 Pater
906 3507 937 3568 B.
963 3514 993 3566 et
1015 3506 1118 3566 inadu-

171 3609 174 3617 >
228 3587 326 3649 labilem
344 3589 468 3650 Patrem
488 3588 677 3651 Bernardum
698 3589 750 3653 lib.
758 3592 786 3653 3.
809 3589 848 3650 de
872 3588 1119 3651 oonsideratione

171 3676 174 3712 i
229 3669 451 3752 adhogenium,
478 3671 531 3734 ubi
553 3671 593 3732 de
614 3672 714 3733 forma
734 3671 885 3733 ecelesiae
903 3672 1053 3750 loquens,
1089 3676 1121 3732 et

171 3758 174 3794 Ι
231 3771 278 3812 em
296 3773 361 3815 esse
382 3755 509 3834 dejure
530 3753 635 3816 divino
657 3753 802 3834 probans,
818 3764 953 3816 nostram
968 3756 1117 3816 rationem

171 3838 174 3877 Ι
231 3833 345 3899 tornavit
370 3836 444 3899 mihi
469 3837 583 3899 oolum.
604 3841 639 3902 7:
671 3837 739 3899 Neo
766 3838 858 3898 vilem
890 3844 1034 3917 reputans
1056 3837 1118 3896 lor·

239 3947 379 3996 tanonopp.
397 3950 421 3990 V.
437 3950 465 3989 Δ.
479 3950 510 3990 ad
522 3951 564 3992 ref.
578 3951 630 3993 hist.
645 3952 660 3993 l.
674 3964 699 4004 p.
714 3954 765 3997 vol.
781 3955 822 3996 ΠΙ.
870 3987 874 3993 .
966 3918 991 3991 ,ὃ
