2709 4417
236 398 300 466 262
460 398 552 453 Rusol.
571 398 598 450 L.
621 412 704 465 super
723 395 906 464 Proposition.

236 592 318 648 tatur
343 584 403 659 ibi,
432 603 495 645 non
526 590 560 643 ιιι
590 583 730 661 nonsit,
760 580 815 643 sed
842 587 876 641 ut
901 599 967 641 non
993 580 1134 661 imputetur
1174 619 1181 659 ς

239 674 286 743 (ut
307 668 344 729 B.
365 667 554 748 Augustinus
577 668 646 741 ait).
689 664 746 727 Est
767 684 841 747 ergo
857 671 1019 745 peccatum
1040 662 1134 725 ibive·

239 753 368 829 rissime,
391 752 449 810 uisi
472 748 554 829 quod
577 767 638 809 non
658 752 832 831 imputatur,
855 767 893 810 eo
908 746 992 828 quod
1014 754 1140 831 coepturi¹

239 841 287 895 est
308 833 437 913 expelli,
459 833 595 904 reatus¹)
620 833 743 912 quidem
765 833 884 893 solutus
907 837 965 906 est,
986 831 1081 909 ipsum
1100 849 1134 891 au
1174 873 1180 881 ·

240 926 301 977 tem
325 923 438 996 manet,
460 916 560 976 donec
573 922 604 976 et
624 918 724 998 ipsum
739 916 920 997 expellatur.
944 913 1053 975 Sumus
1074 915 1134 974 enin

240 1001 270 1060 in
293 999 406 1080 phase,
436 998 466 1059 id
490 1008 554 1073 est,
585 1000 713 1059 usnsitu
741 998 779 1059 de
801 1003 933 1079 peccato
957 988 996 1056 ad
1018 998 1135 1076 gratiam

184 1148 194 1153 ,
239 1081 330 1158 Quod
354 1083 379 1142 si
402 1100 505 1143 cesses
526 1081 601 1141 illud
616 1082 781 1163 expellere,
805 1102 842 1142 ec
864 1099 920 1162 pro
944 1098 1007 1140 non
1029 1088 1135 1159 peccato

239 1164 376 1239 habeas,
398 1167 458 1225 iam
482 1172 603 1243 pactum
626 1184 690 1225 uon
713 1184 817 1225 servas
839 1162 1015 1244 baptismi,
1028 1168 1059 1222 et
1081 1162 1139 1222 redit

243 1255 346 1308 reatus
358 1248 432 1309 eius.
476 1246 587 1308 Pactus
610 1249 690 1308 enim
706 1268 750 1326 es,
772 1254 802 1307 te
815 1253 978 1327 peccatum
1002 1264 1136 1326 expugna·
1170 1290 1180 1337 ,

239 1338 349 1406 turum,
360 1349 397 1390 ac
409 1330 533 1390 diabolo
543 1333 724 1411 pompisque
740 1332 805 1391 eius
816 1331 1046 1390 reluctaturum.
1067 1324 1137 1403 Quod
1170 1340 1176 1403 ¹.

242 1430 310 1473 cum
334 1412 372 1472 de
394 1413 528 1493 peccatis
551 1420 639 1474 extra
661 1421 691 1475 te
713 1414 821 1494 positis
842 1412 1001 1493 intelligis,
1025 1416 1055 1471 et
1073 1420 1138 1470 tuum
1170 1410 1180 1511 ‘p

241 1502 401 1576 peccatum
423 1496 506 1557 intus
528 1496 644 1555 nullum
674 1516 743 1557 esse
764 1503 871 1575 putas,
901 1503 962 1555 nec
982 1502 1065 1554 recte
1084 1493 1139 1572 bap·
1173 1520 1180 1549 ι

241 1579 322 1638 tismi
337 1586 562 1639 sacramentum
573 1580 719 1660 intelligis
741 1598 800 1638 nec
815 1580 941 1658 accipis.
957 1576 963 1591 '
984 1575 1066 1637 Nihil
1082 1595 1139 1656 ergo
1174 1606 1180 1635 .'

232 1660 343 1721 differt
358 1667 517 1741 peccatum
540 1662 653 1722 fomitis
677 1661 847 1741 aquolibet
868 1661 997 1721 crimine
1019 1667 1087 1739 post
1104 1659 1140 1718 vel

242 1750 314 1803 ante
334 1743 534 1824 baptismum,
566 1764 632 1804 cum
657 1747 697 1805 sit
720 1764 817 1822 aeque
839 1750 949 1805 contra
970 1742 1070 1822 legem
1088 1741 1140 1802 Dei.

243 1827 321 1885 deut
342 1825 502 1904 quodlibet
524 1826 615 1903 aliud,
638 1828 696 1887 nisi
719 1826 800 1906 quod
824 1846 887 1887 non
910 1827 1084 1904 imputatur.

324 1907 443 1983 Quare,
466 1909 538 1985 quid
561 1909 611 1969 alii
633 1910 663 1969 in
686 1909 845 1990 theologia
864 1908 1062 1970 scholastica
1081 1906 1138 1966 didi-

241 1992 348 2063 cerint,
370 1991 430 2070 ipsi
450 1990 589 2054 viderint.
614 1992 683 2073 ldgo
706 1992 770 2053 scio
784 1998 815 2052 et
829 1991 992 2067 confiteor,
1016 2010 1064 2050 me
1076 1989 1140 2049 aliud

242 2072 316 2133 nihil
340 2073 494 2151 didicisse,
520 2093 609 2152 quarn
632 2076 836 2155 ignorantiam
860 2075 998 2155 peccati,
1019 2073 1140 2139 iustitiae,

243 2156 408 2233 baptismi,
432 2162 463 2216 et
484 2157 577 2217 totius
599 2156 790 2218 Christianae
811 2159 909 2237 vitae,
931 2175 991 2217 nec
1010 2155 1079 2235 quid
1098 2156 1140 2213 vir-

241 2247 289 2298 tus
310 2238 384 2315 Dei,
405 2257 481 2319 opus
507 2240 578 2318 Dei,
605 2241 704 2320 gratia
725 2241 797 2317 Dei,
829 2241 947 2300 iustitia
967 2239 1040 2304 Dei,
1066 2237 1138 2307 tides,

241 2340 331 2400 spes,
360 2321 471 2381 ceritas
494 2323 542 2383 sit.
585 2323 723 2383 Breviter
750 2343 811 2384 non
843 2323 942 2383 solum
974 2320 1048 2381 nihil
1068 2319 1138 2380 didici
1171 2376 1180 2413 ἱ,

242 2401 343 2544 Squod
367 2403 524 2464 terendum
537 2411 631 2480 erstl,
654 2405 785 2482 sedet2]
810 2425 873 2466 non
894 2406 954 2464 nisi
976 2401 1138 2464 dediscenda
1171 2440 1180 2471 -,

263 2486 344 2559 idici,
367 2488 657 2548 omninocontraris
671 2488 782 2548 divinis
802 2487 909 2564 literis,
934 2489 1029 2549 miror
1049 2492 1136 2553 autem,
1168 2448 1181 2563 ,i

242 2569 268 2627 si
290 2569 341 2627 alii
362 2568 480 2629 felicius
503 2570 682 2650 didicerint,
706 2572 755 2650 qui
775 2572 800 2632 si
822 2571 915 2650 aliqui
939 2571 1010 2648 sint,
1031 2564 1140 2629 candide'
1168 2568 1180 2625 ι’

242 2651 286 2710 eis
309 2651 455 2730 gratulor,
480 2673 538 2734 ego
562 2652 714 2713 Christum
737 2654 899 2713 amiseram
922 2653 1004 2730 illic,
1027 2671 1099 2711 nunc
1114 2652 1134 2709 iu
1169 2630 1173 2667 ι

241 2730 338 2793 Paulo
360 2735 468 2814 reperi.
555 2803 566 2815 .
1170 2788 1180 2811 Ι,

325 2815 466 2894 Sexto³),
489 2817 549 2876 huc
570 2817 835 2897 parabolahlstth.
863 2820 908 2882 13.
940 2819 1081 2899 pertinet:
1106 2814 1135 2874 Si·
1170 2828 1180 2895 2,

244 2897 315 2958 mile
328 2906 376 2958 est
386 2920 512 2980 regnum
533 2900 688 2960 coelorum
708 2901 873 2979 fermeut0,
899 2899 981 2980 quod
1001 2904 1136 2979 acceptum
1171 2898 1174 2907 '

244 2981 353 3061 mulier
375 2981 538 3043 abscondit
559 2984 589 3041 in
612 2982 729 3044 ianuae
751 2984 824 3044 satis
842 2983 956 3061 tribus,
984 2981 1080 3042 donec
1097 2982 1136 3040 ler-

242 3070 429 3125 mentaretui
467 3073 573 3125 totum.
628 3065 738 3146 Solum
770 3086 868 3148 genus
903 3084 1063 3126 mensurae
1096 3069 1137 3136 cst,
1179 3066 1180 3070 ’

243 3145 404 3207 Ειιιιιίοιιιιι
440 3147 575 3208 modium
613 3154 643 3208 et
682 3148 838 3211 dimidium
869 3150 1032 3209 continens
1053 3152 1137 3208 sutore

243 3228 441 3309 Hieronymo.
485 3228 572 3305 Quae
591 3238 694 3291 autem
717 3233 777 3293 sint
788 3233 845 3292 tris
866 3239 933 3291 sata
956 3233 1016 3291 ista
1036 3229 1138 3290 ianuae.

243 3311 336 3372 modo
358 3331 421 3372 nou
445 3322 491 3373 est
513 3312 598 3374 locus
622 3314 734 3376 dicere.
776 3314 830 3376 Set
851 3334 933 3374 nunc
955 3322 1013 3392 est,
1034 3313 1139 3372 hunam

242 3413 310 3454 esse
340 3415 397 3456 nos
429 3395 584 3472 homines,
620 3396 799 3458 fermentum
829 3396 1043 3459 absconditum
1076 3393 1140 3455 Chri·

243 3482 332 3555 stum,
350 3478 592 3558 gratiam'nobis
614 3479 754 3561 largitam
784 3481 815 3541 iu
839 3481 946 3560 spiritu
975 3478 1057 3539 fidei.
1095 3475 1140 3536 set

243 3560 319 3631 sicut
343 3560 524 3621 fermentum
539 3579 600 3621 non
614 3562 715 3623 subito
730 3564 894 3623 fermentat
907 3562 1140 3642 conspersionem

243 3648 354 3719 totam,
384 3645 426 3703 ita
450 3645 549 3727 gratia
577 3644 680 3704 inlusa
706 3664 771 3706 non
798 3665 875 3706 mox
902 3644 1078 3705 diffunditur
1100 3661 1142 3723 per

232 3732 332 3789 totum
365 3748 502 3813 corpus,
533 3727 590 3790 sed
626 3727 779 3809 paulatim
804 3733 908 3787 totum
926 3724 1152 3782 nominentu-

261 3837 298 3904 Ῑ)
343 3822 483 3892 lis—edd
510 3821 606 3907 stips:
644 3818 715 3884 ideo
736 3829 852 3893 ‚restas
885 3820 925 3907 ‘tt
939 3818 1020 3870 third.
1042 3817 1134 3865 bessu,
1152 3819 1179 3862 eu

211 3907 248 3977 3)
276 3911 375 3970 ibid:
396 3913 552 3986 Septimo.
666 3904 669 3909 '
731 3922 734 3927 ·
818 3904 842 3919 '·
