2709 4417
523 346 542 385 a
557 331 679 387 liciniis
698 338 824 401 excepta
1061 331 1121 399 147

199 514 231 579 u.
254 513 357 590 Pater,
380 515 488 576 merito
510 513 608 577 linerat
628 533 649 575 a
670 535 719 577 me
747 514 978 577 confutandum.
1008 516 1120 585 Dimis-

199 598 234 659 sis
255 596 412 677 aliquibus
432 595 513 659 duos
532 597 641 661 saltem
662 600 890 678 conspiciamus
912 598 1011 661 locos.

275 679 386 741 Mattb.
407 684 437 745 5.
459 680 559 757 noluit
578 701 632 761 per
653 701 809 743 carcerem
830 682 959 763 intelligi
973 691 1120 764 purgato-

201 764 286 843 rium,
307 764 385 843 quia
407 770 438 825 et
458 763 657 845 Augustinus,
680 764 762 846 quod
774 766 899 825 minime
920 784 971 825 me
992 766 1121 847 latebat,

201 866 254 929 per
273 864 430 907 carcerem
454 847 606 907 infernum
626 848 781 927 intelligit.
806 847 896 909 Addo
919 848 999 909 ultra
1021 849 1056 913 D.
1068 850 1122 911 Pa-

203 938 297 1005 trcm,
323 928 583 1010 chrysostomum
603 930 776 1011 intelligere
796 938 992 1011 praesentem
1015 933 1120 1009 vitam,

203 1011 255 1075 red
274 1012 439 1073 rectiorem
460 1031 529 1075 esse
541 1012 696 1075 Ambrosii
719 1015 913 1093 sententiam,
936 1015 987 1075 vel
1011 1015 1121 1077 sellem

205 1116 262 1163 non
283 1094 561 1175 contemnendam,
583 1098 634 1175 qui
654 1116 711 1177 per
732 1115 887 1157 carcerem
908 1099 1121 1177 purgatorium

204 1178 357 1258 intelligit,
379 1177 474 1242 verba
495 1178 607 1240 Christi
630 1179 691 1240 boc
711 1180 870 1260 indicant,
899 1179 1012 1241 debere
1034 1180 1121 1241 illum

206 1262 321 1325 solvere
343 1281 442 1343 usque
463 1260 502 1322 ad
528 1263 728 1324 novissimum
752 1262 952 1342 quadrantem
979 1263 1031 1344 ¹),
1066 1263 1121 1325 sod

206 1344 372 1409 ininferno
394 1345 479 1405 nulla
499 1351 547 1405 est
568 1345 698 1421 solutio,
720 1347 799 1406 sicut
819 1346 963 1406 nullaest
983 1346 1121 1427 redemp-

207 1430 252 1493 tio.
270 1426 380 1507 Neque
401 1427 488 1489 fucus
509 1427 630 1489 additus
652 1429 693 1488 ad
712 1428 866 1490 Ambrosii
896 1430 1121 1509 expositionem

210 1510 342 1581 refellere
363 1518 478 1591 potest,
500 1509 584 1589 quod
604 1512 636 1570 in
658 1530 813 1573 carcerem
826 1511 992 1573 trudendus
1015 1532 1121 1592 pecce-

208 1595 276 1671 rerit
305 1593 486 1655 mortaliter.
528 1592 681 1668 Quoniam
714 1600 745 1655 et
775 1602 901 1675 propter
921 1605 1050 1675 peccata
1071 1616 1121 1656 ve-

208 1677 290 1737 nialia
303 1683 335 1737 et
356 1683 482 1756 propter
493 1682 623 1755 peccata
634 1677 785 1755 mortalia,
808 1685 911 1738 tamen
924 1680 1065 1756 contrita,
1087 1680 1120 1739 in

209 1760 375 1841 purgatorio
397 1760 573 1839 puniuntur,
596 1759 680 1838 quod
701 1779 741 1820 ex
762 1760 957 1822 Mechabaeis
979 1759 1016 1843 a)
1041 1763 1119 1822 aeci·

210 1843 308 1923 pimus,
329 1840 403 1903 dum
426 1842 538 1922 inquit:
563 1840 676 1903 Sancta
697 1850 728 1905 et
749 1843 878 1903 salubris
901 1851 949 1904 est
970 1863 1043 1924 ergo
1070 1863 1120 1905 co-

210 1926 303 2007 gitatio
327 1944 384 2004 pro
406 1922 558 1987 defunctis
580 1943 727 2003 exorare,
744 1934 778 1985 ut
797 1946 818 1986 a
838 1927 974 2007 peccatis
995 1926 1120 1989 solvan·

211 2014 254 2069 tu.
286 2005 326 2067 Hi
347 2008 440 2085 enim,
462 2009 515 2088 qui
535 2009 631 2069 occisi
651 2008 781 2085 fuerant,
805 2018 836 2069 et
858 2028 912 2088 pro
936 2010 1046 2088 quibus
1068 2010 1120 2069 lu·

214 2088 467 2151 bellachabaeus
478 2089 651 2152 oblationes
674 2091 755 2169 lecit,
776 2100 982 2171 peccaverant
1004 2100 1120 2153 morta·

213 2172 266 2235 liter
285 2180 413 2253 propter
448 2174 549 2253 spolia
584 2172 758 2251 idolorum,
791 2177 930 2253 quamvis
952 2175 1121 2237 credantur

216 2257 389 2336 poenituisse
411 2257 443 2316 in
465 2258 534 2336 ipsa
554 2256 662 2333 caede,
685 2257 771 2317 iuxta
791 2257 929 2337 glossam
944 2258 1042 2319 ordin.
1064 2258 1117 2319 ibi·

217 2338 282 2416 dem,
303 2346 336 2400 et
355 2335 432 2399 illud
454 2337 619 2420 Psal.**):
664 2338 740 2401 Gum
763 2340 919 2400 occideret
940 2361 1005 2419 eos,
1028 2358 1118 2420 quse·

218 2421 308 2483 rebant
330 2441 411 2482 eum.

285 2503 418 2584 Quarto,
446 2502 519 2564 dum
547 2505 774 2584 apertissimum
795 2505 881 2565 Pauli
904 2505 1038 2585 apostoli
1078 2506 1123 2567 lo·

199 2605 274 2649 -cum
300 2592 329 2651 1.
351 2586 488 2650 Corinth.
510 2588 540 2653 3.
562 2585 776 2664 adduxissem,
806 2586 896 2666 querri
918 2588 1117 2668 Augustinus,

221 2670 403 2748 Ambrosius,
425 2669 640 2749 Hieronymus,
662 2670 839 2750 Gregorius,
861 2671 1043 2748 Beruardus,
1068 2672 1119 2733 lsi·

222 2752 306 2832 dorus,
328 2772 398 2813 cum
419 2752 526 2834 glossa
541 2752 638 2815 ordin.
660 2752 835 2834 intelligunt
856 2753 896 2816 de
917 2754 988 2834 igne
1011 2774 1120 2835 purga·

222 2838 283 2915 iord,
301 2837 415 2897 fatetur
435 2834 594 2897 reverend,
628 2835 717 2905 Pater
738 2856 772 2897 se
793 2856 971 2916 germanum
995 2857 1118 2899 sensum

221 2917 291 2981 buius
311 2919 373 2981 loci
396 2937 460 2979 non
481 2918 620 2995 habere,
648 2918 720 2981 ideo
752 2921 936 3000 contemptis
959 2926 1005 2980 tot
1026 2919 1119 2983 Patri·

222 2999 277 3081 bns,
299 3021 411 3064 novem
433 3002 533 3063 attulit
553 3004 755 3076 sententiam,
778 3002 951 3081 apostolum
974 3003 1059 3081 loqui
1081 3002 1121 3063 de

222 3085 278 3164 igne
296 3083 563 3165 conflagrationis,
592 3086 665 3163 quia
686 3085 846 3164 apostolus
868 3086 1040 3148 meminerit
1060 3085 1120 3147 diei

223 3165 338 3244 bomini,
360 3175 392 3228 et
412 3166 496 3246 quod
513 3168 749 3246 uniuscuiusque
766 3187 843 3246 opue
865 3170 944 3249 ignis
967 3168 1125 3248 probabil3

224 3268 279 3329 ego,
298 3252 350 3331 qui
369 3269 493 3331 semper
514 3249 616 3310 audivi
634 3251 856 3329 antiquioribus
879 3252 1014 3314 maxime
1025 3251 1120 3313 Sauc-

225 3332 346 3395 iscredi
368 3331 496 3412 debere,
529 3332 561 3395 8.
584 3332 706 3393 Petrum
739 3337 904 3394 exosculor
926 3336 1120 3411 sententiam,

227 3421 371 3479 cinosam
391 3416 478 3477 illam
519 3416 657 3494 lossam,
678 3424 711 3476 et
740 3415 833 3477 verba
854 3418 890 3479 D.
914 3416 1034 3477 Lullreri
1057 3437 1119 3477 non

229 3500 342 3579 scripio,
364 3499 424 3561 nisi
445 3436 592 3579 probetur
614 3497 646 3575 ²)
680 3518 786 3561 sacrae
814 3499 987 3579 Scripturas
1009 3500 1118 3561 autori·

245 3667 313 3677 Q-
316 3672 345 3678 -.

246 3763 274 3823 l)
287 3766 317 3814 ln
336 3766 378 3817 ed.
401 3771 518 3833 origin:
535 3771 720 3832 dodrantem.
757 3774 790 3840 2)
811 3775 904 3833 lbid.·.
923 3776 1037 3849 probet.

231 3841 294 3903 92.
311 3849 380 3903 Hae.
403 3853 444 3904 12.
488 3858 534 3923 “p
553 3861 635 3922 pm,
655 3867 703 3925 78,

887 3952 931 4018 lo
956 3946 975 3983 ⁸
