2709 4417
273 358 335 425 336
412 321 419 329 -
513 359 605 414 Resol.
624 359 652 412 L.
673 375 757 428 snper
776 360 974 428 Propositione

273 543 429 623 intelligit,
452 561 527 622 quas
541 542 693 603 ecclesiae
705 560 797 622 supra
810 548 930 622 petram
950 541 1060 618 (idest
1080 537 1173 624 fidem]
1219 596 1221 611 ,

275 628 356 706 prius
379 625 560 686 aedificatae
580 625 680 703 tradit,
702 633 735 686 ut
747 626 831 685 clare
851 632 959 685 textus
972 623 1050 684 ordo
1073 622 1176 701 probat
1218 654 1221 697 ι

275 710 368 770 Vides
386 727 470 788 ergo,
494 727 583 786 quam
596 708 724 770 ambitio
736 709 923 782 excaecet¹)
950 707 1059 767 oculos
1073 707 1178 785 mentis,

275 799 307 851 ut
328 792 459 851 clavium
482 798 636 871 potestate
658 810 722 852 non
744 797 906 868 contenta,
930 791 1025 850 etiam
1048 798 1179 868 expetis

274 873 345 934 fldei
377 873 478 994 ²(quae
515 880 562 934 est
596 875 748 936 ecclesiae
780 870 972 954 substantia)
1007 878 1179 952 potestatem

273 956 366 1029 faciat
399 966 422 1030 l.

357 1037 446 1112 Quod
475 1047 576 1098 autem
606 1039 657 1099 hic
688 1039 855 1099 Anacletus
883 1038 1061 1097 Romanam
1089 1034 1179 1096 sedem

274 1122 403 1201 primam
419 1129 520 1198 vocat,
543 1129 575 1181 ct
585 1122 825 1200 Alexandrinam
838 1119 1020 1196 secundam,
1043 1125 1075 1177 et
1088 1119 1178 1178 Antio

274 1204 402 1264 chonam
425 1205 559 1281 tertiam,
595 1223 628 1264 se
655 1205 755 1283 ipsum
778 1206 888 1264 iterum
921 1201 1095 1281 redarguit,
1127 1220 1178 1261 nou

276 1287 392 1361 solum,
415 1289 489 1364 quia
509 1289 565 1346 iste
588 1287 664 1347 ordo
687 1288 748 1347 iam
771 1286 822 1346 diu
844 1291 980 1345 mutatus
1002 1290 1068 1361 est,
1088 1276 1203 1343 verum⁸

276 1369 378 1446 etiam,
393 1369 620 1448 quodsssequitur
632 1369 713 1447 hinc,
726 1376 780 1429 aut
791 1366 1035 1429 Alexandrinam
1049 1367 1178 1426 esseinre

275 1450 380 1511 divino
403 1451 578 1528 secundam,
603 1459 634 1512 et
647 1452 874 1513 Antiochenam
897 1450 1039 1527 tertiam,
1063 1455 1112 1508 aut
1130 1466 1177 1508 nec

275 1533 446 1593 Romanam
469 1535 616 1613 primam,
651 1536 723 1613 quia
757 1533 867 1595 eodem
890 1535 957 1592 iure
980 1537 1103 1611 oportet
1122 1549 1176 1591 esse

275 1617 413 1696 primam,
438 1635 498 1694 quo
514 1617 681 1677 secundam
704 1624 735 1677 et
758 1618 889 1677 tertiam.
934 1615 978 1674 At
998 1613 1174 1673 manifestum

275 1706 338 1777 eat,
373 1699 456 1777 quod
478 1699 642 1759 secundam
666 1707 698 1760 et
729 1701 848 1760 tertiam
865 1723 867 1726 ’
883 1717 940 1758 suo
975 1698 1041 1756 iure
1075 1695 1175 1756 ordinat
1219 1724 1221 1733 ¹

276 1781 429 1858 Romana,
453 1801 526 1861 ergo
550 1789 581 1842 et
595 1801 628 1842 se
642 1784 740 1862 ipsam
754 1783 882 1862 primam
906 1799 963 1840 suo
985 1781 1052 1838 iure
1066 1777 1174 1839 ordinat

359 1863 448 1924 Errat
469 1867 561 1924 etiam
584 1866 615 1924 in
639 1865 783 1943 historia,
813 1864 893 1943 quod
915 1862 1068 1943 Ignatium
1091 1862 1175 1921 scribit
1218 1867 1221 1898 ³

277 1948 474 2007 constitutum
513 1967 532 2006 a
569 1947 659 2008 Petro
698 1949 876 2026 episcopum
912 1943 1098 2005 Antiochiae
1130 1944 1173 2003 sib'
1219 1945 1221 1978 ²

277 2047 504 2107 successorem,
538 2049 607 2088 cum
629 2031 660 2089 in
684 2030 896 2090 ecclesiastica
923 2028 1054 2088 historia
1080 2030 1173 2105 pateat,

275 2111 428 2172 Euodium
462 2114 569 2189 Petro,
604 2119 635 2172 et
655 2112 779 2173 Euodio
809 2112 963 2192 Ignatium
998 2110 1174 2169 successisse.

275 2194 348 2254 Ideo
371 2213 433 2254 non
455 2202 503 2254 est
523 2185 679 2272 credibile,
702 2195 789 2254 huius
812 2193 948 2255 Cononis
971 2198 1107 2262 autorem
1121 2210 1175 2251 esse

279 2279 472 2337 Anacletum.
1084 2318 1089 2326 .

359 2361 422 2419 lam
444 2360 514 2419 audi
537 2362 646 2420 iterum
669 2379 810 2420 securum
833 2357 1064 2430 affirmatorem,
1085 2356 1113 2416 id
1133 2363 1177 2432 est,

275 2443 484 2503 temerarium:
522 2447 601 2503 lnter
621 2444 730 2504 beatos
752 2441 927 2522 apostolos,
965 2441 1080 2518 inquit,
1101 2458 1176 2517 quae

276 2525 347 2584 dam
370 2524 425 2583 fuit
447 2525 589 2585 discretio
612 2526 791 2605 potestatis,
814 2529 846 2584 et
866 2523 939 2583 licet
962 2541 1071 2582 omnes
1092 2528 1179 2581 essent

180 2622 182 2628 ·
277 2607 421 2686 apostoli,
443 2608 533 2667 Petro
557 2615 659 2668 tamen
683 2626 864 2669 concessum
887 2613 934 2666 est
956 2625 976 2665 a
995 2605 1137 2681 Domino,
1156 2611 1179 2663 et

275 2691 335 2770 ipsi
353 2691 432 2748 inter
447 2710 482 2750 se
494 2691 695 2751 volueruntid
718 2692 827 2770 ipsum,
849 2695 882 2748 ut
902 2688 981 2765 reliq
989 2689 1035 2746 uis
1047 2687 1180 2767 apostolis

278 2772 419 2834 omnibus
442 2783 608 2852 praeesset.
652 2773 800 2850 Obsecro,
822 2791 902 2851 quae
923 2770 981 2830 luit
999 2771 1062 2830 ista
1083 2769 1179 2829 discre-

276 2857 319 2916 tio
344 2856 527 2933 potestatis?
549 2856 702 2934 Numquid
719 2857 825 2915 Petrus
844 2853 999 2915 ordinavit
1010 2852 1180 2932 apostolos?

277 2937 424 3015 numquid
448 2940 530 2998 misit
551 2939 627 2999 eos?
649 2938 795 3017 numquid
819 2933 1015 2996 confirmavit
1037 2934 1115 2996 eos?
1133 2935 1180 2995 Ubi

277 3020 378 3100 legisti
399 3020 500 3097 belua,
524 3022 606 3099 quod
628 3041 647 3080 a
669 3022 802 3082 Domino
826 3037 1007 3079 concessum
1035 3024 1082 3078 est
1102 3017 1181 3078 Petro

276 3104 391 3163 habere
413 3103 574 3163 discretam
593 3111 779 3184 potestatem
802 3103 840 3162 ab
863 3101 957 3161 aliis?
991 3099 1113 3179 qnando
1134 3100 1183 3160 hoc

276 3187 335 3266 ipsi
358 3185 539 3246 voluerunt?

361 3267 440 3340 Quin
461 3269 511 3327 hio
534 3270 638 3348 signa,
669 3268 782 3348 duplex
807 3274 855 3327 est
875 3266 1041 3344 primatus,
1069 3265 1182 3325 honoris

278 3357 309 3410 et
330 3352 500 3430 potestatis.
547 3351 636 3424 Quod
660 3351 768 3410 Petrus
798 3351 912 3430 primus
940 3348 997 3408 fuit
1025 3349 1057 3407 in
1079 3347 1183 3424 ordine,

277 3452 369 3492 nemo
399 3440 502 3512 negat.
545 3434 623 3492 Nam
646 3440 677 3493 et
699 3435 780 3495 inter
809 3430 998 3508 cardinales,
1022 3432 1184 3511 episcopos,

279 3514 466 3593 sacerdotes,
487 3516 641 3594 doctores,
660 3517 824 3596 principes,
847 3515 966 3574 etiamsi
987 3513 1089 3573 nullus
1110 3513 1185 3574 alteri

278 3599 431 3658 subiectus
454 3606 516 3676 est,
547 3607 648 3658 tamen
672 3618 800 3660 necesse
825 3605 885 3676 est,
907 3597 938 3654 in
968 3604 1121 3658 conventu
1142 3596 1185 3656 ali·

278 3699 367 3760 quem
390 3684 489 3762 primo
511 3683 581 3742 loco
605 3682 733 3763 sedere,
765 3703 833 3743 cum
861 3690 964 3742 tamen
988 3680 1064 3741 nihil
1086 3679 1187 3740 habeat

273 3825 712 3841 Μ

301 3888 338 3959 1)
361 3891 394 3944 ln
418 3887 487 3944 edit.
509 3887 627 3958 priore:
646 3878 799 3934 excaecat.
829 3871 869 3928 ‘tt
887 3869 926 3917 ln
942 3865 991 3932 aa.
1006 3863 1094 3914 bene.
1106 3863 1182 3908 tuat„
