2709 4417
360 378 361 382 =
409 345 478 400 XIII.
497 345 532 399 de
548 349 683 414 potestate
701 345 798 412 Papae.
1009 339 1071 406 365

191 539 376 611 gnosceret,
408 551 467 592 neo
488 532 675 611 ignorantia,
709 529 763 590 sed
792 529 830 589 de
858 527 1007 587 industria
1028 527 1073 587 sio

191 622 289 674 rutum
312 616 421 693 fuisse,
443 615 548 692 simul,
580 622 613 674 ut
630 611 658 696 ¹)
690 611 857 673 insidiosae
885 617 915 670 et
936 609 1073 670 adu-lato·

191 716 214 755 .e
238 698 445 778 propositioni
467 697 552 757 Eooii
573 717 628 776 per
650 698 756 755 omnia
777 713 834 774 par
856 691 1052 774 referrem²)'.

235 778 297 854 Qui
324 800 392 841 eum
420 780 636 857 adstruxisset,
669 784 741 838 aute
769 785 909 855 tempora
935 776 1074 837 Silvestri

191 882 326 923 »manem
350 864 511 924 eeclesiam
534 863 628 922 fuisse
649 860 718 921 aliis
740 861 939 940 superiorem,
961 865 993 919 et
1013 877 1072 938 ego

191 947 421 1006 rsuasissimum
433 945 588 1026 haberem,
605 944 737 1003 *Eooium
759 961 821 1002 non
845 960 914 1001 esse
936 949 998 1002 tam
1020 943 1073 1000 im·

193 1025 332 1107 dentem,
355 1038 388 1089 ut
409 1027 530 1109 publioe
553 1028 747 1104 mentiretur,
769 1043 828 1085 nee
848 1032 911 1085 tam
933 1026 1072 1104 ignarum

191 1112 364 1188 storiarum,
396 1121 428 1170 ut
455 1111 533 1170 haee
560 1129 634 1170 vera
655 1107 809 1186 erederet,
831 1107 957 1167 insidias
979 1109 1075 1186 suspi-

191 1200 240 1252 tus
264 1213 349 1268 sum,
373 1194 478 1271 utqui
502 1212 618 1252 morem
642 1191 846 1271 sophistarum
871 1197 902 1250 et
923 1190 1073 1250 lubricita-

191 1293 233 1334 es
262 1278 390 1336 istorum
420 1276 601 1336 Proteorum
634 1273 732 1354 probe
758 1273 913 1333 uallarem.
937 1337 939 1340 ⁸
962 1270 1021 1346 Qui
1048 1274 1074 1332 si

193 1356 272 1437 lent,
294 1359 404 1419 falsum
426 1359 539 1418 facient
560 1377 680 1436 verum,
719 1363 750 1416 et
776 1375 881 1415 verum
904 1362 1022 1414 mutent
1042 1357 1073 1414 in

191 1461 277 1518 sum,
300 1460 368 1501 oum
392 1442 511 1501 interim
534 1443 565 1500 in
588 1440 656 1499 aliis
679 1458 749 1499 eum
771 1437 918 1516 loquendi
939 1441 1072 1518 rigorem

191 1527 299 1604 igant,
334 1532 367 1584 ut
401 1542 459 1584 nee
490 1523 584 1583 verba
616 1523 673 1582 Dei
707 1528 772 1581 tuta
796 1539 900 1581 eornm
930 1524 975 1580 eis
1003 1523 1072 1583 aiut.

192 1606 292 1668 oinda
331 1607 413 1666 volui
445 1607 676 1683 animosiorem,
710 1623 747 1664 ae
768 1613 840 1664 ante
867 1602 947 1663 diem
970 1606 1073 1664 trium·

191 1689 356 1750 abundum
370 1687 522 1767 neddere,
551 1690 630 1748 siout
649 1688 718 1767 ipse
738 1706 788 1746 me
809 1686 1075 1747 formidabundum

191 1791 240 1831 sus
265 1780 313 1832 est
333 1773 444 1832 fauere.

239 1854 317 1914 Oum
341 1874 415 1934 ergo
438 1854 510 1914 mihi
533 1854 607 1913 satis
630 1871 699 1912 essa
714 1854 857 1932 potuerit,
880 1852 1074 1932 quodSorip

191 1956 242 1998 rae
272 1946 399 1997 sanotae
426 1937 573 1996 autoritas
596 1953 717 1997 meeum
741 1940 804 2013 est,
837 1953 898 2014 qua
927 1934 1076 2014 probetur

191 2021 304 2080 imatus
327 2020 553 2080 ecclesiasticus
575 2020 640 2078 iure
663 2017 768 2078 divino
790 2018 892 2077 nullus
914 2037 999 2095 esse,
1030 2026 1076 2078 ta-

191 2123 241 2182 en,
274 2123 313 2163 ne
348 2103 432 2163 solus
461 2109 492 2161 et
518 2101 602 2160 solas
625 2100 795 2180 Scripturas
822 2101 937 2160 iaotare
960 2099 1074 2181 videar,

191 2207 216 2245 m
239 2192 271 2245 et
292 2187 421 2245 aliorum
445 2185 613 2244 sententias
626 2183 786 2243 audiamus
809 2202 877 2243 oum
895 2183 1075 2248 rationibus.

238 2268 358 2329 Primus
381 2275 427 2327 est
448 2268 486 2329 D.
500 2267 705 2346 Hieronymus
726 2267 758 2326 iu
780 2265 921 2345 Epistola
941 2267 980 2327 ad
999 2267 1076 2327 Eva·

191 2353 266 2428 ium,
290 2353 335 2411 sio
356 2350 507 2410 scribens:
530 2349 672 2428 Legimus
694 2349 726 2408 in
744 2350 835 2409 Isaia:
858 2348 971 2408 Fatuus
993 2350 1076 2410 fatua

191 2435 302 2513 quitur.
347 2432 447 2494 Audio
478 2431 692 2511 quendamtin
719 2439 837 2492 tantam
863 2433 1000 2511 erupisse
1027 2451 1077 2492 ve·

191 2516 306 2593 rdiam,
329 2523 361 2575 ut
383 2515 528 2576 diacones
537 2513 569 2596 ⁴)
593 2513 780 2594 presbyteris
802 2514 961 2576 anteferat.
997 2515 1076 2576 Nem

191 2620 226 2659 m
238 2599 412 2679 Apostolus
434 2598 596 2679 perspicue
616 2596 737 2674 doceat,
759 2596 885 2658 eosdem
908 2617 977 2659 esse
993 2618 1076 2679 pres·

191 2689 296 2761 ueros,
319 2700 397 2761 quos
419 2683 594 2761 episcopos,
616 2679 688 2759 quid
710 2679 884 2760 patiatur³)
903 2700 1076 2742 mensarum

209 2764 372 2825 viduarum
395 2765 548 2839 minister,
581 2770 614 2822 ut
636 2781 728 2842 super
750 2781 804 2823 eos
826 2762 958 2822 tumidus
981 2783 1017 2825 se
1037 2763 1077 2824 ef·

191 2855 251 2926 rat,
280 2846 471 2925 adquorum
495 2865 602 2926 preces
626 2865 738 2924 eorpus
766 2854 797 2905 et
818 2847 943 2925 sanguis
966 2845 1077 2908 Christi

191 2928 490 3004 inficitur?,Quae1·is
512 2928 728 2988 autoritatem?
750 2927 831 2988 Audi
854 2929 1076 2991 testimonium:

191 3011 316 3096 aulus*)
341 3018 373 3072 et
392 3012 570 3072 Timotheus
592 3012 672 3071 servi
693 3011 762 3070 lesu
785 3011 913 3093 ChristI,
936 3013 1077 3077 omnibus

191 3097 297 3241 bmoIIp,
320 3096 371 3174 qni
394 3102 464 3155 sunt
484 3095 632 3174 Philippis
655 3113 724 3154 eum
747 3095 901 3175 episeopis
923 3101 954 3174 at
976 3096 1078 3158 diaoo·

210 3198 247 3239 ¹¹⁵
277 3183 326 3256 )·.

245 3262 301 3321 Vis
336 3267 368 3320 et
398 3260 479 3320 aliud
514 3259 712 3339 exemplum?
755 3261 787 3319 In
820 3261 889 3324 Aut.
922 3263 1078 3341 apostolo·
1152 3279 1156 3287 ·

191 3364 224 3404 m
238 3343 292 3422 **)
334 3342 373 3402 ad
397 3344 485 3403 unius
508 3343 660 3404 ecelesiae
688 3342 866 3404 sacerdotes
892 3345 937 3404 ita
964 3344 1077 3413 Paulus

194 3428 312 3506 quitur:
336 3425 494 3486 Attendite
516 3425 604 3486 vobis
627 3433 658 3486 et
678 3426 822 3487 universo
844 3429 940 3507 gregi,
963 3429 993 3487 in
1016 3447 1077 3507 quo

236 3643 263 3709 1)
282 3643 315 3694 In
333 3642 493 3709 adprime:
508 3642 590 3710 quod.
612 3642 645 3704 II
666 3642 784 3696 Ibidem:
804 3657 854 3711 per
872 3645 975 3696 reterre
994 3644 1077 3697 volni⁴

207 3712 335 3797 IbIdem:
357 3716 472 3781 patitur.
509 3713 539 3777 4)
560 3714 590 3766 In
620 3713 666 3770 ed.
688 3714 748 3768 Jen.
774 3719 802 3767 et
819 3716 907 3770 wittt
937 3715 1079 3770 diaconos.

191 3799 292 3836 monta.

224 3852 250 3913 'i
269 3850 387 3919 Punrpp.
410 3855 435 3908 1.
473 3857 522 3922 ”J
542 3858 608 3917 Act.
630 3860 677 3919 20.
