2709 4417
279 365 342 433 286
527 369 618 423 Resol.
637 369 664 421 ll.
684 384 768 438 super
787 370 974 436 Propositlom

282 574 369 617 cere:
413 552 454 615 Se
475 570 544 614 ease
566 559 754 614 commotum
781 553 871 614 huius
899 554 951 614 vel·
976 551 1068 612 huius
1084 555 1172 614 arat-

280 645 353 717 tate,
376 639 420 697 sic
442 637 522 699 enim
545 635 610 695 libr.
637 641 651 697 1
674 636 812 697 Retract:
835 637 946 698 Postea
970 654 1038 696 oum
1052 632 1171 715 legissem
1217 641 1218 659 ¹

280 720 447 783 nonnullos
462 720 634 780 divinorum
650 719 842 798 eloquiorum
854 728 1045 790 tractatores,
1067 735 1171 799 quorun

281 823 331 864 mc
352 809 492 863 moveret
513 803 660 861 autoritas
683 810 740 864 etc.
784 803 904 863 Deinde
925 820 982 883 per
1002 802 1171 861 autoritatem

280 905 343 947 non
367 885 511 966 intelligit
532 892 731 963 potestatem,
752 893 786 945 ut
803 886 898 966 vulgo
920 882 1107 964 intelligitur,
1126 885 1171 962 red,

280 977 314 1029 ut
334 968 523 1044 latinissimi,
557 967 713 1045 quomodo
735 967 865 1047 Plinius,
887 970 961 1028 vino
983 966 1035 1027 vel
1055 984 1171 1046 gemnae
1217 993 1218 1000 ¹

280 1043 365 1112 solet'
383 1069 457 1130 prae
478 1051 587 1110 ceteris
609 1051 803 1112 autoritatem
826 1051 970 1129 tribuere,
994 1069 1063 1109 cnm
1083 1049 1171 1108 aelios

245 1174 248 1179 -
280 1135 392 1195 sintin
414 1134 490 1192 alias
511 1134 689 1212 potestatis,
712 1136 799 1212 quasi
820 1133 916 1214 dicae,
939 1133 1110 1214 pretiosam
1124 1134 1170 1212 opi·

279 1219 408 1278 aionem
432 1224 463 1275 et
484 1215 675 1291 valoroml).
860 1234 862 1238 ·
1215 1213 1218 1248 1

362 1297 521 1374 Secundo,
545 1298 706 1357 ecclesiam
729 1297 881 1359 hocloco
904 1316 964 1358 nec
985 1297 1113 1376 Papam,
1130 1315 1170 1357 rec
1215 1302 1218 1331 ²

278 1381 409 1442 Romam
430 1383 551 1460 accipit,
573 1381 628 1440 sed
652 1389 817 1460 pertotom
836 1380 941 1441 orbem
966 1379 1106 1440 diffusam
1123 1381 1169 1440 nni·
1215 1379 1218 1418 ·³

277 1465 429 1531 ¹versalem
452 1464 630 1537 ecclesiam,
663 1472 696 1524 ut
718 1483 790 1524 mox
822 1461 935 1524 ibidem
960 1470 1083 1523 secutus
1104 1461 1169 1522 dioit:
1214 1461 1218 1497 ¹

279 1546 452 1627 Evangelio
475 1548 555 1606 enim
579 1545 737 1606 catholicis
763 1546 1012 1627 praedicantibus
1034 1543 1145 1605 credidi.
1195 1543 1218 1575 ¹¹*

362 1629 419 1689 Est
446 1648 520 1710 ergo
546 1636 775 1708 argumentum,
807 1646 920 1708 acopos
957 1635 990 1688 et
1021 1646 1132 1687 summe
1146 1627 1170 1686 B.
1215 1628 1218 1682 ἓ

280 1712 444 1792 Augustini
465 1731 504 1772 eo
526 1711 597 1771 loco
616 1711 781 1772 eiusmodi:
802 1710 898 1772 Vobis
919 1711 1105 1771 Manichaeis
1123 1728 1170 1769 non
1215 1709 1218 1744 ³

279 1796 383 1856 credo.
426 1792 550 1868 Quare?
581 1796 651 1872 quia
681 1795 712 1853 in
747 1794 909 1875 evangelio
937 1793 1013 1853 nihil
1040 1792 1079 1852 de
1105 1793 1171 1852 robis
1216 1792 1219 1827 '²

279 1878 361 1958 lego,
384 1894 454 1937 cum
475 1885 577 1937 autem
601 1875 745 1936 catholici
771 1896 829 1937 voa
851 1896 907 1958 per
928 1883 1027 1936 totum
1049 1873 1172 1934 mundun
1216 1873 1219 1907 l

280 1961 487 2037 detestentur,
520 1959 714 2040 evangelium
736 1967 838 2020 autern
860 1958 1080 2020 commendent
1107 1957 1172 2033 mibi,

280 2053 312 2103 et
338 2051 516 2105 constanter
547 2044 659 2122 ubique
681 2042 873 2122 praedicent,
905 2036 1069 2122 evangelio
1091 2048 1172 2100 auten

224 2116 251 2178 Ι
279 2145 341 2186 non
363 2125 576 2203 credidissem,
611 2127 669 2185 nisi
699 2132 779 2208 totus
809 2123 891 2185 orbis
911 2131 974 2184 ton
997 2122 1174 2184 concorditer

279 2208 394 2269 docens
420 2209 479 2268 hac
509 2210 673 2268 autoritate
697 2228 752 2268 sua
773 2226 823 2268 me
846 2214 986 2268 moveret
1006 2206 1046 2267 ad
1070 2204 1173 2282 creden·

278 2291 359 2369 dum,
383 2293 473 2351 simul
494 2290 602 2352 eadem
624 2293 789 2352 autoritate
810 2309 938 2353 moveor
958 2290 999 2351 ad
1021 2289 1107 2351 vobis
1125 2293 1175 2348 non

244 2369 251 2377 ’
278 2373 480 2451 credendum,
515 2375 676 2453 quianibil
698 2374 849 2435 danobis
871 2375 943 2455 lego
966 2375 998 2433 in
1021 2372 1176 2453 cvangelio,
1216 2402 1218 2417 v

279 2459 328 2517 oui
348 2460 448 2518 motus
472 2459 635 2517 autoritate
652 2459 746 2517 totius
769 2457 851 2517 orbis
873 2455 976 2517 credo.
1019 2456 1069 2515 Ex
1085 2453 1176 2534 quibus

278 2540 393 2600 clarum
417 2546 479 2618 eat,
512 2540 716 2619 Augustinom
742 2539 805 2598 hoo
825 2540 924 2617 volle,
961 2556 1056 2619 posse
1077 2538 1178 2598 seilicet

277 2622 400 2703 probari
423 2629 508 2683 tento
544 2623 679 2682 omnium
704 2641 856 2682 consensu
877 2621 1073 2702 evangelium
1094 2627 1124 2680 et
1140 2637 1178 2679 ec

260 2707 420 2786 'cleaiamb
453 2713 484 2765 et
515 2705 681 2785 improbari
707 2705 850 2765 haereses
883 2705 1054 2765 contrarias
1089 2711 1179 2763 tantm

276 2789 471 2866 multitudini,
493 2790 672 2868 praesertim
696 2787 841 2866 ubibi2),
862 2806 930 2870 ψῃ
954 2788 1064 2866 quibus
1085 2787 1180 2866 egitur,

280 2872 375 2932 libros
397 2880 569 2951 acceptant,
591 2868 761 2950 extquibus
782 2870 813 2930 id
834 2869 990 2951 probatur.

359 2954 451 3016 Hunc
473 2973 542 3014 ease
563 2974 686 3015 sensum
704 2955 737 3019 Β.
750 2955 911 3034 Augustini
932 2951 1051 3033 patebit
1071 2949 1180 3031 quibus-

276 3038 365 3117 libet,
389 3040 440 3117 qui
450 3038 667 3117 praecedentia
679 3046 710 3097 et
721 3037 880 3116 sequentia
896 3035 1069 3113 conferunt,
1081 3042 1112 3095 et
1123 3050 1181 3093 sco·

274 3121 698 3202 pumAugustiniobservant.
720 3118 980 3198 FrustraGrerson,
992 3117 1182 3196 irnstreliey·

274 3223 342 3283 ron,
361 3205 471 3264 frustra
481 3210 514 3264 et
525 3205 577 3264 alii
591 3204 651 3264 hoc
661 3202 700 3263 de
713 3203 867 3283 primitiva
876 3203 1017 3280 ecclesia,
1032 3201 1131 3263 aliide
1142 3219 1183 3260 ec

275 3286 650 3348 alesiaoumChristoDeo
661 3289 780 3346 incluso
795 3286 978 3365 intelligunt.
999 3285 1080 3345 Nam
1093 3294 1125 3345 et
1138 3283 1183 3344 lib.

210 3376 213 3385 '
276 3371 509 3432 confesaidem
522 3371 603 3450 dicit,
627 3388 745 3443 senon
756 3369 865 3429 leviter
886 3375 1003 3430 motum
1025 3368 1067 3429 ad
1078 3368 1183 3429 Christi

275 3453 378 3533 fidem,
390 3453 473 3534 quod
482 3454 598 3514 videret
609 3455 704 3513 saeris
715 3452 809 3512 literis
821 3471 841 3511 a
850 3453 916 3512 Deo
927 3461 1042 3512 tantam
1056 3469 1127 3512 esse
1139 3449 1185 3515 do

275 3545 338 3600 tam
349 3540 553 3614 autoritatem,
568 3536 649 3615 quod
661 3542 729 3596 toto
741 3535 816 3595 orbe
827 3535 1011 3597 haberentur
1021 3536 1054 3594 in
1068 3550 1182 3594 summo

275 3622 447 3682 autoritatis
469 3621 603 3701 fastigio.
646 3619 698 3681 sic
732 3619 783 3680 hic
811 3619 886 3680 dicit
906 3638 941 3680 se
962 3624 1081 3678 motum
1103 3623 1183 3676 tanto

300 3798 332 3865 1)
354 3798 387 3852 ln
416 3797 482 3853 edd.
509 3797 628 3868 origin.¹
643 3793 749 3848 desunt
764 3793 869 3846 uertat
890 3788 1005 3840 baruae
1024 3803 1076 3853 aar
1101 3790 1199 3836 autora-

252 3878 342 3929 tatenr
364 3904 405 3914 -
425 3874 604 3946 opinionem
624 3873 654 3923 et
671 3866 814 3920 valorem.
847 3861 884 3924 Ἃ
899 3857 1044 3912 Μελ.
