2709 4417
395 362 398 369 ·
497 345 522 382 -a
537 330 661 384 Notariin
677 337 800 397 excepta
860 359 865 373 ι
1053 327 1116 394 205

199 513 385 593 nitentibus,
412 532 482 573 cum
504 515 654 574 Dominus
686 520 717 573 et
745 523 838 593 caput
866 513 1016 573 ecclesiae
1039 513 1114 574 illud

199 617 256 656 non
289 597 451 677 exigeret?
496 597 592 671 Quam
629 598 781 656 rationem
808 597 839 655 in
865 597 1116 659 annotationibus

201 682 293 760 tetigi,
315 700 380 741 non
402 689 506 740 tamen
527 679 582 739 fuit
604 699 687 758 ineo,
705 679 760 738 sed
782 679 1007 759 Chrysostomi,
1035 682 1117 739 sicut

203 765 289 823 refert
309 763 476 825 Gratianus
497 765 547 827 26.
568 768 696 841 quaest,
719 767 747 825 7.
770 781 837 824 oen.
855 762 985 842 'Allegat
1006 762 1110 823 homo:

206 850 247 906 cui
267 866 363 926 grave
385 844 506 926 pondus
527 847 737 925 poenitentiae
757 845 912 924 imponis,
934 853 987 904 eut
1008 846 1115 925 poeni·

208 933 322 990 tentiam
345 930 477 1005 reiiciet,
498 935 560 988 aut
581 928 653 988 dum
676 927 802 987 sufferre
823 930 944 1008 nequit,
966 928 1115 988 scandali·

211 1022 281 1073 zatus
303 1013 435 1091 amplius
456 1006 575 1091 peccat.
597 1012 717 1072 Deinde
745 1013 802 1070 etsi
823 1031 974 1089 erramus,
1010 1013 1116 1092 poeni-

213 1097 321 1157 tentiam
354 1096 509 1156 modicam
542 1097 753 1174 imponentes,
792 1113 895 1154 nonne
924 1095 1031 1154 melius
1059 1102 1115 1174 est,

214 1186 322 1258 propter
343 1178 582 1238 misericordiam
593 1179 744 1238 rationem
755 1177 893 1256 reddere,
915 1197 1005 1256 quom
1023 1196 1116 1257 prop·

216 1261 498 1345 incrudelitatem?
521 1261 580 1323 Ubi
602 1263 684 1321 enirn
706 1262 922 1340 paterfamilias
945 1261 1117 1340 largus-est

218 1346 408 1424 dispensator,
438 1363 500 1405 non
523 1342 616 1404 debet
636 1364 706 1404 esse
727 1351 831 1403 tenax.
854 1345 885 1404 ai
909 1346 990 1403 Deus
1013 1345 1117 1423 benig-

218 1449 268 1509 nus,
287 1434 319 1487 ut
340 1427 414 1506 quid
435 1427 579 1487 sacerdos
602 1428 666 1487 vult
687 1446 756 1486 esse
778 1428 938 1486 austerus?
970 1427 1038 1487 Hoc
1059 1445 1115 1506 pro

218 1509 435 1572 confessoribus.
523 1564 526 1569 .
573 1527 579 1538 ·

262 1593 344 1652 Idem
359 1593 493 1653 Homilia
509 1593 558 1655 31.
580 1593 624 1652 ait
644 1612 736 1672 super
746 1592 887 1672 Epistola
907 1592 946 1652 ad
962 1592 1116 1653 llbraeos:

217 1678 360 1738 Peccatum
383 1676 579 1737 confessione
614 1677 773 1753 minuitur,
803 1674 858 1735 sed
887 1696 949 1736 uon
974 1677 1117 1735 minuitur

215 1759 300 1838 quoad
322 1759 455 1838 culpam,
478 1761 550 1837 quia
570 1754 702 1837 impium'
718 1766 773 1834 est,
796 1767 829 1818 ut
839 1758 1043 1839 Hieronymus
1064 1760 1116 1835 ait,

213 1843 312 1903 clleo
341 1841 497 1902 dimidiam
527 1862 650 1921 sperare
681 1843 822 1920 veniam,
860 1861 934 1922 ergo
958 1843 1118 1902 0minuitur

200 1925 300 2003 quoad
320 1944 466 2005 poenam.

279 2007 371 2068 Addo
385 2000 578 2087 Gregorium,
600 2009 628 2068 4.
653 2008 760 2071 rnoral.
784 2027 851 2087 cop.
863 2009 904 2069 49
928 2016 999 2086 post
1022 2005 1118 2065 multa

206 2090 243 2151 ita
262 2089 348 2151 dicit:
371 2090 433 2151 Sed
456 2091 528 2169 quia
548 2090 665 2149 nullum
688 2098 846 2169 peecatum
883 2092 966 2150 Deus
988 2090 1116 2148 inultum

206 2175 333 2252 relaxat,
362 2183 415 2234 aut
436 2175 516 2233 enim
540 2192 597 2232 nos
619 2174 681 2232 hoc
702 2173 805 2234 flendo
827 2175 1031 2252 insequimur,
1065 2180 1119 2232 aut

204 2257 265 2335 ipse
286 2257 463 2318 iudicando.
489 2256 676 2334 Restat,·ut
698 2256 738 2315 ad
761 2257 1008 2316 emendationem
1031 2275 1117 2315 suam

204 2359 321 2420 semper
344 2359 430 2399 mens
453 2339 582 2399 solerter
604 2340 750 2419 invigilet.

281 2424 349 2484 Hoc
371 2425 468 2490 sensit
488 2429 521 2483 et
541 2423 576 2482 B.
587 2422 804 2504 Hieronymus,
827 2421 920 2482 verba
943 2441 999 2481 sua
1021 2430 1117 2480 trans·

204 2509 313 2586 scripta
341 2513 414 2566 sunt
439 2526 508 2567 can.
530 2506 715 2584 Mensuram,
737 2505 776 2566 de
797 2507 965 2585 poenitent.
993 2505 1060 2563 dist.
1087 2509 1118 2566 t:

204 2589 373 2649 Mansuram
397 2590 543 2668 temporis
580 2589 756 2668 iungenda
784 2590 975 2668 poenitentia
1003 2587 1119 2647 idcirco

204 2691 262 2733 non
284 2674 358 2732 satis
370 2671 542 2752 praefigunt
556 2671 699 2732 Canones
712 2693 769 2752 pro
784 2691 970 2750 unoquoque
984 2673 1119 2749 crimine,

205 2764 235 2816 ut
256 2756 294 2816 de
316 2755 445 2835 singulis
465 2755 583 2833 dicant,
606 2756 737 2833 qualiter
758 2754 1120 2834 unumquodque'emen-

204 2839 335 2900 dandum
356 2842 413 2917 sit,
444 2837 500 2898 sed
521 2839 618 2918 magis
640 2839 671 2897 in
694 2839 818 2898 arbitrio
841 2838 1012 2898 sacerdotis
1033 2837 1119 2897 intel·

203 2923 323 3004 figentis
340 2920 572 3000 relinquendum
596 2929 741 2998 statuunt,
761 2923 833 3002 quia
846 2922 1034 3000 apudDeum
1057 2940 1119 2980 nou
1184 2921 1186 2924 ’

205 3017 264 3067 tam
287 3006 372 3066 valet
394 3024 537 3066 mensura
558 3007 715 3085 temporis,
738 3024 828 3084 quom
851 3003 977 3066 doloris.

283 3091 488 3169 Augustinum
508 3107 631 3167 quoque
651 3089 743 3148 refert
756 3090 787 3148 in
811 3107 878 3148 oon.
900 3088 1024 3147 Nullus:
1046 3085 1122 3147 Nul-

205 3174 247 3232 lus
268 3171 395 3233 debitae
433 3173 581 3252 gravioris
609 3191 731 3252 poenae
757 3173 869 3251 accipit
890 3173 1031 3248 veniam,
1064 3171 1121 3230 nisi

203 3256 446 3335 qualemcunque
477 3257 535 3316 etsi
562 3256 655 3336 longe
683 3256 848 3332 minorem,
881 3274 971 3334 quarn
1000 3253 1121 3331 debent,

202 3359 336 3418 poenam
359 3340 502 3418 solverit,
530 3341 579 3401 ita.
602 3344 683 3400 enim
710 3339 920 3419 impertitura
941 3339 1009 3397 Deo
1032 3337 1121 3416 largi-

203 3433 248 3482 tas
270 3422 510 3501 misericordiae,
532 3431 564 3483 ut
586 3443 648 3484 non
670 3422 858 3501 relinquatur
879 3423 1012 3482 iustitiae
1034 3422 1121 3482 disci·

203 3507 294 3584 plina.
331 3506 390 3566 Hic
411 3505 726 3567 habet'lteverendus
749 3508 839 3567 Pater
860 3508 1063 3587 Augustinum
1090 3505 1119 3581 ¹)

227 3791 261 3846 1)
280 3790 312 3838 1¹1
331 3789 373 3838 ed.
391 3792 491 3857 cugio.
511 3793 558 3844 liic
586 3797 625 3848 ita
644 3795 768 3868 legitur:
809 3797 865 3853 llic
891 3796 982 3852 babet
1007 3786 1142 3866 curemus

199 3855 214 3905 l,
233 3854 268 3906 D.
288 3855 502 3915 Carofostodius
518 3865 724 3938 Augustinum
745 3882 803 3931 ἕω,
