2709 4417
728 305 763 334 ἢ

438 345 465 363 ”
498 365 516 401 a
534 348 655 403 Romalis
672 352 797 417 excepta.
1068 342 1108 409 63

199 531 231 592 ad
253 531 444 593 bonifacium
467 526 564 610 vna,
586 532 638 613 qui
660 531 759 611 qualis
780 530 922 591 Pontifex
944 528 1050 610 luerit,
1079 536 1109 590 et

199 633 251 694 qna
274 613 336 675 ilde
353 617 432 676 -eius
467 624 557 696 gesta
584 613 781 695 recipienda,
818 615 891 674 satis
914 611 1047 692 probant
1067 612 1110 673 hi·

201 698 312 760 storiae.
591 754 595 761 .

146 840 148 855 ,
269 780 403 842 Pr0inde
416 778 570 841 concludo
592 787 721 860 etrogo,
744 779 916 840 D.-Doctor
937 778 1108 841 velitRom.

146 865 155 902 ἓ
202 861 353 925 Pontifices
377 863 551 925 concedere
571 862 665 924 faisse
687 862 838 939 homines,
861 868 891 921 et
912 878 974 921 non
997 863 1108 922 consti·

203 955 275 1008 trare
294 947 392 1027 Deos,
414 947 597 1029 praesertim
622 946 743 1025 quoties
767 944 977 1008 iudicaverunt¹
997 945 1027 1005 in
1041 964 1109 1004 cau-

203 1030 384 1110 sapropria:
414 1024 526 1091 deinde
547 1049 610 1089 non
638 1048 695 1110 per
715 1048 749 1088 se
770 1029 869 1109 ipsos,
904 1026 957 1087 sed
985 1047 1039 1106 per
1066 1028 1109 1088 in·

146 1154 151 1177 :
204 1113 385 1175 doctissimos
397 1113 585 1193 adulatores,
599 1111 722 1192 quando
734 1109 821 1171 divus
828 1110 995 1193 Gregorius
1008 1108 1108 1193 multis
1207 1167 1210 1173 .

146 1190 172 1265 r}
205 1195 349 1276 llpistolis,
370 1197 429 1257 elsi
444 1195 534 1258 Rom.
546 1178 697 1274 Pontifex,
720 1195 827 1254 reiecit
848 1214 864 1253 a
890 1212 923 1253 se
945 1194 1107 1273 primatum

146 1270 173 1341 ,ἵ
206 1280 282 1339 totius
304 1279 399 1357 orbis,
421 1279 562 1361 allegans
582 1277 622 1339 ad
642 1277 705 1339 hoc
724 1276 994 1359 praedecessorem
1019 1292 1107 1357 snum

146 1389 160 1425 r.
206 1362 360 1441 Pelagium,
382 1362 489 1423 dicens
512 1363 592 1423 inter
614 1368 726 1439 cetera,
749 1360 831 1439 quod
850 1358 1108 1439 venerandaSyo-

146 1478 153 1526 :³
207 1444 267 1505 odus
290 1444 556 1507 Chalcedonensis
586 1442 697 1507 obtulit
725 1443 807 1503 hunc
833 1442 980 1522 primatus
1011 1441 1108 1503 hono·

146 1550 162 1587 r·
206 1548 255 1587 rem
274 1527 333 1588 Ro.
342 1526 496 1607 Pontifici,
517 1534 549 1588 et
570 1526 670 1588 nullus
693 1536 795 1586 tamen
818 1544 909 1585 ausus
932 1534 978 1584 est
1000 1543 1108 1604 accep-

148 1634 164 1669 ι’
206 1618 264 1672 tare.
285 1611 318 1672 Si
342 1631 416 1691 ergo
441 1630 502 1692 ego
524 1629 603 1689 erro,
626 1617 708 1677 errat
728 1629 844 1669 mecum
860 1607 1026 1687 Gregorius
1049 1608 1107 1687 pri-

147 1718 161 1753 .·
205 1713 271 1770 mus,
300 1712 370 1754 cum
398 1695 461 1754 suis
495 1692 802 1774 praedecessoribus,
837 1698 868 1752 et
895 1690 1109 1751 damnabiliter

204 1783 409 1856 peccaverunt,
439 1776 522 1857 quod
544 1776 680 1838 oblatam
702 1777 862 1856 primatum
885 1792 947 1834 non
972 1793 1107 1855 assump-

146 1892 162 1917 ,-,
203 1863 302 1921 serant.

147 1950 159 2003 .,-“
267 1942 328 2003 Per
357 1942 438 2003 haec
474 1941 547 2002 volo
573 1940 753 2022 probatum,
781 1940 863 2019 quod
896 1959 934 2000 ex
957 1940 1107 2019 Decretis,

146 2008 158 2117 ,l
200 2025 448 2103 damnationibus,
470 2024 746 2105 approbationibus
766 2023 987 2085 recentioribus
1010 2024 1107 2084 eccle·

146 2128 155 2171 l
199 2110 251 2169 siae
262 2109 354 2170 Rom.
367 2107 443 2168 nihil
467 2114 576 2169 contra
595 2126 646 2171 me
664 2109 772 2187 agitur,
791 2126 858 2166 cum
874 2108 1105 2186 sintsuspectis·

200 2194 265 2252 sima
286 2193 402 2270 omnia,
424 2198 456 2252 et
476 2192 621 2269 antiquae
635 2191 756 2251 veritati
779 2189 1035 2250 et-consuetudini
1052 2210 1107 2270 per

200 2277 292 2335 omnia
305 2272 472 2350 contraria,
490 2273 687 2335 nihilominus
700 2277 803 2334 tamen
817 2292 872 2353 pro
892 2274 1064 2333 reverentia
1076 2282 1107 2334 et

147 2430 150 2437 Ι
200 2357 311 2418 dtando
334 2357 503 2418 schismate
529 2356 729 2417 libentissime
752 2356 871 2433 tolero,
894 2363 926 2416 et
947 2357 1106 2417 toleranda

202 2440 373 2520 persuadeo,
385 2439 491 2500 modo
501 2458 566 2499 non
589 2446 707 2500 tantum
717 2441 783 2499 iure
797 2438 900 2499 divino
915 2445 962 2499 tot
975 2439 1105 2500 Sanctus

202 2522 410 2664 praecedentes
434 2522 622 2585 damnemus.
644 2522 731 2584 Haec
746 2521 849 2602 habui,
871 2541 950 2602 quae
972 2522 1104 2583 dicerem

220 2607 399 2670 carticulis.

146 2788 154 2965 i
207 2790 214 2807 “
577 2786 727 2851 Eccius.

146 2968 150 2975 ·
268 2951 359 3027 Quod
380 2952 568 3015 reverendus
589 2952 695 3031 Pater,
722 2954 871 3015 honorem
899 2970 986 3014 suarm
1016 2970 1106 3016 excu-

201 3040 321 3114 saturus,
341 3043 452 3119 ‚negat
477 3054 512 3097 se
532 3036 739 3097 Bohemorum
767 3044 945 3117 patronum,
974 3039 999 3098 si
1025 3039 1106 3100 lacta

203 3116 286 3178 verbis
307 3118 547 3199 responderent,
580 3118 807 3201 magnificarem
830 3138 918 3199 eum,
947 3129 978 3180 at
1000 3121 1105 3183 ultima

202 3202 291 3279 primis
312 3221 376 3263 non
400 3202 599 3281 concordant,
622 3223 691 3263 curn
713 3203 980 3283 pestilentissimos
1003 3204 1105 3263 Hussi*

203 3292 286 3343 taram
308 3303 428 3346 errores
451 3302 513 3346 non
536 3284 700 3347 christiane
733 3286 807 3347 dicit
827 3286 1104 3348 christianissimos.

204 3366 237 3426 tt
255 3366 292 3426 dc
311 3367 359 3428 his
381 3368 545 3448 posterius.

269 3448 507 3513 conclusionem
536 3459 638 3512 tamen
666 3452 750 3513 illam
778 3452 869 3531 odio,
902 3451 983 3532 quod
1011 3452 1105 3514 schis-

203 3534 291 3593 matici
311 3534 441 3596 Bobemi
463 3541 495 3595 et
515 3532 633 3595 Picardi
656 3542 707 3595 tan
731 3554 800 3596 uam
824 3536 921 3596 Deum
943 3544 1104 3616 acceptare

146 3610 156 3671 5²
202 3624 324 3693 possent,
346 3619 373 3679 si
393 3636 449 3699 pro
473 3618 518 3679 eis
539 3626 634 3679 staret
655 3554 858 3679 iuslivinum.
882 3618 1019 3679 Graecos
1044 3619 1104 3679 lau-

146 3702 149 3723 ³
204 3696 363 3760 latissimos
386 3708 416 3762 et
438 3706 562 3762 sanctos
585 3704 734 3781 martyres
757 3720 878 3782 semper
900 3702 1031 3765 laudavi.
1064 3703 1104 3761 At

204 3783 343 3844 reverend.
365 3782 473 3863 Pater,
496 3786 569 3844 artis
590 3784 787 3863 coquinariae
811 3785 908 3844 minus
930 3786 1104 3860 instructos,

205 3868 367 3927 commiscet
385 3875 510 3929 sanctos
528 3882 661 3947 graecos
677 3886 746 3929 cum
769 3868 969 3931 schismaticis
991 3873 1022 3929 et
1033 3868 1103 3928 hae-
