2709 4417
248 335 306 403 ,52
378 403 386 426 ⁸
479 339 635 407 Disputatio
655 339 768 407 Lipsius:
781 339 874 391 habita
891 355 916 390 a.
935 332 996 390 xix

265 525 371 598 maior,
384 525 458 583 satis
467 521 592 599 indioat,
607 521 724 582 nullum
735 521 1030 603 suppositum-fuisse
1045 528 1099 580 aut
1109 539 1181 581 esse

266 609 422 685 maiorem,
444 613 476 666 et
496 625 536 665 ex
549 606 769 683 consequentia
790 613 891 666 textus
912 612 1006 684 patet,
1029 604 1110 683 quod
1126 623 1181 664 uo·

265 689 321 749 luit
342 689 436 748 ullum
459 707 529 749 esse
550 690 697 748 maiorem
720 695 778 747 ete
801 687 1015 763 Quod-autem
1037 705 1093 766 pro
1107 706 1182 747 oon-

264 770 438 832 firmatione
457 791 514 831 sua
533 772 654 830 induxit
673 770 748 830 illud
772 771 886 830 Luoae:
918 772 1038 850 Rogavi
1060 789 1116 849 pro
1141 779 1181 846 te,

263 854 362 932 Petre,
386 861 417 914 et
437 854 636 931 tuoonlirma,
659 873 714 933 pro
739 874 786 913 me
801 854 890 932 valet,
913 854 983 932 quia
1005 854 1113 912 fratres
1126 853 1182 912 Pe-

265 938 301 997 tri
323 937 413 997 Petro
436 936 663 1026 oonfirmandos
685 938 943 1016 praeeipitp'non
966 937 1182 996 maioritatem.

647 1117 797 1177 Eumne

286 1285 288 1292 ’
346 1267 393 1327 De
413 1268 563 1347 apostolis
586 1268 667 1346 qnod
689 1268 791 1328 attulit
811 1265 995 1328 reverendus
1017 1264 1121 1339 Pater,
1150 1271 1185 1323 ut

265 1351 361 1411 semel
383 1351 492 1429 dinam,
513 1370 552 1410 ex
568 1350 723 1430 prrieno
745 1350 916 1411 audivimus
938 1356 970 1409 et
980 1347 1183 1426 Hieronymo

265 1432 347 1512 quod
369 1433 438 1493 etS.
453 1440 567 1513 martyr
583 1443 614 1494 et
633 1434 890 1515 papaAnaoletus
914 1439 1042 1492 testatur
1061 1447 1183 1489 esnone

264 1516 295 1575 iu
316 1535 412 1594 nono,
434 1516 502 1576 dist.
524 1520 587 1578 21:
618 1517 774 1595 Aequales
801 1517 895 1575 fuisse
922 1501 976 1575 e⁴os
1002 1515 1032 1572 in
1056 1512 1182 1591 aposto·

265 1597 340 1667 latu
361 1598 444 1678 quod
466 1618 560 1658 nemo
580 1608 682 1678 negat.
698 1599 741 1659 At
761 1598 930 1677 aequalitas
952 1598 1004 1656 illa
1026 1595 1182 1691 apostola·

264 1690 311 1741 tus
333 1701 396 1741 non
416 1680 606 1761 praeiudicat
622 1683 763 1761 primatui
785 1690 817 1741 et
837 1679 1028 1774 principatui,
1048 1679 1107 1737 nisi
1128 1679 1182 1737 im·

264 1764 415 1844 pudenter
435 1763 615 1841 dioatur,S.
639 1773 801 1844 martyrem
810 1764 1023 1824 Anaoletum
1016 1781 1046 1820 ιιι
1071 1760 1180 1821 eodem

265 1846 388 1908 demeto
412 1847 468 1907 mbr
478 1845 711 1907 contradixisse
734 1846 831 1921 Quod
837 1866 912 1907 veru
936 1852 1051 1906 tantum
1066 1842 1181 1922 ponde·

264 1932 305 1988 ris
338 1937 369 1990 et
391 1930 532 2009 praesidii
560 1929 644 1989 louet
632 1931 700 1989 ιιιι
736 1929 928 1989 ordinatione
959 1927 1181 2044 apostolorum

263 2014 346 2090 solo,
379 2011 461 2091 quod
484 2012 629 2071 Paulus'
621 2031 757 2091 ingenue
784 2012 964 2092 scripsit*)
979 2010 1179 2087 :Postquam

263 2094 436 2155 escenderit
453 2095 727 2188 Hierosolymam,
749 2096 824 2155 nihil
845 2114 879 2154 se
900 2094 1055 2189 recepisse
1075 2091 1155 2151 ab
1137 2110 1180 2176 us,

264 2179 315 2257 qui
337 2178 519 2238 videbantur
547 2177 699 2256 aliquid
693 2197 771 2238 esse.
807 2178 919 2237 Verum
943 2178 967 2235 si
989 2193 1104 2235 nervus
1125 2157 1180 2233 iste

263 2267 324 2320 tam
345 2260 563 2320 iuvinoibiliter
585 2260 709 2320 Eooium
739 2261 834 2341 ligare
856 2260 969 2337 debet,
1004 2266 1106 2317 utatur
1134 2273 1179 2331 eo,
1227 2301 1229 2306 .

262 2362 331 2403 oum
353 2346 474 2423 oopiam
495 2344 675 2439 opponendi
697 2344 846 2404 habuerit.
869 2342 929 2404 Sed
953 2342 1033 2420 quod
1053 2341 1178 2420 gratiam

261 2427 319 2485 sibi
340 2426 451 2486 fantum
474 2427 517 2485 sit
537 2446 576 2485 ex
598 2426 762 2504 Cypriauo
785 2426 944 2506 apostolos
968 2426 1033 2503 pari
1057 2441 1179 2483 oousor·

263 2510 305 2568 tio
328 2510 485 2589 praeditos
507 2509 633 2568 honoris
656 2514 694 2568 et
707 2509 884 2587 potestatis,
918 2510 944 2568 si
966 2510 1056 2567 istam
1079 2503 1178 2585 appel·

263 2591 307 2651 lat
326 2593 465 2687 gratiam,
490 2591 660 2652 solutiones
678 2610 749 2650 suas
769 2594 952 2667 interimere,
971 2596 1099 2670 paratus
1116 2606 1177 2647 sum

261 2693 357 2753 saepe
379 2676 406 2734 ei
430 2674 522 2735 talem
544 2675 673 2753 gratiam
696 2674 850 2738 exhibere
892 2674 992 2734 Nam
1002 2672 1180 2732 distinxerat

263 2757 449 2817 reuerendus
466 2756 581 2833 Pater,
603 2757 762 2817 Petruml
760 2760 842 2817 uisse
863 2759 996 2838 priorem
1020 2772 1178 2835 praeroga·

264 2841 326 2899 tiva
346 2841 493 2917 honoris,
515 2803 581 2899 ιιοιι
599 2841 784 2919 potestatis,
808 2840 1008 2920 prriauus‘
993 2858 1035 2898 ,ιιι
1055 2848 1177 2948 utroque

264 2941 318 2982 eos
341 2885 527 3001 aequiparat

346 3006 393 3065 De
417 3006 569 3083 Numidia,
591 3025 681 3084 quam
705 3007 746 3065 ait
768 3024 837 3066 esse
860 3007 939 3064 iuter
960 3003 1176 3076 Mauritaniam,

262 3096 295 3149 et
315 3087 398 3168 quod
420 3089 528 3164 attulit,
550 3052 707 3168 negotium
731 3089 760 3166 Ι)
782 3095 829 3149 est
850 3088 1060 3167 impertinens,
1081 3091 1113 3146 et
1132 3084 1174 3143 diu

263 3171 549 3268 oosuiographioum
572 3173 728 3266 negotium
750 3182 815 3232 ιιοιιΙ
835 3190 941 3250 agens,
962 3189 1025 3231 non
1048 3169 1174 3229 omniun

264 3256 355 3314 etiam
384 3256 517 3316 memini
550 3255 618 3314 Hoo
645 3255 709 3314 soio
739 3255 951 3313 Mauritaniam
980 3252 1172 3332 Turgsniosm
1222 3274 1230 3316 ι

260 3337 533 3397 ethesariensem
556 3337 595 3397 ab
611 3338 637 3397 A
641 3336 737 3396 tlauts
754 3355 886 3415 ¹vergere
909 3354 1006 3414 usquo
1029 3334 1068 3394 ad
1091 3348 1171 3402 mam
1220 3343 1230 3403 ι

264 3428 428 3497 nequet
387 3420 494 3480 Attlan
483 3428 544 3479 tem
566 3421 640 3515 poni
670 3421 830 3479 terminum
854 3418 992 3494 Africae,
1030 3416 1084 3477 sed
1106 3412 1170 3475 Λιιι
1213 3424 1221 3481 ι’

264 3522 330 3562 oem
354 3522 409 3583 pro
438 3521 566 3583 magua
571 3504 623 3562 sui
653 3510 738 3581 parte
710 3501 901 3562 tedividere
923 3500 962 3560 ad
992 3501 1095 3579 plures
1116 3512 1168 3577 gre
1208 3523 1230 3570 ι,

264 3586 344 3664 dus,
371 3586 503 3646 suffioiat
523 3588 682 3645 venientes
704 3586 742 3644 ad
767 3585 941 3645 Cornelium
975 3603 1015 3643 ex
1042 3577 1166 3642 Numidis
1204 3594 1230 3653 p,

292 3778 321 3837 ¹)
342 3776 375 3828 In
395 3776 447 3831 ed.
460 3774 539 3831 Jan..
562 3774 597 3826 eo
618 3774 794 3842 negotium..
830 3783 833 3792 ⁴
875 3805 878 3812 .
950 3779 952 3786 ·

283 3848 313 3911 'l
337 3849 402 3903 Gal.
432 3850 471 3938 2¹„
