2709 4417
275 349 340 414 484
504 345 633 416 Epistola
651 344 719 398 Phil
737 343 962 397 llalauehthonia

278 531 359 597 Esse
389 532 481 612 igitur
512 530 628 610 Papam
666 530 733 588 iure
766 527 872 587 divino
909 533 1008 606 eaput
1042 527 1178 590 eooleaiae.
1220 574 1221 579 η

278 616 357 676 Tum
378 614 543 690 Lutherus,
566 612 720 674 Christum
740 629 775 670 se
795 611 886 671 fateri
909 616 1007 689 eaput
1027 628 1109 687 esse,
1127 629 1180 672 eun

280 699 414 759 eeclesia
435 698 473 756 sit
493 715 623 776 regnum
649 696 792 775 spiritus,
822 712 886 754 non
910 691 1090 753 desiderare
1117 694 1181 754 aliud

280 787 385 861 eaput,
407 786 440 839 ut
460 778 500 838 ad
522 779 588 838 Col.
615 781 642 841 1.

363 862 412 922 Ad
444 862 522 921 haee
550 861 637 920 looos
665 859 785 938 aliquot
816 877 857 918 ex
876 858 1077 937 Hieronymo
1097 865 1124 918 et
1141 858 1184 939 oy-

281 947 389 1026 priano
411 943 528 1004 addidit
549 943 675 1020 Eeeius,
706 942 757 1020 qui
779 948 929 1020 quantum
951 940 994 1001 de
1016 943 1082 1000 iure
1102 940 1185 1002 divino

281 1027 428 1108 probent,
461 1029 529 1106 ipse
558 1025 674 1086 viderit
718 1025 781 1084 lam
804 1033 835 1084 et
861 1023 991 1103 quidam
1022 1023 1085 1084 looi
1110 1025 1188 1083 maui-

281 1112 359 1170 t'eate
390 1108 473 1189 apud
507 1108 633 1168 eosdem
656 1107 827 1186 Scriptores
843 1106 873 1181 1)
911 1108 945 1166 in
967 1105 1097 1166 dubium
1116 1124 1189 1166 roes

282 1192 407 1269 bantur,
441 1210 519 1269 quos
542 1193 609 1270 ipse
636 1208 693 1270 pro
712 1192 802 1250 oertis
824 1188 1019 1268 proferebat.
1062 1189 1191 1249 Bernardi

281 1275 478 1334 autoritatem
498 1272 538 1332 ad
557 1273 728 1353 Eugenium
751 1291 810 1332 eeu
832 1272 1020 1351 panopliam
1036 1271 1190 1331 Aehillean

281 1355 425 1434 laetabat,
448 1374 516 1415 oum
541 1363 643 1415 tamen
665 1356 749 1415 etin
772 1354 881 1414 eodem
906 1354 962 1416 lib.
981 1353 1193 1434 adldugeniun

282 1440 362 1516 siut,
394 1457 474 1517 quae
495 1457 558 1497 non
580 1439 707 1498 omnino
730 1437 804 1496 nihil
824 1435 864 1496 ad
884 1437 1067 1497 institutum
1088 1437 1194 1497 Luthm'

282 1521 405 1581 saciant
449 1522 592 1582 Ceterum
621 1520 777 1580 Bernardo
812 1521 843 1578 in
876 1519 940 1580 hoo
970 1521 1106 1599 negotio
1136 1519 1194 1598 quid

282 1603 446 1682 debeatur,
485 1605 553 1681 quis
584 1610 631 1663 eat
664 1611 726 1664 tam
754 1601 914 1681 stupidus,
949 1603 1005 1680 qui
1037 1621 1103 1664 non
1123 1602 1195 1663 intel·

283 1687 305 1745 li
328 1694 369 1749 at

305 1705 327 1766 g
365 1767 415 1828 Ex
435 1767 606 1848 Evangelio
629 1786 701 1826 usus
723 1774 770 1827 est
790 1767 861 1828 loeo
882 1767 996 1829 Matth.
1022 1771 1081 1832 16:
1109 1767 1153 1826 'l'u
1170 1785 1196 1827 as

283 1850 393 1912 Petrus
426 1857 458 1911 et
487 1870 580 1930 super
600 1850 681 1909 hano
712 1857 828 1929 petram
851 1856 911 1910 ete.
955 1849 1112 1912 Lutherus
1138 1868 1196 1910 eon·

283 1934 451 1994 sessionem
480 1934 565 1993 illam
593 1932 664 1992 tidei
699 1951 768 1992 esse
800 1933 910 2014 voluit,
947 1932 1140 2011 Petrumque
1164 1931 1196 1993 ibi

284 2034 447 2096 personam
471 2017 632 2075 universae
660 2015 811 2075 ecelesiae
839 2034 965 2094 gerere,
1006 2034 1104 2094 seque
1126 2015 1195 2075 Cirr}

284 2105 364 2159 stum
397 2106 516 2178 petram
547 2117 677 2177 voeare,
712 2097 805 2177 idque
836 2117 876 2157 ex
904 2099 1005 2178 ipsius
1037 2099 1194 2158 sententiae

285 2181 394 2242 ordine
415 2182 551 2260 pluribus
574 2182 757 2241 eouieeturis
779 2182 929 2259 eoarguit.

369 2267 442 2323 item
465 2264 536 2323 looo
554 2262 607 2345 *):
630 2264 727 2323 Pasee
749 2282 824 2322 oves
848 2282 950 2341 meas,
973 2263 1063 2342 quod
1086 2264 1191 2343 proprie

285 2366 323 2407 ao
344 2347 484 2427 privatim
507 2346 598 2406 Petro
626 2346 739 2405 dietum
763 2353 826 2425 est,
863 2347 1030 2424 respondit
1052 2346 1190 2424 Lutherus,

285 2439 357 2510 post
379 2449 483 2509 parem
506 2428 813 2509 apostolisomuibus
827 2430 1028 2488 autoritatem
1053 2429 1187 2488 traditan:

285 2514 426 2592 Aooipite
448 2513 591 2591 Spiritum
615 2520 771 2588 sanetum,
793 2530 922 2590 quorum
946 2512 1126 2571 remiseritis
1145 2517 1186 2570 eta

285 2595 371 2654 Haeo
393 2596 474 2655 enim
497 2595 592 2654 verba
613 2602 685 2654 suut
712 2594 887 2654 demandati
909 2594 1023 2674 officii,
1058 2593 1185 2654 Christum

286 2678 438 2756 docuisse,
462 2677 534 2756 quid
557 2679 596 2736 sit
616 2696 755 2756 posuere,
777 2686 809 2738 et
829 2677 953 2757 qualem
971 2678 1108 2738 voluerit
1128 2695 1184 2754 esar,
1218 2750 1220 2755 Α

286 2762 338 2839 qui
359 2770 500 2839 pasturus
523 2761 571 2820 sit.

367 2843 416 2902 Ad
449 2843 527 2903 haee
547 2843 658 2902 Eeeius
687 2843 809 2902 coneilii
831 2843 980 2902 Constan.
1013 2844 1184 2903 autoritateu
1217 2863 1221 2901 z

286 2925 448 3005 allegavit,
482 2926 533 2984 ubi
555 2933 664 2986 eontra
690 2926 834 2986 artieulos
856 2925 1054 2985 Hussitarum
1075 2943 1184 3005 pronun·
1217 2925 1221 2982 l

286 3011 400 3070 eiatum
423 3016 484 3069 est:
508 3008 553 3068 De
576 3010 761 3068 necessitate
773 3008 879 3068 salutis
897 3017 955 3086 est,
980 3009 1107 3069 eredere
1117 3008 1185 3067 Bou.
1219 3027 1221 3082 ς

286 3090 465 3153 Pontificem
500 3093 732 3152 oecumenicum
754 3111 832 3153 esse.
874 3092 919 3154 lbi
940 3094 1091 3153 laetatum
1111 3091 1185 3167 varie,

286 3176 449 3234 ooneilium
485 3193 586 3234 errare
618 3194 681 3234 non
704 3195 807 3255 posse.
849 3175 1023 3238 Prudenter
1056 3175 1097 3236 ad
1127 3175 1186 3234 hae

285 3257 450 3334 Lutherus,
473 3276 535 3316 uon
558 3276 667 3318 omues
689 3259 835 3319 articulos
856 3280 912 3338 pro
935 3259 1102 3321 haereticis
1122 3257 1186 3318 dan·

286 3348 392 3419 natos,
431 3346 462 3401 et
496 3341 628 3419 reliqua,
660 3359 739 3429 quae
760 3343 810 3401 hio
832 3345 936 3403 omnia
965 3343 1129 3404 molestum
1156 3347 1189 3400 at

287 3425 411 3485 referre.
453 3423 562 3501 Neque
594 3425 683 3483 huius
715 3433 763 3486 est
794 3426 856 3485 loei
885 3434 1035 3504 tractare,
1070 3443 1146 3503 quae
1163 3423 1189 3481 sit

286 3507 485 3567 conciliorum
509 3509 666 3567 autoritas.
709 3509 777 3569 Hoe
800 3509 901 3588 palam
930 3519 996 3591 est,
1030 3529 1093 3569 non
1116 3525 1189 3587 posse

286 3589 450 3649 eonsilium
470 3609 570 3651 novos
598 3591 745 3650 articulos
771 3592 842 3653 fidei
865 3594 1011 3657 condere.
1056 3592 1135 3652 Male
1153 3610 1190 3650 au·

320 3790 351 3859 1)
374 3789 407 3842 ln
426 3787 471 3844 ed.
493 3786 572 3840 tens.
590 3783 766 3848 Seuiuturus.

320 3867 350 3936 *J
377 3865 482 3919 lohan.
502 3860 553 3917 Ἃ).
