2709 4417
384 362 390 377 ··
499 344 654 398 odonariis
672 348 798 412 excepta
837 394 840 401 ,
1040 336 1104 406 ,1.73
1159 281 1163 289 Ι

199 531 391 614 probatissimi
401 536 433 592 et
441 530 649 592 honestissimi
661 530 717 590 viri
726 549 782 610 per
794 537 890 591 totum
898 529 1101 590 Christianum

199 616 288 676 orbem
300 615 333 674 in
345 615 493 674 trecentis
507 615 594 673 anuis
608 620 639 672 st
653 614 762 674 horum
777 614 870 692 aliqui
883 615 914 673 in
928 612 1102 693 catalogum

199 698 366 758 iunctorum
390 697 488 775 relati,
505 715 566 756 non
590 702 692 756 tamen
712 695 919 777 indulgentias
941 696 1104 774 hocpacto

199 779 415 859 probaverunt,
447 780 566 839 etiarnsi
596 783 709 839 abusus
731 781 775 839 eis
797 781 876 839 sieut
903 776 1103 838 in‘omni·re

199 862 389 942 displicuerit.
418 862 552 923 Thomas
575 869 698 922 sanctus
721 869 777 937 est,
800 860 1029 939 Bonaventura,
1054 860 1104 920 Al-

199 953 289 1005 »artus
313 944 498 1022 Carmelita,
534 944 739 1005 Bennoi-dinus
770 952 801 1004 et
832 945 883 1005 alii
913 945 1016 1024 magui
1038 944 1104 1020 viri,
1133 979 1136 987 ι

199 1028 271 1105 llas,
294 1027 640 1107 Gerson,Capistranus
663 1036 723 1088 etc.
747 1029 797 1108 qui
820 1037 921 1087 tamen
944 1025 1102 1106 indulgen·

199 1111 294 1169 iarum
317 1111 553 1172 concessionem
577 1129 637 1170 non
661 1111 870 1190 reprobarunt.
905 1110 1007 1184 Quare
1029 1109 1103 1168 nihil

199 1193 286 1271 efcrt,
315 1192 399 1272 quod
410 1192 545 1253 lohanni
555 1193 711 1254 Vuickleff
728 1193 869 1254 etUlrico
893 1193 1049 1252 Kalteisen
1071 1192 1101 1250 in

199 1276 322 1356 lnglia,
346 1277 480 1336 Domino
503 1276 637 1335 iohanni
661 1276 700 1337 de
722 1277 889 1351 Vuesalia,
928 1277 978 1354 qui
1000 1284 1102 1334 tamen

199 1377 248 1418 roc
268 1360 447 1418 retractavit
467 1358 657 1439 Magirntiae,
683 1359 825 1419 Bohemis
848 1359 1103 1439 indulgentiarum

199 1443 409 1502 concessiones
430 1460 493 1501 non
517 1442 707 1521 placuerunt.

272 1524 375 1598 Quare
399 1523 633 1602 concludamus,
656 1524 862 1604 indulgentias
884 1522 1104 1583 rationabiliter

202 1606 302 1684 datas,
323 1607 362 1666 ad
387 1607 445 1667 Dei
467 1607 615 1667 honorem
639 1616 669 1667 et
690 1607 762 1667 fidei
784 1607 1023 1690 exaltationem,
1041 1626 1105 1665 non

200 1709 259 1750 esse
279 1690 404 1750 inutiles
426 1690 538 1750 Christi
569 1689 709 1751 fidelibus
746 1690 885 1767 devotis,
921 1708 985 1749 nou
1017 1708 1105 1767 prae-

204 1772 393 1849 sumentibus,
415 1771 468 1832 sed
492 1791 545 1832 eas
568 1791 635 1832 oum
649 1773 817 1833 humilitate
832 1773 865 1846 ¹)
889 1778 921 1832 et
940 1773 1104 1852 gadarum

205 1857 316 1915 actione
337 1854 576 1934 accipientibus,
599 1855 743 1916 abusibus
765 1856 891 1916 resectis
913 1859 945 1915 et
964 1855 1105 1936 repulsis,

206 1946 231 1997 ut
248 1940 290 1998 sic
310 1940 414 2018 potius
437 1938 476 1998 de
497 1946 583 1998 tanto
603 1938 635 2012 2)
661 1958 785 1999 munere
808 1939 875 1998 Deo
899 1940 1012 2018 gratias
1034 1956 1105 2018 aga-

207 2040 270 2099 nus,
291 2040 381 2099 quam
405 2020 533 2082 utillud
556 2022 686 2100 superbe
708 2027 955 2096 contemnamus,
984 2040 1107 2100 semper

208 2105 228 2162 in
247 2105 347 2164 animo
369 2103 533 2177 habentes,
556 2106 703 2183 optimam
725 2103 947 2184 indulgentiam
970 2122 1039 2163 esac
1056 2123 1105 2163 ve

207 2205 255 2245 ram
277 2188 503 2248 contritionem.
537 2186 653 2246 Tamen
677 2188 820 2261 omnino,
854 2188 879 2246 si
901 2186 993 2247 hodie
1014 2206 1108 2266 expo·

205 2270 251 2328 sita
270 2271 422 2330 sententia
443 2268 499 2328 fuit
522 2288 608 2328 mens
621 2268 781 2330 reverendi
791 2270 899 2347 Patris,
921 2269 1107 2347 maluissem,

206 2350 319 2411 utillud
346 2352 429 2412 clare
450 2351 600 2428 dixisset,
629 2360 660 2411 et
681 2351 867 2431 simplicibus
890 2371 953 2412 non
975 2351 1110 2411 dedisset

203 2436 391 2497 occasionem
414 2433 495 2494 aliud
519 2435 697 2514 cogitandi,
725 2437 797 2514 quio
825 2454 917 2495 nemo
946 2442 993 2494 est
1015 2435 1110 2496 omni·

199 2533 243 2577 um
264 2516 456 2594 auditorum,
488 2518 538 2596 qui
561 2537 685 2578 sensum
710 2517 802 2577 hodie
824 2517 927 2579 datum
948 2518 1108 2578 intellexe-
1140 2522 1142 2526 ’

199 2601 279 2660 ritis
302 2600 511 2660 Conclusione
535 2599 714 2663 undecima:
745 2602 876 2680 Dicere,
898 2601 1106 2682 indulgentias

199 2683 385 2744 essebonum
398 2682 581 2759 Christiano,
603 2692 651 2744 est
672 2686 814 2758 insanire,
837 2690 908 2744 sunt
921 2686 1001 2744 enirn
1016 2685 1108 2743 veris·

199 2766 265 2826 time
288 2767 391 2846 operis
414 2765 611 2827 bonivitium.
638 2767 758 2826 Alsum
781 2766 860 2828 bene
883 2775 1046 2828 contentus
1069 2765 1107 2825 de

199 2865 247 2908 sua
269 2850 475 2929 expositione,
497 2857 642 2928 quantum
666 2849 705 2908 ad
728 2869 777 2910 me
798 2852 928 2915 attinet,

508 2984 548 3045 M.
581 2981 787 3047 Luthsrus.

277 3135 395 3197 Contra
417 3136 587 3197 solutiones
610 3155 695 3196 meas
718 3138 849 3218 opponit
870 3138 1011 3219 egregius
1025 3136 1061 3197 D.
1071 3136 1106 3198 D.

199 3222 304 3299 primo,
333 3218 540 3300 indulgentias
561 3238 623 3280 non
647 3239 716 3280 esse
738 3222 936 3282 remissiones
957 3220 1107 3281 bonorum

199 3321 335 3383 operum,
358 3321 416 3364 nec
438 3301 624 3378 sevidisse,
659 3305 709 3382 qui
731 3303 792 3365 hoc
812 3315 972 3367 assereret.
1015 3303 1108 3382 Sequi

199 3390 281 3446 ctiam
306 3383 445 3464 adhoc,
477 3384 682 3465 indulgentias
711 3406 779 3447 csse
807 3406 879 3447 vere
909 3386 1108 3466 periculosas,

199 3470 301 3529 noxias
324 3476 354 3529 et
368 3468 570 3543 damnabiles,
594 3487 662 3528 esse
685 3471 787 3549 potius
810 3488 936 3530 casune
954 3489 1107 3529 consensu

199 3551 325 3613 dantium
363 3559 393 3613 et
424 3549 647 3611 admittentium
675 3553 873 3615 remissiones
884 3550 916 3634 ³)
941 3571 1108 3632 poenarum

199 3654 249 3715 pro
271 3636 409 3716 peccatis
433 3632 612 3696 debitarum.
635 3633 840 3715 Respondeo:
864 3633 944 3696 Satis
965 3634 1109 3721 admiror,

206 3817 238 3876 1)
256 3817 286 3867 ln
307 3816 348 3869 ad.
368 3819 432 3871 Jen.
453 3823 570 3892 etspud
596 3825 741 3896 hocsem:
773 3830 969 3887 humanitate.
984 3828 1023 3897 ‘bi
1039 3825 1141 3881 turus.

199 3885 229 3935 ¹0,
265 3884 300 3947 3)
320 3876 409 3947 ibid-t
428 3895 650 3957 remissionom.
