2709 4417
249 357 315 424 480
491 354 620 425 Epistola
637 353 707 408 Phil.
726 351 951 407 Melanchthonis

252 560 327 622 pere
339 539 507 615 desideras,
529 537 664 598 studium
687 555 724 596 ac
737 535 932 596 voluntatem
948 532 1046 592 animi
1067 540 1171 611 ergata

254 625 314 684 mei
338 622 473 701 pluribus
512 619 614 681 verbis
643 619 802 679 declarari.
847 618 928 678 Nam
956 614 1111 674 eiusmodi
1129 635 1171 674 ou-

255 707 359 784 spiclis
381 705 502 764 animos
527 712 651 763 nostros
674 702 810 783 optimus
832 701 885 760 ille
910 702 1056 759 sincerae
1077 699 1173 758 carita

256 790 294 847 tis
327 787 451 865 spiritus
473 785 671 861 conciliavit,
709 792 742 843 ut
773 784 943 843 amicitiam
971 787 1110 841 nostram
1130 799 1172 840 ne·

256 888 315 948 que
348 868 526 927 labefactari
551 867 613 928 ullo
637 885 728 942 casu,
758 868 791 925 in
825 872 889 925 tarn
925 865 1015 926 varia
1050 864 1171 922 omniurn
1213 852 1214 917 Ϊ

255 971 355 1012 rerum
396 950 596 1009 humanarum
642 949 868 1021 vicissitudine,
914 965 1014 1026 posse
1054 963 1171 1024 sperem,
1212 974 1214 987 ‹

256 1052 357 1112 neque
379 1032 555 1110 vulgaribus
577 1031 656 1110 illis,
692 1039 723 1091 et
743 1031 883 1111 profecto
907 1029 1064 1109 pedaneis
1085 1026 1170 1088 fuum
1213 1055 1214 1103 q

256 1117 315 1195 giis
336 1114 368 1173 id
391 1132 489 1193 genus
511 1115 685 1191 literarum,
708 1112 849 1192 qualibus
872 1113 938 1172 iere
962 1111 1090 1171 aluntur
1110 1113 1170 1170 ami·
1212 1116 1214 1171 l

258 1198 366 1271 eitiae,
395 1196 487 1255 altius
520 1203 655 1255 acturam
678 1196 808 1255 radices.
852 1195 886 1254 lo
910 1202 1079 1270 utrumque
1099 1195 1170 1272 spiri

257 1287 305 1340 tus
326 1279 476 1338 incumbit
496 1279 624 1357 pariter,
647 1286 679 1337 ut
700 1277 816 1337 inedita
838 1279 879 1336 sit
900 1278 1043 1337 amicitia
1063 1281 1122 1335 tum
1140 1277 1169 1334 si-

258 1362 396 1439 mulatis,
426 1369 489 1419 turn
511 1361 680 1440 nugacibus
703 1362 769 1420 istis
791 1358 959 1420 blanditiis.
1006 1359 1107 1436 Atque
1125 1360 1168 1418 uti·

257 1463 329 1504 nam
351 1442 432 1503 illins
454 1460 563 1520 queam
598 1449 687 1522 grato
711 1450 837 1522 pectore
868 1440 1057 1503 beneficium
1091 1460 1169 1520 agno-

257 1544 360 1601 scere,
394 1526 445 1603 qui
467 1525 560 1584 talem
583 1545 646 1585 non
677 1525 746 1586 dico
768 1525 905 1603 Thesea,
929 1523 985 1583 sed
1012 1523 1168 1582 Christiana

258 1607 319 1668 lide
351 1610 483 1667 amicum
522 1608 612 1667 nobis
644 1609 787 1668 iunxerit.
839 1607 941 1667 Nemo
972 1607 1058 1666 enim
1093 1606 1169 1685 plane

258 1690 432 1751 mortalium
455 1696 517 1767 est,
553 1693 639 1749 cuius
670 1691 863 1769 praesentior
888 1691 920 1749 in
952 1709 1003 1749 me
1026 1691 1087 1748 iam
1112 1687 1170 1748 iude

258 1793 278 1833 a
297 1791 394 1853 puero
418 1792 514 1852 usque
532 1773 623 1832 fuerit
644 1771 856 1852 beneficentia,
880 1791 973 1851 quarn
1003 1779 1065 1848 tua,
1087 1789 1170 1848 eaque

258 1874 331 1916 vere
367 1855 502 1915 liberalis
531 1874 568 1914 ac
591 1874 717 1934 prorsus
738 1854 776 1917 sd
800 1855 927 1936 γυμνὸν
949 1858 1019 1918 τῶν
1041 1857 1170 1937 χαρίτων

259 1939 403 1998 reterens.
453 1937 561 2016 Neque
590 1939 671 1997 enirn
705 1939 841 1998 rationes
876 1945 1005 1997 nostrae
1042 1935 1170 1997 sinebant

259 2039 392 2099 aequare
423 2020 603 2079 beneficium
636 2019 798 2081 beneficio.
842 2018 911 2094 Qua
932 2029 1023 2099 parte
1046 2018 1169 2099 quaudo

261 2102 382 2182 quidem
406 2108 437 2161 tu
459 2110 613 2182 praestas,
642 2121 775 2181 quaeso,
804 2105 948 2183 permitte
977 2104 1102 2162 vincere
1122 2119 1170 2160 nos

261 2185 405 2245 amando.

342 2267 527 2328 Aristoteles
551 2286 637 2346 euris,
660 2270 711 2347 qui
733 2267 885 2328 beneficio
910 2269 1092 2347 quempiam
1108 2264 1167 2324 affe-

260 2351 349 2428 cerit,
372 2350 411 2409 ab
433 2350 487 2409 illo
512 2358 627 2410 tantum
651 2351 716 2410 vult
736 2352 849 2425 amari,
879 2358 1029 2429 quantum
1053 2367 1166 2408 merere·

261 2441 308 2493 tur
329 2430 525 2509 beneficium,
560 2440 612 2492 aut
641 2439 723 2492 certe
747 2433 889 2492 beneficii
912 2436 1021 2512 gratia.
1065 2435 1166 2510 Arguta

259 2516 312 2576 illa
334 2514 475 2594 quidem,
500 2514 554 2574 sed
578 2534 639 2574 non
663 2517 791 2576 omnino
814 2517 924 2595 probe,
967 2516 1076 2594 Neque
1099 2515 1166 2572 euim

261 2598 350 2658 nobis
383 2616 494 2677 scopus
528 2605 574 2657 est
601 2600 715 2657 amoris
743 2600 840 2657 nostri
875 2597 1059 2658 beneficium
1088 2597 1166 2655 ullum

261 2690 356 2759 tuum,
378 2679 431 2740 sed
454 2680 505 2740 ille
527 2688 616 2740 autor
636 2682 791 2740 amicitiae
813 2688 940 2740 nostrae
961 2681 1075 2740 Christi
1096 2679 1167 2761 spin}

261 2770 319 2824 tus.
368 2763 413 2822 Tu
451 2764 569 2823 interim
604 2762 751 2842 quidquid
792 2763 885 2824 officii
926 2765 1027 2823 amico
1062 2761 1168 2834 dedisti,

261 2847 415 2906 communi
438 2847 571 2905 caritatis
593 2847 658 2905 iure
680 2845 825 2923 debebas,
847 2847 981 2906 vicissim
1004 2847 1036 2905 iu
1054 2844 1167 2905 nomini-

261 2929 318 2990 bus
341 2932 399 2986 tuls
421 2947 479 2987 nos
501 2947 623 3006 quoqne
646 2949 765 3006 snmus,
804 2948 865 2989 non
900 2928 1033 2988 defuturi
1067 2926 1168 3000 officio,

263 3013 288 3070 si
311 3009 433 3089 quando
458 3029 547 3070 casus
570 3011 680 3089 aliquis
703 3013 790 3072 feret.

344 3094 408 3152 lam
432 3112 505 3153 vero
531 3093 612 3171 quod
636 3095 761 3171 attinet,
792 3094 891 3173 nolui,
931 3091 1167 3172 quandoquidem

260 3176 378 3255 reliqua
399 3176 461 3235 fere
483 3177 513 3235 in
536 3176 643 3235 studiis
658 3177 813 3238 literarum
830 3178 1008 3236 communia
1023 3175 1170 3245 habemns,

261 3259 396 3318 frustrari
419 3265 448 3318 te
470 3260 523 3335 iis,
558 3277 637 3337 quae
666 3261 899 3339 exspectatione
921 3261 1057 3336 maiore,
1090 3276 1169 3336 quam

261 3360 317 3421 pro
340 3361 373 3401 re
383 3341 505 3421 Lipsiae
528 3340 566 3400 de
581 3342 732 3422 ambiguis
745 3341 926 3420 quibusdam
940 3342 1172 3420 Theologorum,

261 3431 295 3484 ut
307 3423 437 3499 videtur,
459 3424 535 3483 locis
553 3431 623 3483 acta
645 3431 725 3486 sunt.
759 3425 825 3484 Nec
843 3426 954 3504 opinor
974 3425 1052 3485 nihil
1069 3422 1173 3482 referre

262 3514 329 3584 tua,
353 3509 403 3585 qui
426 3514 457 3566 et
477 3503 534 3586 piro
557 3507 726 3588 theologici
749 3509 881 3569 nominis
904 3507 1055 3590 dignitate
1075 3507 1106 3564 in
1127 3503 1173 3563 illo

261 3590 392 3649 Sneviae
414 3589 534 3650 theatro
557 3591 631 3650 urbe
652 3592 794 3671 Angusta
816 3610 935 3651 sacrum
958 3589 1174 3670 Panegyristen

260 3674 346 3753 agis,
369 3678 414 3752 et,
437 3680 470 3732 ut
494 3672 690 3752 theologicae
713 3674 819 3735 literae
846 3693 922 3753 pure
944 3693 981 3736 ac
1004 3671 1175 3752 simpliciter

259 3755 444 3841 doceantur,
470 3757 633 3820 adniteris·

345 3847 438 3911 Haec
475 3863 555 3908 vero
589 3835 793 3919 disceptandi
809 3833 979 3910 provincia
994 3833 1134 3905 primam
1146 3846 1209 3881 non

153 3964 164 4009 i
