2709 4417
263 354 327 423 476
569 355 697 427 Epistola
712 355 772 412 Ich.
790 357 866 411 Eccii

266 543 411 604 editionis
434 544 570 605 lenensis
594 551 624 605 et
644 544 745 616 illum,
768 562 858 622 quern
881 542 1039 603 Loesoher
1057 541 1166 603 reddidit
1213 547 1216 582 ²

264 628 296 687 in
318 627 404 686 Actis
426 627 561 688 Reform.
586 627 625 687 ΙΙΙ
646 647 675 707 p.
690 628 751 689 214
774 645 841 705 sqq.
867 633 898 685 et
919 628 980 690 591
1004 644 1070 704 sqq.

511 791 659 875 Epistola
681 791 833 857 Iohannis
855 791 944 857 Eccii

267 910 361 969 missa
383 927 422 968 ex
432 908 535 986 Lipsia
556 909 594 969 ad
609 908 761 969 famosum
784 916 816 967 et
836 908 1042 969 reverendum
1058 906 1170 982 Patrem,

266 990 299 1051 F.
332 991 436 1052 Iacob.
464 991 685 1068 Hochstraten,
729 991 907 1070 Magistrum
948 992 979 1050 in
1017 988 1171 1068 Theologia

267 1079 421 1149 nostrum,
464 1075 495 1133 in
519 1094 578 1153 qua
599 1073 748 1147 ostendit,
771 1074 879 1152 quibus
903 1074 1080 1152 scripturis,
1102 1091 1171 1151 argn-

269 1156 379 1215 mentis
409 1161 440 1216 et
467 1156 638 1217 rationibus
661 1156 831 1216 defenderit
857 1155 1006 1216 articulos
1028 1155 1172 1222 Romanae

267 1237 417 1299 ecclesiae
450 1239 481 1298 in
514 1237 720 1318 disputatione
748 1238 869 1318 Lipsica
902 1245 1013 1299 contra
1042 1238 1080 1298 D.
1101 1237 1172 1296 Mart.

433 1320 597 1381 Lutherum
617 1341 700 1381 anno
722 1321 881 1383 ultrix.
904 1321 1021 1381 habita.

429 1437 606 1497 Salutem
629 1440 667 1498 in
690 1439 854 1499 Domino
875 1437 1033 1511 Iesu*).

348 1568 418 1629 Non
442 1579 472 1630 te
493 1574 653 1649 praeterit,
685 1571 865 1633 Reverendo
887 1571 994 1649 Pater,
1029 1569 1172 1648 quomodo

268 1672 316 1710 me
361 1652 509 1713 hactenus
558 1657 755 1734 apposuerim
798 1655 966 1714 temerariis
1010 1651 1173 1712 hominibus

266 1734 532 1815 Vuittcmbergae,
574 1756 682 1797 omnes
714 1738 865 1798 Doctores
898 1757 917 1796 a
951 1734 1172 1814 quadringentis

266 1817 371 1890 aunis,
407 1820 601 1895 quantumvis
623 1819 653 1881 S.
684 1826 715 1879 et
743 1820 870 1894 doctos,
904 1817 1172 1892 contemnentibus,

266 1904 297 1958 et
318 1899 414 1958 multa
434 1900 512 1960 falsa
534 1908 565 1962 et
588 1921 718 1962 erronea
739 1903 769 1961 in
792 1901 939 1980 populum
952 1899 1172 1974 seminantibus,

266 1982 460 2062 potissimum
484 1989 576 2062 caput
597 1984 686 2044 huius
708 1983 846 2044 scandali
876 2004 931 2063 per
965 1984 1172 2062 impressiones

265 2063 389 2144 linguae
411 2072 538 2126 nostrae
559 2066 684 2147 vulgum
706 2067 825 2128 seducit
846 2071 877 2126 et
898 2065 1006 2128 inlicit.

347 2146 522 2207 Novissime
556 2148 776 2227 disputavimus
805 2149 943 2228 Lipsiae,
980 2150 1011 2207 in
1046 2147 1171 2224 frequen-

266 2229 385 2289 tissimo
420 2230 571 2291 auditorio
606 2231 852 2293 doctissimorum
885 2233 1037 2306 virorum,
1073 2228 1170 2307 ubique

266 2313 530 2386 convenientium,
564 2314 614 2373 ubi
647 2314 730 2388 (laus
759 2316 843 2392 Deo,
877 2313 978 2372 honor
1005 2319 1037 2371 et
1057 2310 1168 2392 gloria)

265 2392 426 2472 plurimum
450 2396 610 2456 imminuta
632 2404 680 2456 est
701 2416 805 2457 eornm
831 2397 954 2474 opini0,
988 2396 1080 2454 ctiam
1102 2393 1170 2472 apud

264 2475 405 2556 vulgum,
439 2478 521 2556 apud
549 2478 659 2539 doctos
682 2498 755 2540 vero
778 2495 833 2558 prc
856 2478 966 2538 maiori
988 2485 1076 2556 parte
1096 2475 1171 2554 lapsa

266 2566 332 2636 est,
369 2557 507 2619 audisses
540 2561 697 2621 homiuum
720 2562 937 2638 temeritatem,
975 2579 1065 2638 quam
1099 2560 1171 2617 caeci

267 2649 338 2701 sunt
360 2648 391 2700 et
413 2641 452 2701 ad
474 2643 610 2704 facinora
633 2645 836 2724 imperterriti.

347 2722 448 2805 Negat
469 2724 635 2803 Lutherns,
657 2727 778 2787 Petrum
802 2727 896 2786 fuisse
917 2726 1090 2804 principem
1110 2742 1170 2801 apo·

265 2805 429 2879 stolorum,
467 2815 560 2888 negat
596 2808 802 2870 obedientiam
837 2807 1080 2868 ecclesiasticam
1113 2825 1171 2864 esse

265 2887 304 2947 de
325 2889 389 2948 iure
411 2889 533 2969 divino,
568 2891 622 2951 sed
644 2891 778 2953 humano
806 2910 961 2952 consensu
984 2888 1034 2948 vel
1056 2890 1171 2968 impera-

267 2971 341 3030 toris
377 2971 539 3032 inductam.
582 2973 684 3054 Negat
716 2994 807 3054 super
838 2975 958 3033 Petrum
993 2970 1172 3031 aedificatam

264 3053 442 3113 ecclesiam:
482 3054 580 3134 Super
610 3056 689 3116 hanc
719 3064 836 3136 petram
869 3062 926 3115 etc.
976 3053 1017 3113 Et
1050 3054 1118 3114 dum
1151 3054 1172 3111 ei

264 3135 483 3215 Augustinum,
507 3138 738 3218 Hieronymum,
760 3139 966 3214 Ambrosium,
990 3136 1174 3216 Gregorium,

264 3216 467 3297 cyprianum,
491 3220 761 3300 chrysostomum,
783 3222 917 3282 Leonem
941 3226 973 3278 et
995 3219 1173 3279 Bernardum

264 3319 356 3378 super
388 3303 443 3363 illc
466 3303 651 3364 adducerem
682 3324 749 3364 curn
771 3303 960 3382 Theophilo,
1000 3321 1109 3362 omnes
1131 3320 1175 3359 ne·

263 3384 348 3461 gavit
369 3384 488 3464 absque
511 3386 637 3466 rubore,
674 3394 705 3448 et
726 3407 760 3448 se
781 3407 873 3447 unum
895 3385 973 3444 dixit
1006 3385 1089 3444 velle
1110 3384 1174 3443 resi-

263 3470 343 3524 stere
374 3467 470 3543 mille,
504 3469 589 3548 nullo
623 3470 685 3530 alio
716 3470 827 3545 fultus,
863 3468 920 3528 nisi
951 3467 1023 3545 quia
1046 3467 1175 3527 Christus

263 3554 345 3607 esset
366 3549 596 3611 fundamentum
618 3553 778 3631 ecclesiae,
803 3560 833 3612 et
853 3550 935 3611 aliud
951 3549 1175 3609 fundamentum

267 3707 445 3718 Μ
461 3714 466 3718 .
480 3713 553 3719 ......-
565 3714 619 3719 -...-
634 3713 688 3720 .

334 3775 365 3845 *i
385 3778 432 3832 Ex
460 3779 508 3834 ed.
520 3780 654 3847 lenensi,
671 3795 710 3830 ex
728 3792 787 3847 qua
799 3782 897 3825 textus
914 3781 962 3824 est
973 3778 1114 3828 redditus,
1125 3795 1186 3828 sum

254 3852 345 3908 etiam
366 3861 456 3910 notae
476 3855 628 3924 repetitae.
