<?xml version="1.0" encoding="UTF-8"?>
<!DOCTYPE html PUBLIC "-//W3C//DTD XHTML 1.0 Transitional//EN"
    "http://www.w3.org/TR/xhtml1/DTD/xhtml1-transitional.dtd">
<html xmlns="http://www.w3.org/1999/xhtml" xml:lang="en" lang="en">
 <head>
  <title>
</title>
<meta http-equiv="Content-Type" content="text/html;charset=utf-8" />
  <meta name='ocr-system' content='tesseract 3.04.00' />
  <meta name='ocr-capabilities' content='ocr_page ocr_carea ocr_par ocr_line ocrx_word'/>
</head>
<body>
  <div class='ocr_page' id='page_1' title='image "./operalatinavari00schmgoog_0110.png"; bbox 0 0 2709 4417; ppageno 0'>
   <div class='ocr_carea' id='block_1_1' title="bbox 268 341 1007 413">
    <p class='ocr_par' dir='ltr' id='par_1_1' title="bbox 268 341 1007 413">
     <span class='ocr_line' id='line_1_1' title="bbox 268 341 1007 413; baseline -0.005 -15"><span class='ocrx_word' id='word_1_1' title='bbox 268 341 310 407; x_wconf 86' lang='grc'><strong>98</strong></span> <span class='ocrx_word' id='word_1_2' title='bbox 482 341 640 413; x_wconf 77' lang='lat' dir='ltr'><strong>Disputatio</strong></span> <span class='ocrx_word' id='word_1_3' title='bbox 658 344 768 412; x_wconf 77' lang='lat' dir='ltr'><strong>Lipsiae</strong></span> <span class='ocrx_word' id='word_1_4' title='bbox 786 345 882 397; x_wconf 79' lang='lat' dir='ltr'><strong>habita</strong></span> <span class='ocrx_word' id='word_1_5' title='bbox 901 360 927 399; x_wconf 89' lang='lat' dir='ltr'><strong>a.</strong></span> <span class='ocrx_word' id='word_1_6' title='bbox 946 343 1007 396; x_wconf 77' lang='lat' dir='ltr'><strong>xlx</strong></span> 
     </span>
    </p>
   </div>
   <div class='ocr_carea' id='block_1_2' title="bbox 265 529 1216 2505">
    <p class='ocr_par' dir='ltr' id='par_1_2' title="bbox 267 529 1170 944">
     <span class='ocr_line' id='line_1_2' title="bbox 268 529 1167 611; baseline 0.002 -19"><span class='ocrx_word' id='word_1_7' title='bbox 268 538 327 610; x_wconf 85' lang='lat' dir='ltr'><strong>est,</strong></span> <span class='ocrx_word' id='word_1_8' title='bbox 348 532 511 591; x_wconf 91' lang='lat' dir='ltr'><strong>concilium</strong></span> <span class='ocrx_word' id='word_1_9' title='bbox 533 529 700 610; x_wconf 88' lang='lat' dir='ltr'><strong>aliqnando</strong></span> <span class='ocrx_word' id='word_1_10' title='bbox 712 550 842 611; x_wconf 86' lang='lat' dir='ltr'><strong>errasse,</strong></span> <span class='ocrx_word' id='word_1_11' title='bbox 863 529 1071 610; x_wconf 87' lang='lat' dir='ltr'><strong>etaliquando</strong></span> <span class='ocrx_word' id='word_1_12' title='bbox 1092 551 1167 610; x_wconf 87' lang='lat' dir='ltr'><strong>posse</strong></span> 
     </span>
     <span class='ocr_line' id='line_1_3' title="bbox 268 612 1169 695; baseline 0.001 -20"><span class='ocrx_word' id='word_1_13' title='bbox 268 634 390 695; x_wconf 88' lang='lat' dir='ltr'><strong>errare,</strong></span> <span class='ocrx_word' id='word_1_14' title='bbox 411 615 591 694; x_wconf 88' lang='lat' dir='ltr'><strong>praesertim</strong></span> <span class='ocrx_word' id='word_1_15' title='bbox 612 615 643 672; x_wconf 91' lang='lat' dir='ltr'><strong>in</strong></span> <span class='ocrx_word' id='word_1_16' title='bbox 664 615 723 693; x_wconf 89' lang='lat' dir='ltr'><strong>iis,</strong></span> <span class='ocrx_word' id='word_1_17' title='bbox 740 633 820 694; x_wconf 88' lang='lat' dir='ltr'><strong>quae</strong></span> <span class='ocrx_word' id='word_1_18' title='bbox 841 632 905 675; x_wconf 88' lang='lat' dir='ltr'><strong>non</strong></span> <span class='ocrx_word' id='word_1_19' title='bbox 927 622 997 674; x_wconf 87' lang='lat' dir='ltr'><strong>sunt</strong></span> <span class='ocrx_word' id='word_1_20' title='bbox 1018 612 1105 693; x_wconf 86' lang='lat' dir='ltr'><strong>fidei,</strong></span> <span class='ocrx_word' id='word_1_21' title='bbox 1125 635 1169 676; x_wconf 86' lang='lat' dir='ltr'><strong>nec</strong></span> 
     </span>
     <span class='ocr_line' id='line_1_4' title="bbox 267 697 1169 758; baseline 0 0"><span class='ocrx_word' id='word_1_22' title='bbox 267 697 361 758; x_wconf 87' lang='lat' dir='ltr'><strong>habet</strong></span> <span class='ocrx_word' id='word_1_23' title='bbox 394 697 558 758; x_wconf 90' lang='lat' dir='ltr'><strong>concilium</strong></span> <span class='ocrx_word' id='word_1_24' title='bbox 594 699 790 758; x_wconf 70' lang='lat' dir='ltr'><strong>autoritatem</strong></span> <span class='ocrx_word' id='word_1_25' title='bbox 811 697 963 758; x_wconf 76' lang='lat' dir='ltr'><strong>novorum</strong></span> <span class='ocrx_word' id='word_1_26' title='bbox 990 697 1169 758; x_wconf 88' lang='lat' dir='ltr'><strong>articulomn</strong></span> 
     </span>
     <span class='ocr_line' id='line_1_5' title="bbox 269 779 1170 860; baseline -0.001 -19"><span class='ocrx_word' id='word_1_27' title='bbox 269 780 501 841; x_wconf 89' lang='lat' dir='ltr'><strong>condendorum</strong></span> <span class='ocrx_word' id='word_1_28' title='bbox 520 782 552 839; x_wconf 94' lang='lat' dir='ltr'><strong>in</strong></span> <span class='ocrx_word' id='word_1_29' title='bbox 574 779 655 858; x_wconf 85' lang='lat' dir='ltr'><strong>fide,</strong></span> <span class='ocrx_word' id='word_1_30' title='bbox 684 781 818 860; x_wconf 89' lang='lat' dir='ltr'><strong>alioquin</strong></span> <span class='ocrx_word' id='word_1_31' title='bbox 846 787 894 840; x_wconf 91' lang='lat' dir='ltr'><strong>tot</strong></span> <span class='ocrx_word' id='word_1_32' title='bbox 918 779 1043 840; x_wconf 86' lang='lat' dir='ltr'><strong>tandem</strong></span> <span class='ocrx_word' id='word_1_33' title='bbox 1064 779 1170 842; x_wconf 88' lang='lat' dir='ltr'><strong>habebi·</strong></span> 
     </span>
     <span class='ocr_line' id='line_1_6' title="bbox 268 863 995 944; baseline 0 -21"><span class='ocrx_word' id='word_1_34' title='bbox 268 883 335 923; x_wconf 88' lang='lat' dir='ltr'><strong>mus</strong></span> <span class='ocrx_word' id='word_1_35' title='bbox 357 864 520 944; x_wconf 82' lang='lat' dir='ltr'><strong>articulos,</strong></span> <span class='ocrx_word' id='word_1_36' title='bbox 542 871 617 941; x_wconf 89' lang='lat' dir='ltr'><strong>quot</strong></span> <span class='ocrx_word' id='word_1_37' title='bbox 638 863 798 923; x_wconf 90' lang='lat' dir='ltr'><strong>hominum</strong></span> <span class='ocrx_word' id='word_1_38' title='bbox 821 864 995 944; x_wconf 89' lang='lat' dir='ltr'><strong>opiniones.</strong></span> 
     </span>
    </p>

    <p class='ocr_par' dir='ltr' id='par_1_3' title="bbox 266 944 1216 1772">
     <span class='ocr_line' id='line_1_7' title="bbox 351 944 1170 1025; baseline 0.001 -20"><span class='ocrx_word' id='word_1_39' title='bbox 351 946 441 1020; x_wconf 79' lang='lat' dir='ltr'><strong>Quod</strong></span> <span class='ocrx_word' id='word_1_40' title='bbox 463 946 494 1005; x_wconf 90' lang='lat' dir='ltr'><strong>in</strong></span> <span class='ocrx_word' id='word_1_41' title='bbox 516 944 821 1006; x_wconf 77' lang='lat' dir='ltr'><strong>finoS.Franciscum</strong></span> <span class='ocrx_word' id='word_1_42' title='bbox 843 946 972 1025; x_wconf 84' lang='lat' dir='ltr'><strong>induxit,</strong></span> <span class='ocrx_word' id='word_1_43' title='bbox 997 944 1170 1007; x_wconf 78' lang='lat' dir='ltr'><strong>deberem</strong></span> 
     </span>
     <span class='ocr_line' id='line_1_8' title="bbox 268 1027 1169 1112; baseline 0.004 -24"><span class='ocrx_word' id='word_1_44' title='bbox 268 1048 389 1089; x_wconf 87' lang='lat' dir='ltr'><strong>summo</strong></span> <span class='ocrx_word' id='word_1_45' title='bbox 403 1027 543 1089; x_wconf 88' lang='lat' dir='ltr'><strong>Pontifici</strong></span> <span class='ocrx_word' id='word_1_46' title='bbox 565 1027 701 1107; x_wconf 90' lang='lat' dir='ltr'><strong>obedire,</strong></span> <span class='ocrx_word' id='word_1_47' title='bbox 724 1031 817 1089; x_wconf 90' lang='lat' dir='ltr'><strong>miror</strong></span> <span class='ocrx_word' id='word_1_48' title='bbox 828 1037 938 1090; x_wconf 88' lang='lat' dir='ltr'><strong>contra</strong></span> <span class='ocrx_word' id='word_1_49' title='bbox 952 1048 1045 1108; x_wconf 86' lang='lat' dir='ltr'><strong>quem</strong></span> <span class='ocrx_word' id='word_1_50' title='bbox 1056 1027 1169 1112; x_wconf 76' lang='lat' dir='ltr'><strong>dixitl).</strong></span> 
     </span>
     <span class='ocr_line' id='line_1_9' title="bbox 267 1111 1169 1172; baseline 0.001 -1"><span class='ocrx_word' id='word_1_51' title='bbox 267 1111 344 1172; x_wconf 83' lang='lat' dir='ltr'><strong>Item</strong></span> <span class='ocrx_word' id='word_1_52' title='bbox 365 1120 487 1172; x_wconf 81' lang='lat' dir='ltr'><strong>transeo</strong></span> <span class='ocrx_word' id='word_1_53' title='bbox 509 1112 583 1171; x_wconf 89' lang='lat' dir='ltr'><strong>istas</strong></span> <span class='ocrx_word' id='word_1_54' title='bbox 606 1113 835 1172; x_wconf 80' lang='lat' dir='ltr'><strong>criminationes</strong></span> <span class='ocrx_word' id='word_1_55' title='bbox 857 1112 896 1172; x_wconf 91' lang='lat' dir='ltr'><strong>de</strong></span> <span class='ocrx_word' id='word_1_56' title='bbox 919 1111 1072 1172; x_wconf 85' lang='lat' dir='ltr'><strong>Fratribus</strong></span> <span class='ocrx_word' id='word_1_57' title='bbox 1103 1130 1169 1172; x_wconf 89' lang='lat' dir='ltr'><strong>men-</strong></span> 
     </span>
     <span class='ocr_line' id='line_1_10' title="bbox 267 1194 1171 1274; baseline 0 -20"><span class='ocrx_word' id='word_1_58' title='bbox 267 1194 455 1271; x_wconf 83' lang='lat' dir='ltr'><strong>dicantibus,</strong></span> <span class='ocrx_word' id='word_1_59' title='bbox 493 1197 586 1255; x_wconf 91' lang='lat' dir='ltr'><strong>miser</strong></span> <span class='ocrx_word' id='word_1_60' title='bbox 612 1196 671 1255; x_wconf 88' lang='lat' dir='ltr'><strong>iste</strong></span> <span class='ocrx_word' id='word_1_61' title='bbox 693 1197 785 1255; x_wconf 91' lang='lat' dir='ltr'><strong>etiam</strong></span> <span class='ocrx_word' id='word_1_62' title='bbox 810 1195 931 1257; x_wconf 89' lang='lat' dir='ltr'><strong>habitus</strong></span> <span class='ocrx_word' id='word_1_63' title='bbox 964 1196 1082 1254; x_wconf 88' lang='lat' dir='ltr'><strong>cruciat</strong></span> <span class='ocrx_word' id='word_1_64' title='bbox 1101 1213 1171 1274; x_wconf 72' lang='lat' dir='ltr'><strong>egro</strong></span> 
     </span>
     <span class='ocr_line' id='line_1_11' title="bbox 268 1278 1170 1358; baseline 0 -20"><span class='ocrx_word' id='word_1_65' title='bbox 268 1280 352 1358; x_wconf 79' lang='lat' dir='ltr'><strong>giam</strong></span> <span class='ocrx_word' id='word_1_66' title='bbox 374 1278 411 1337; x_wconf 89' lang='lat' dir='ltr'><strong>D.</strong></span> <span class='ocrx_word' id='word_1_67' title='bbox 434 1278 523 1340; x_wconf 89' lang='lat' dir='ltr'><strong>Doct.</strong></span> <span class='ocrx_word' id='word_1_68' title='bbox 559 1278 627 1357; x_wconf 85' lang='lat' dir='ltr'><strong>Ego</strong></span> <span class='ocrx_word' id='word_1_69' title='bbox 657 1297 714 1357; x_wconf 91' lang='lat' dir='ltr'><strong>pro</strong></span> <span class='ocrx_word' id='word_1_70' title='bbox 736 1297 807 1337; x_wconf 88' lang='lat' dir='ltr'><strong>mea</strong></span> <span class='ocrx_word' id='word_1_71' title='bbox 828 1279 983 1338; x_wconf 90' lang='lat' dir='ltr'><strong>sententia</strong></span> <span class='ocrx_word' id='word_1_72' title='bbox 1004 1279 1170 1357; x_wconf 72' lang='lat' dir='ltr'><strong>pronuntio,</strong></span> 
     </span>
     <span class='ocr_line' id='line_1_12' title="bbox 267 1360 1211 1439; baseline 0.002 -19"><span class='ocrx_word' id='word_1_73' title='bbox 267 1361 348 1421; x_wconf 87' lang='lat' dir='ltr'><strong>velle</strong></span> <span class='ocrx_word' id='word_1_74' title='bbox 370 1380 429 1439; x_wconf 87' lang='lat' dir='ltr'><strong>me,</strong></span> <span class='ocrx_word' id='word_1_75' title='bbox 452 1380 520 1420; x_wconf 92' lang='lat' dir='ltr'><strong>esse</strong></span> <span class='ocrx_word' id='word_1_76' title='bbox 541 1361 656 1419; x_wconf 92' lang='lat' dir='ltr'><strong>nullum</strong></span> <span class='ocrx_word' id='word_1_77' title='bbox 681 1360 820 1421; x_wconf 91' lang='lat' dir='ltr'><strong>ordinem</strong></span> <span class='ocrx_word' id='word_1_78' title='bbox 833 1361 1082 1434; x_wconf 82' lang='lat' dir='ltr'><strong>mendicantium.¹</strong></span> <span class='ocrx_word' id='word_1_79' title='bbox 1103 1360 1171 1422; x_wconf 81' lang='lat' dir='ltr'><strong>Ecce</strong></span> <span class='ocrx_word' id='word_1_80' title='bbox 1206 1382 1211 1395; x_wconf 92' lang='lat'><strong>·</strong></span> 
     </span>
     <span class='ocr_line' id='line_1_13' title="bbox 266 1439 1170 1524; baseline -0.002 -20"><span class='ocrx_word' id='word_1_81' title='bbox 266 1444 345 1504; x_wconf 86' lang='lat' dir='ltr'><strong>haec</strong></span> <span class='ocrx_word' id='word_1_82' title='bbox 365 1443 478 1517; x_wconf 74' lang='lat' dir='ltr'><strong>habui,</strong></span> <span class='ocrx_word' id='word_1_83' title='bbox 505 1462 584 1522; x_wconf 89' lang='lat' dir='ltr'><strong>quae</strong></span> <span class='ocrx_word' id='word_1_84' title='bbox 604 1445 826 1522; x_wconf 85' lang='lat' dir='ltr'><strong>responderem</strong></span> <span class='ocrx_word' id='word_1_85' title='bbox 853 1444 892 1505; x_wconf 87' lang='lat' dir='ltr'><strong>ad</strong></span> <span class='ocrx_word' id='word_1_86' title='bbox 927 1439 1052 1505; x_wconf 81' lang='lat' dir='ltr'><strong>obiecta</strong></span> <span class='ocrx_word' id='word_1_87' title='bbox 1072 1445 1170 1524; x_wconf 75' lang='lat' dir='ltr'><strong>egregii</strong></span> 
     </span>
     <span class='ocr_line' id='line_1_14' title="bbox 267 1524 1170 1606; baseline 0.002 -20"><span class='ocrx_word' id='word_1_88' title='bbox 267 1526 305 1587; x_wconf 93' lang='lat' dir='ltr'><strong>D.</strong></span> <span class='ocrx_word' id='word_1_89' title='bbox 325 1526 363 1586; x_wconf 89' lang='lat' dir='ltr'><strong>D.</strong></span> <span class='ocrx_word' id='word_1_90' title='bbox 385 1546 477 1606; x_wconf 88' lang='lat' dir='ltr'><strong>super</strong></span> <span class='ocrx_word' id='word_1_91' title='bbox 499 1526 712 1606; x_wconf 82' lang='lat' dir='ltr'><strong>propositione</strong></span> <span class='ocrx_word' id='word_1_92' title='bbox 736 1529 781 1591; x_wconf 84' lang='lat'><strong>13.</strong></span> <span class='ocrx_word' id='word_1_93' title='bbox 812 1527 914 1601; x_wconf 79' lang='lat' dir='ltr'><strong>Quare</strong></span> <span class='ocrx_word' id='word_1_94' title='bbox 931 1545 1014 1587; x_wconf 93' lang='lat' dir='ltr'><strong>nunc</strong></span> <span class='ocrx_word' id='word_1_95' title='bbox 1034 1524 1118 1586; x_wconf 85' lang='lat' dir='ltr'><strong>finita</strong></span> <span class='ocrx_word' id='word_1_96' title='bbox 1134 1546 1170 1588; x_wconf 89' lang='lat' dir='ltr'><strong>re·-</strong></span> 
     </span>
     <span class='ocr_line' id='line_1_15' title="bbox 266 1610 1216 1690; baseline 0.001 -21"><span class='ocrx_word' id='word_1_97' title='bbox 266 1610 446 1689; x_wconf 90' lang='lat' dir='ltr'><strong>sponsione,</strong></span> <span class='ocrx_word' id='word_1_98' title='bbox 469 1617 573 1686; x_wconf 85' lang='lat' dir='ltr'><strong>restat,</strong></span> <span class='ocrx_word' id='word_1_99' title='bbox 598 1616 631 1668; x_wconf 95' lang='lat' dir='ltr'><strong>ut</strong></span> <span class='ocrx_word' id='word_1_100' title='bbox 651 1615 683 1668; x_wconf 90' lang='lat' dir='ltr'><strong>et</strong></span> <span class='ocrx_word' id='word_1_101' title='bbox 695 1629 755 1690; x_wconf 83' lang='lat' dir='ltr'><strong>ego</strong></span> <span class='ocrx_word' id='word_1_102' title='bbox 766 1628 910 1670; x_wconf 89' lang='lat' dir='ltr'><strong>moveam</strong></span> <span class='ocrx_word' id='word_1_103' title='bbox 932 1610 1081 1670; x_wconf 85' lang='lat' dir='ltr'><strong>adversus</strong></span> <span class='ocrx_word' id='word_1_104' title='bbox 1100 1629 1169 1690; x_wconf 79' lang='lat' dir='ltr'><strong>egre</strong></span> <span class='ocrx_word' id='word_1_105' title='bbox 1211 1642 1216 1651; x_wconf 90' lang='lat'>·</span> 
     </span>
     <span class='ocr_line' id='line_1_16' title="bbox 266 1692 807 1772; baseline 0.004 -21"><span class='ocrx_word' id='word_1_106' title='bbox 266 1694 350 1772; x_wconf 81' lang='lat' dir='ltr'><strong>gium</strong></span> <span class='ocrx_word' id='word_1_107' title='bbox 370 1692 407 1751; x_wconf 88' lang='lat' dir='ltr'><strong>D.</strong></span> <span class='ocrx_word' id='word_1_108' title='bbox 430 1692 478 1770; x_wconf 75' lang='lat' dir='ltr'><strong>D,</strong></span> <span class='ocrx_word' id='word_1_109' title='bbox 499 1710 578 1770; x_wconf 89' lang='lat' dir='ltr'><strong>quae</strong></span> <span class='ocrx_word' id='word_1_110' title='bbox 599 1712 650 1752; x_wconf 93' lang='lat' dir='ltr'><strong>me</strong></span> <span class='ocrx_word' id='word_1_111' title='bbox 672 1702 807 1753; x_wconf 88' lang='lat' dir='ltr'><strong>movent.</strong></span> 
     </span>
    </p>

    <p class='ocr_par' dir='ltr' id='par_1_4' title="bbox 265 1774 1167 2505">
     <span class='ocr_line' id='line_1_17' title="bbox 348 1774 1166 1854; baseline 0 -20"><span class='ocrx_word' id='word_1_112' title='bbox 348 1774 406 1834; x_wconf 85' lang='lat' dir='ltr'><strong>Hic</strong></span> <span class='ocrx_word' id='word_1_113' title='bbox 426 1777 559 1835; x_wconf 90' lang='lat' dir='ltr'><strong>intonuit</strong></span> <span class='ocrx_word' id='word_1_114' title='bbox 580 1775 713 1852; x_wconf 81' lang='lat' dir='ltr'><strong>Eccius,</strong></span> <span class='ocrx_word' id='word_1_115' title='bbox 741 1796 776 1836; x_wconf 90' lang='lat' dir='ltr'><strong>se</strong></span> <span class='ocrx_word' id='word_1_116' title='bbox 797 1777 926 1838; x_wconf 90' lang='lat' dir='ltr'><strong>obiectis</strong></span> <span class='ocrx_word' id='word_1_117' title='bbox 955 1776 1038 1836; x_wconf 89' lang='lat' dir='ltr'><strong>velle</strong></span> <span class='ocrx_word' id='word_1_118' title='bbox 1059 1794 1166 1854; x_wconf 89' lang='lat' dir='ltr'><strong>respon-</strong></span> 
     </span>
     <span class='ocr_line' id='line_1_18' title="bbox 267 1857 1167 1938; baseline 0.001 -20"><span class='ocrx_word' id='word_1_119' title='bbox 267 1857 356 1934; x_wconf 82' lang='lat' dir='ltr'><strong>dere,</strong></span> <span class='ocrx_word' id='word_1_120' title='bbox 384 1860 471 1937; x_wconf 91' lang='lat' dir='ltr'><strong>quasi</strong></span> <span class='ocrx_word' id='word_1_121' title='bbox 499 1865 530 1917; x_wconf 89' lang='lat' dir='ltr'><strong>et</strong></span> <span class='ocrx_word' id='word_1_122' title='bbox 549 1859 617 1938; x_wconf 88' lang='lat' dir='ltr'><strong>ipse</strong></span> <span class='ocrx_word' id='word_1_123' title='bbox 639 1858 832 1938; x_wconf 88' lang='lat' dir='ltr'><strong>respondens</strong></span> <span class='ocrx_word' id='word_1_124' title='bbox 853 1861 970 1920; x_wconf 87' lang='lat' dir='ltr'><strong>fuisset</strong></span> <span class='ocrx_word' id='word_1_125' title='bbox 1013 1858 1167 1937; x_wconf 87' lang='lat' dir='ltr'><strong>Respondit</strong></span> 
     </span>
     <span class='ocr_line' id='line_1_19' title="bbox 266 1940 1166 2023; baseline -0.001 -22"><span class='ocrx_word' id='word_1_126' title='bbox 266 1941 413 2001; x_wconf 82' lang='lat' dir='ltr'><strong>Martinus</strong></span> <span class='ocrx_word' id='word_1_127' title='bbox 434 1940 483 2023; x_wconf 81' lang='lat'><strong>²),</strong></span> <span class='ocrx_word' id='word_1_128' title='bbox 515 1941 576 2001; x_wconf 91' lang='lat' dir='ltr'><strong>hoc</strong></span> <span class='ocrx_word' id='word_1_129' title='bbox 597 1951 690 2020; x_wconf 88' lang='lat' dir='ltr'><strong>pacto</strong></span> <span class='ocrx_word' id='word_1_130' title='bbox 714 1961 869 2022; x_wconf 89' lang='lat' dir='ltr'><strong>nunquam</strong></span> <span class='ocrx_word' id='word_1_131' title='bbox 891 1940 1060 2002; x_wconf 90' lang='lat' dir='ltr'><strong>finiendam</strong></span> <span class='ocrx_word' id='word_1_132' title='bbox 1081 1940 1166 2020; x_wconf 90' lang='lat' dir='ltr'><strong>dispu-</strong></span> 
     </span>
     <span class='ocr_line' id='line_1_20' title="bbox 267 2022 1166 2124; baseline 0 -40"><span class='ocrx_word' id='word_1_133' title='bbox 267 2025 426 2101; x_wconf 84' lang='lat' dir='ltr'><strong>tationem,</strong></span> <span class='ocrx_word' id='word_1_134' title='bbox 451 2043 599 2084; x_wconf 89' lang='lat' dir='ltr'><strong>accusans</strong></span> <span class='ocrx_word' id='word_1_135' title='bbox 611 2022 777 2085; x_wconf 80' lang='lat' dir='ltr'><strong>Eccranam</strong></span> <span class='ocrx_word' id='word_1_136' title='bbox 771 2024 1011 2124; x_wconf 84' lang='lat' dir='ltr'><strong>petulantiam,</strong></span> <span class='ocrx_word' id='word_1_137' title='bbox 1033 2043 1110 2102; x_wconf 85' lang='lat' dir='ltr'><strong>quae</strong></span> <span class='ocrx_word' id='word_1_138' title='bbox 1127 2043 1166 2084; x_wconf 87' lang='lat' dir='ltr'><strong>so·</strong></span> 
     </span>
     <span class='ocr_line' id='line_1_21' title="bbox 269 2071 1165 2189; baseline 0 -23"><span class='ocrx_word' id='word_1_139' title='bbox 269 2107 311 2167; x_wconf 91' lang='lat' dir='ltr'><strong>let</strong></span> <span class='ocrx_word' id='word_1_140' title='bbox 329 2071 450 2187; x_wconf 74' lang='lat' dir='ltr'><strong>singula</strong></span> <span class='ocrx_word' id='word_1_141' title='bbox 472 2108 563 2167; x_wconf 90' lang='lat' dir='ltr'><strong>etiam</strong></span> <span class='ocrx_word' id='word_1_142' title='bbox 586 2109 681 2168; x_wconf 89' lang='lat' dir='ltr'><strong>verba</strong></span> <span class='ocrx_word' id='word_1_143' title='bbox 702 2100 859 2189; x_wconf 83' lang='lat' dir='ltr'><strong>aucupari</strong></span> <span class='ocrx_word' id='word_1_144' title='bbox 901 2108 1041 2188; x_wconf 78' lang='lat' dir='ltr'><strong>Contigit</strong></span> <span class='ocrx_word' id='word_1_145' title='bbox 1061 2125 1165 2187; x_wconf 90' lang='lat' dir='ltr'><strong>prorsus</strong></span> 
     </span>
     <span class='ocr_line' id='line_1_22' title="bbox 267 2190 1165 2286; baseline 0.002 -38"><span class='ocrx_word' id='word_1_146' title='bbox 267 2190 384 2269; x_wconf 86' lang='lat' dir='ltr'><strong>virgula</strong></span> <span class='ocrx_word' id='word_1_147' title='bbox 406 2190 518 2286; x_wconf 82' lang='lat' dir='ltr'><strong>divina,</strong></span> <span class='ocrx_word' id='word_1_148' title='bbox 541 2198 574 2250; x_wconf 91' lang='lat' dir='ltr'><strong>ut</strong></span> <span class='ocrx_word' id='word_1_149' title='bbox 595 2191 851 2252; x_wconf 88' lang='lat' dir='ltr'><strong>clementissimus</strong></span> <span class='ocrx_word' id='word_1_150' title='bbox 868 2192 944 2251; x_wconf 85' lang='lat' dir='ltr'><strong>Dux</strong></span> <span class='ocrx_word' id='word_1_151' title='bbox 967 2191 1140 2271; x_wconf 84' lang='lat' dir='ltr'><strong>Georgius</strong></span> <span class='ocrx_word' id='word_1_152' title='bbox 1133 2209 1165 2250; x_wconf 92' lang='grc' dir='ltr'>ιιι-</span> 
     </span>
     <span class='ocr_line' id='line_1_23' title="bbox 267 2275 1166 2356; baseline -0.001 -24"><span class='ocrx_word' id='word_1_153' title='bbox 267 2279 408 2351; x_wconf 85' lang='lat' dir='ltr'><strong>teresset,</strong></span> <span class='ocrx_word' id='word_1_154' title='bbox 442 2275 526 2333; x_wconf 91' lang='lat' dir='ltr'><strong>cuius</strong></span> <span class='ocrx_word' id='word_1_155' title='bbox 559 2281 634 2333; x_wconf 91' lang='lat' dir='ltr'><strong>nutu</strong></span> <span class='ocrx_word' id='word_1_156' title='bbox 663 2281 695 2334; x_wconf 92' lang='lat' dir='ltr'><strong>et</strong></span> <span class='ocrx_word' id='word_1_157' title='bbox 715 2277 767 2353; x_wconf 92' lang='lat' dir='ltr'><strong>pio</strong></span> <span class='ocrx_word' id='word_1_158' title='bbox 789 2282 912 2356; x_wconf 89' lang='lat' dir='ltr'><strong>sceptro</strong></span> <span class='ocrx_word' id='word_1_159' title='bbox 935 2293 1113 2335; x_wconf 89' lang='lat' dir='ltr'><strong>concessum</strong></span> <span class='ocrx_word' id='word_1_160' title='bbox 1132 2281 1166 2332; x_wconf 88' lang='lat' dir='ltr'><strong>est</strong></span> 
     </span>
     <span class='ocr_line' id='line_1_24' title="bbox 270 2356 1166 2436; baseline -0.001 -21"><span class='ocrx_word' id='word_1_161' title='bbox 270 2356 415 2435; x_wconf 80' lang='lat' dir='ltr'><strong>Martino,</strong></span> <span class='ocrx_word' id='word_1_162' title='bbox 449 2358 598 2436; x_wconf 89' lang='lat' dir='ltr'><strong>impetere</strong></span> <span class='ocrx_word' id='word_1_163' title='bbox 618 2357 785 2418; x_wconf 86' lang='lat' dir='ltr'><strong>Eccianam</strong></span> <span class='ocrx_word' id='word_1_164' title='bbox 817 2357 1065 2435; x_wconf 80' lang='lat' dir='ltr'><strong>conclusionem,</strong></span> <span class='ocrx_word' id='word_1_165' title='bbox 1103 2374 1166 2434; x_wconf 88' lang='lat' dir='ltr'><strong>quaa</strong></span> 
     </span>
     <span class='ocr_line' id='line_1_25' title="bbox 265 2440 851 2505; baseline 0.007 -6"><span class='ocrx_word' id='word_1_166' title='bbox 265 2442 419 2499; x_wconf 85' lang='lat' dir='ltr'><strong>contraria</strong></span> <span class='ocrx_word' id='word_1_167' title='bbox 440 2447 487 2499; x_wconf 89' lang='lat' dir='ltr'><strong>est</strong></span> <span class='ocrx_word' id='word_1_168' title='bbox 508 2440 579 2500; x_wconf 92' lang='lat' dir='ltr'><strong>huic</strong></span> <span class='ocrx_word' id='word_1_169' title='bbox 599 2441 661 2500; x_wconf 90' lang='lat' dir='ltr'><strong>iam</strong></span> <span class='ocrx_word' id='word_1_170' title='bbox 684 2440 851 2505; x_wconf 86' lang='lat' dir='ltr'><strong>discussae.</strong></span> 
     </span>
    </p>
   </div>
   <div class='ocr_carea' id='block_1_3' title="bbox 502 2639 998 2750">
    <p class='ocr_par' dir='ltr' id='par_1_5' title="bbox 502 2639 998 2750">
     <span class='ocr_line' id='line_1_26' title="bbox 502 2639 998 2750; baseline 0 -51"><span class='ocrx_word' id='word_1_171' title='bbox 502 2639 650 2750; x_wconf 72' lang='lat' dir='ltr'><strong>Mart.</strong></span> <span class='ocrx_word' id='word_1_172' title='bbox 695 2639 998 2701; x_wconf 87' lang='lat' dir='ltr'><strong>Lutherus.</strong></span> 
     </span>
    </p>
   </div>
   <div class='ocr_carea' id='block_1_4' title="bbox 262 2801 1172 3532">
    <p class='ocr_par' dir='ltr' id='par_1_6' title="bbox 262 2801 1172 3532">
     <span class='ocr_line' id='line_1_27' title="bbox 262 2801 1166 2885; baseline -0.003 -23"><span class='ocrx_word' id='word_1_173' title='bbox 262 2851 264 2855; x_wconf 94' lang='lat'><em>.</em></span> <span class='ocrx_word' id='word_1_174' title='bbox 350 2801 466 2863; x_wconf 80' lang='lat' dir='ltr'><strong>Contra</strong></span> <span class='ocrx_word' id='word_1_175' title='bbox 488 2823 542 2864; x_wconf 89' lang='lat' dir='ltr'><strong>sen</strong></span> <span class='ocrx_word' id='word_1_176' title='bbox 544 2805 670 2866; x_wconf 90' lang='lat' dir='ltr'><strong>tentiam</strong></span> <span class='ocrx_word' id='word_1_177' title='bbox 694 2804 811 2885; x_wconf 85' lang='lat' dir='ltr'><strong>egregii</strong></span> <span class='ocrx_word' id='word_1_178' title='bbox 832 2803 916 2864; x_wconf 70' lang='grc' dir='ltr'>[ιιι</span> <span class='ocrx_word' id='word_1_179' title='bbox 939 2803 1060 2864; x_wconf 87' lang='lat' dir='ltr'><strong>videtur</strong></span> <span class='ocrx_word' id='word_1_180' title='bbox 1080 2801 1109 2861; x_wconf 95' lang='lat' dir='ltr'><strong>id</strong></span> <span class='ocrx_word' id='word_1_181' title='bbox 1126 2801 1166 2860; x_wconf 90' lang='lat' dir='ltr'><strong>mi-</strong></span> 
     </span>
     <span class='ocr_line' id='line_1_28' title="bbox 268 2883 1168 2966; baseline -0.002 -22"><span class='ocrx_word' id='word_1_182' title='bbox 268 2885 371 2962; x_wconf 85' lang='lat' dir='ltr'><strong>litare,</strong></span> <span class='ocrx_word' id='word_1_183' title='bbox 410 2886 492 2965; x_wconf 92' lang='lat' dir='ltr'><strong>quod</strong></span> <span class='ocrx_word' id='word_1_184' title='bbox 530 2887 603 2947; x_wconf 90' lang='lat' dir='ltr'><strong>satis</strong></span> <span class='ocrx_word' id='word_1_185' title='bbox 626 2887 711 2947; x_wconf 86' lang='lat' dir='ltr'><strong>fortit</strong></span> <span class='ocrx_word' id='word_1_186' title='bbox 699 2895 745 2947; x_wconf 88' lang='lat' dir='ltr'><strong>ter</strong></span> <span class='ocrx_word' id='word_1_187' title='bbox 773 2887 940 2947; x_wconf 86' lang='lat' dir='ltr'><strong>transiliit</strong></span> <span class='ocrx_word' id='word_1_188' title='bbox 902 2893 964 2946; x_wconf 89' lang='lat' dir='ltr'><strong>tm</strong></span> <span class='ocrx_word' id='word_1_189' title='bbox 986 2883 1168 2966; x_wconf 82' lang='lat' dir='ltr'><strong>confutando,</strong></span> 
     </span>
     <span class='ocr_line' id='line_1_29' title="bbox 264 2967 1167 3050; baseline -0.004 -22"><span class='ocrx_word' id='word_1_190' title='bbox 264 2976 295 3029; x_wconf 86' lang='lat' dir='ltr'><strong>et</strong></span> <span class='ocrx_word' id='word_1_191' title='bbox 316 2969 420 3028; x_wconf 90' lang='lat' dir='ltr'><strong>scribit</strong></span> <span class='ocrx_word' id='word_1_192' title='bbox 408 2976 456 3028; x_wconf 89' lang='lat' dir='ltr'><strong>tur</strong></span> <span class='ocrx_word' id='word_1_193' title='bbox 478 2967 508 3050; x_wconf 84' lang='lat'><strong>³)</strong></span> <span class='ocrx_word' id='word_1_194' title='bbox 536 2975 564 3032; x_wconf 89' lang='lat'><strong>1.</strong></span> <span class='ocrx_word' id='word_1_195' title='bbox 587 2970 725 3033; x_wconf 82' lang='lat' dir='ltr'><strong>Corinth.</strong></span> <span class='ocrx_word' id='word_1_196' title='bbox 747 2972 786 3049; x_wconf 87' lang='lat'><strong>3.,</strong></span> <span class='ocrx_word' id='word_1_197' title='bbox 809 2968 860 3029; x_wconf 90' lang='lat' dir='ltr'><strong>ubi</strong></span> <span class='ocrx_word' id='word_1_198' title='bbox 883 2970 995 3030; x_wconf 90' lang='lat' dir='ltr'><strong>Paulus</strong></span> <span class='ocrx_word' id='word_1_199' title='bbox 1020 2967 1167 3028; x_wconf 89' lang='lat' dir='ltr'><strong>detrahens</strong></span> 
     </span>
     <span class='ocr_line' id='line_1_30' title="bbox 264 3016 1168 3134; baseline -0.004 -23"><span class='ocrx_word' id='word_1_200' title='bbox 264 3071 427 3132; x_wconf 91' lang='lat' dir='ltr'><strong>personam</strong></span> <span class='ocrx_word' id='word_1_201' title='bbox 442 3052 582 3113; x_wconf 88' lang='lat' dir='ltr'><strong>omnibus</strong></span> <span class='ocrx_word' id='word_1_202' title='bbox 599 3055 759 3134; x_wconf 86' lang='lat' dir='ltr'><strong>apostolis,</strong></span> <span class='ocrx_word' id='word_1_203' title='bbox 775 3016 863 3112; x_wconf 87' lang='lat' dir='ltr'><strong>dicit:</strong></span> <span class='ocrx_word' id='word_1_204' title='bbox 837 3051 967 3128; x_wconf 79' lang='lat' dir='ltr'><strong>tQuid</strong></span> <span class='ocrx_word' id='word_1_205' title='bbox 981 3060 1028 3113; x_wconf 88' lang='lat' dir='ltr'><strong>cst</strong></span> <span class='ocrx_word' id='word_1_206' title='bbox 1048 3047 1168 3131; x_wconf 82' lang='lat' dir='ltr'><strong>Apollo?</strong></span> 
     </span>
     <span class='ocr_line' id='line_1_31' title="bbox 265 3134 1168 3217; baseline -0.003 -22"><span class='ocrx_word' id='word_1_207' title='bbox 265 3134 338 3214; x_wconf 92' lang='lat' dir='ltr'><strong>quid</strong></span> <span class='ocrx_word' id='word_1_208' title='bbox 349 3134 483 3195; x_wconf 86' lang='lat' dir='ltr'><strong>Paulus?</strong></span> <span class='ocrx_word' id='word_1_209' title='bbox 505 3135 758 3217; x_wconf 78' lang='lat' dir='ltr'><strong>quidcephe⁴)?</strong></span> <span class='ocrx_word' id='word_1_210' title='bbox 780 3137 919 3214; x_wconf 89' lang='lat' dir='ltr'><strong>ministri,</strong></span> <span class='ocrx_word' id='word_1_211' title='bbox 944 3155 1000 3216; x_wconf 88' lang='lat' dir='ltr'><strong>per</strong></span> <span class='ocrx_word' id='word_1_212' title='bbox 1021 3153 1111 3215; x_wconf 93' lang='lat' dir='ltr'><strong>quos</strong></span> <span class='ocrx_word' id='word_1_213' title='bbox 1118 3151 1168 3192; x_wconf 89' lang='lat' dir='ltr'><strong>cre·</strong></span> 
     </span>
     <span class='ocr_line' id='line_1_32' title="bbox 264 3216 1168 3300; baseline -0.003 -23"><span class='ocrx_word' id='word_1_214' title='bbox 264 3216 365 3278; x_wconf 92' lang='lat' dir='ltr'><strong>didist</strong></span> <span class='ocrx_word' id='word_1_215' title='bbox 345 3225 391 3280; x_wconf 89' lang='lat' dir='ltr'><strong>trs</strong></span> <span class='ocrx_word' id='word_1_216' title='bbox 414 3217 474 3278; x_wconf 85' lang='lat' dir='ltr'><strong>Ubr</strong></span> <span class='ocrx_word' id='word_1_217' title='bbox 485 3217 595 3279; x_wconf 87' lang='lat' dir='ltr'><strong>Paulus</strong></span> <span class='ocrx_word' id='word_1_218' title='bbox 618 3240 743 3300; x_wconf 86' lang='lat' dir='ltr'><strong>prorsus</strong></span> <span class='ocrx_word' id='word_1_219' title='bbox 764 3220 830 3278; x_wconf 89' lang='lat' dir='ltr'><strong>vult</strong></span> <span class='ocrx_word' id='word_1_220' title='bbox 850 3219 961 3279; x_wconf 91' lang='lat' dir='ltr'><strong>tollere</strong></span> <span class='ocrx_word' id='word_1_221' title='bbox 986 3219 1168 3278; x_wconf 89' lang='lat' dir='ltr'><strong>occasionem</strong></span> 
     </span>
     <span class='ocr_line' id='line_1_33' title="bbox 266 3296 1170 3386; baseline -0.004 -26"><span class='ocrx_word' id='word_1_222' title='bbox 266 3298 401 3361; x_wconf 75' lang='lat' dir='ltr'><strong>content</strong></span> <span class='ocrx_word' id='word_1_223' title='bbox 381 3302 516 3362; x_wconf 86' lang='lat' dir='ltr'><strong>troniset</strong></span> <span class='ocrx_word' id='word_1_224' title='bbox 503 3303 719 3386; x_wconf 88' lang='lat' dir='ltr'><strong>tschismatis,</strong></span> <span class='ocrx_word' id='word_1_225' title='bbox 741 3301 837 3382; x_wconf 86' lang='lat' dir='ltr'><strong>negat</strong></span> <span class='ocrx_word' id='word_1_226' title='bbox 859 3301 953 3363; x_wconf 92' lang='lat' dir='ltr'><strong>ullam</strong></span> <span class='ocrx_word' id='word_1_227' title='bbox 968 3300 1128 3361; x_wconf 88' lang='lat' dir='ltr'><strong>ecclesiam</strong></span> <span class='ocrx_word' id='word_1_228' title='bbox 1139 3296 1170 3358; x_wconf 90' lang='lat' dir='ltr'><strong>ad</strong></span> 
     </span>
     <span class='ocr_line' id='line_1_34' title="bbox 264 3384 1170 3483; baseline -0.001 -41"><span class='ocrx_word' id='word_1_229' title='bbox 264 3384 358 3443; x_wconf 91' lang='lat' dir='ltr'><strong>ullum</strong></span> <span class='ocrx_word' id='word_1_230' title='bbox 381 3389 472 3464; x_wconf 88' lang='lat' dir='ltr'><strong>apost</strong></span> <span class='ocrx_word' id='word_1_231' title='bbox 460 3386 593 3446; x_wconf 82' lang='lat' dir='ltr'><strong>telorum</strong></span> <span class='ocrx_word' id='word_1_232' title='bbox 615 3389 784 3483; x_wconf 83' lang='lat' dir='ltr'><strong>pertinere,</strong></span> <span class='ocrx_word' id='word_1_233' title='bbox 820 3385 875 3448; x_wconf 89' lang='lat' dir='ltr'><strong>sed</strong></span> <span class='ocrx_word' id='word_1_234' title='bbox 898 3403 967 3445; x_wconf 87' lang='lat' dir='ltr'><strong>csse</strong></span> <span class='ocrx_word' id='word_1_235' title='bbox 993 3385 1098 3444; x_wconf 91' lang='lat' dir='ltr'><strong>omnia</strong></span> <span class='ocrx_word' id='word_1_236' title='bbox 1117 3401 1170 3442; x_wconf 90' lang='lat' dir='ltr'><strong>om-</strong></span> 
     </span>
     <span class='ocr_line' id='line_1_35' title="bbox 264 3448 1172 3532; baseline -0.004 -6"><span class='ocrx_word' id='word_1_237' title='bbox 264 3433 870 3532; x_wconf 77' lang='lat' dir='ltr'><strong>nibuseommunia.Unde1nfine3</strong></span> <span class='ocrx_word' id='word_1_238' title='bbox 893 3488 919 3529; x_wconf 94' lang='lat' dir='ltr'><strong>c</strong></span> <span class='ocrx_word' id='word_1_239' title='bbox 942 3467 1030 3528; x_wconf 90' lang='lat' dir='ltr'><strong>dicit:</strong></span> <span class='ocrx_word' id='word_1_240' title='bbox 1074 3466 1172 3526; x_wconf 85' lang='lat' dir='ltr'><strong>Omnis</strong></span> 
     </span>
    </p>
   </div>
   <div class='ocr_carea' id='block_1_5' title="bbox 269 3640 477 3648">
    <p class='ocr_par' dir='ltr' id='par_1_7' title="bbox 269 3640 477 3648">
     <span class='ocr_line' id='line_1_36' title="bbox 269 3640 477 3648; baseline 0.01 -2"><span class='ocrx_word' id='word_1_241' title='bbox 269 3640 477 3648; x_wconf 49' lang='lat' dir='ltr'><strong>—m</strong></span> 
     </span>
    </p>
   </div>
   <div class='ocr_carea' id='block_1_6' title="bbox 240 3723 1203 3887">
    <p class='ocr_par' dir='ltr' id='par_1_8' title="bbox 240 3723 1194 3880">
     <span class='ocr_line' id='line_1_37' title="bbox 288 3723 1184 3811; baseline -0.016 -17"><span class='ocrx_word' id='word_1_242' title='bbox 288 3739 323 3803; x_wconf 86' lang='lat'><strong>1)</strong></span> <span class='ocrx_word' id='word_1_243' title='bbox 344 3737 377 3793; x_wconf 89' lang='grc' dir='ltr'><strong>Ιιι</strong></span> <span class='ocrx_word' id='word_1_244' title='bbox 399 3737 440 3794; x_wconf 89' lang='lat' dir='ltr'><strong>ed.</strong></span> <span class='ocrx_word' id='word_1_245' title='bbox 461 3740 572 3798; x_wconf 88' lang='lat' dir='ltr'><strong>Jent</strong></span> <span class='ocrx_word' id='word_1_246' title='bbox 543 3746 572 3796; x_wconf 88' lang='lat' dir='ltr'><strong>et</strong></span> <span class='ocrx_word' id='word_1_247' title='bbox 592 3739 669 3811; x_wconf 81' lang='lat' dir='ltr'><strong>apud</strong></span> <span class='ocrx_word' id='word_1_248' title='bbox 685 3736 824 3794; x_wconf 67' lang='grc' dir='ltr'>ιιιιιιιιιι</span> <span class='ocrx_word' id='word_1_249' title='bbox 861 3723 989 3785; x_wconf 64' lang='lat' dir='ltr'><strong>duxerit.</strong></span> <span class='ocrx_word' id='word_1_250' title='bbox 1002 3737 1040 3802; x_wconf 62' lang='grc' dir='ltr'><strong>ιι</strong></span> <span class='ocrx_word' id='word_1_251' title='bbox 1056 3736 1129 3786; x_wconf 62' lang='lat' dir='ltr'><strong>xum</strong></span> <span class='ocrx_word' id='word_1_252' title='bbox 1138 3737 1184 3784; x_wconf 77' lang='grc' dir='ltr'><strong>ιιι</strong></span> 
     </span>
     <span class='ocr_line' id='line_1_38' title="bbox 240 3798 1203 3887; baseline -0.002 -22"><span class='ocrx_word' id='word_1_253' title='bbox 240 3814 272 3863; x_wconf 84' lang='lat' dir='ltr'><strong>et</strong></span> <span class='ocrx_word' id='word_1_254' title='bbox 280 3810 375 3870; x_wconf 82' lang='lat' dir='ltr'><strong>alibi:</strong></span> <span class='ocrx_word' id='word_1_255' title='bbox 398 3814 619 3872; x_wconf 84' lang='lat' dir='ltr'><strong>Lutnerusetc.</strong></span> <span class='ocrx_word' id='word_1_256' title='bbox 658 3814 688 3880; x_wconf 76' lang='lat'><strong>3)</strong></span> <span class='ocrx_word' id='word_1_257' title='bbox 707 3811 783 3866; x_wconf 81' lang='lat' dir='ltr'><strong>lliid</strong></span> <span class='ocrx_word' id='word_1_258' title='bbox 804 3807 900 3862; x_wconf 73' lang='lat' dir='ltr'><strong>deest:</strong></span> <span class='ocrx_word' id='word_1_259' title='bbox 924 3798 1073 3887; x_wconf 61' lang='lat' dir='ltr'><strong>temnitur.</strong></span> <span class='ocrx_word' id='word_1_260' title='bbox 1108 3804 1141 3861; x_wconf 69' lang='grc' dir='ltr'><strong>ιι</strong></span> <span class='ocrx_word' id='word_1_261' title='bbox 1156 3802 1203 3862; x_wconf 57' lang='grc' dir='ltr'><strong>ιι</strong></span> 
     </span>
    </p>
   </div>
   <div class='ocr_carea' id='block_1_7' title="bbox 229 3883 710 3959">
    <p class='ocr_par' dir='ltr' id='par_1_9' title="bbox 229 3883 710 3959">
     <span class='ocr_line' id='line_1_39' title="bbox 229 3883 710 3959; baseline 0.009 -23"><span class='ocrx_word' id='word_1_262' title='bbox 229 3883 353 3949; x_wconf 79' lang='lat' dir='ltr'><strong>hdssclr.</strong></span> <span class='ocrx_word' id='word_1_263' title='bbox 375 3888 425 3944; x_wconf 87' lang='lat' dir='ltr'><strong>lric</strong></span> <span class='ocrx_word' id='word_1_264' title='bbox 447 3895 480 3945; x_wconf 91' lang='lat' dir='ltr'><strong>et</strong></span> <span class='ocrx_word' id='word_1_265' title='bbox 498 3892 555 3947; x_wconf 90' lang='lat' dir='ltr'><strong>al..</strong></span> <span class='ocrx_word' id='word_1_266' title='bbox 577 3887 710 3959; x_wconf 78' lang='lat' dir='ltr'><strong>Cephea.</strong></span> 
     </span>
    </p>
   </div>
   <div class='ocr_carea' id='block_1_8' title="bbox 0 0 1360 4417">
    <p class='ocr_par' dir='ltr' id='par_1_10' title="bbox 0 0 1360 4417">
     <span class='ocr_line' id='line_1_40' title="bbox 0 0 1360 4417; baseline 0 0"><span class='ocrx_word' id='word_1_267' title='bbox 0 0 1360 4417; x_wconf 95' lang='lat' dir='ltr'><strong> </strong></span> 
     </span>
    </p>
   </div>
  </div>
 </body>
</html>
