2709 4417
249 360 313 425 150
460 346 621 430 urspuau'a
639 362 749 430 mpura
766 362 863 415 habita
881 375 907 415 a
926 358 987 413 arx

245 549 461 629 blasphemant
472 553 514 634 et,
524 547 648 610 siulant.
671 547 773 624 Quare
786 566 841 630 per
862 549 917 609 snb
929 553 1045 611 terram
1058 566 1149 612 neces·

246 634 327 693 sario
349 632 558 713 purgatorium
580 639 612 692 et
633 651 696 693 non
719 632 833 693 inferos
855 632 1031 714 intelligere
1053 639 1150 713 potest.

244 716 392 793 Quamvis
412 734 476 776 non
492 732 603 795 negem
631 716 663 775 in
686 720 773 776 sacra
796 714 953 796 Scriptura
980 716 1071 776 etiam
1091 715 1149 778 dae

247 817 373 860 monum
394 798 459 859 lieri
479 800 668 858 mentionem
689 800 721 858 in
742 799 856 878 inferis,
877 799 909 858 in
924 798 1070 878 apostolo
1091 818 1148 862 coe

246 883 346 959 lestie,
367 884 531 944 terrestria.
575 881 634 942 Sed
656 881 718 942 hoc
739 881 814 942 nihil
835 881 876 942 ad
898 880 1081 942 Rhombum.

330 965 516 1046 Apportavit
548 970 650 1025 autem
687 965 823 1045 glossam
857 984 950 1045 super
980 965 1149 1045 illo'rerbo,

246 1055 365 1125 cantat,
404 1047 487 1127 quod
509 1049 548 1107 ait
568 1066 689 1108 crucem
711 1054 835 1128 portare
856 1049 940 1108 etin
962 1046 1149 1110 tribulationi-

247 1132 303 1193 bus
324 1133 424 1193 Deum
457 1129 599 1209 laudare,
628 1149 719 1209 quam
741 1131 892 1212 glossam,
921 1135 957 1190 ut
978 1150 996 1190 a
1018 1131 1055 1195 D.
1075 1131 1150 1194 Pare

246 1215 307 1275 boc
328 1214 398 1275 loco
420 1213 532 1293 fictam,
555 1232 592 1274 ea
612 1214 759 1275 facilitate
778 1220 954 1276 contemno.
975 1210 1148 1275 lmodoban

247 1317 302 1358 nes
325 1316 388 1358 non
409 1298 522 1378 patitur
542 1297 587 1357 aio
608 1316 641 1357 se
664 1298 882 1377 exponi,=quia
902 1297 1021 1377 inquit:
1054 1296 1147 1359 cana

247 1382 321 1443 bunt
342 1381 373 1439 in
403 1380 514 1457 coelo,
542 1382 573 1440 in
598 1386 693 1457 terra,
721 1380 815 1441 modo
839 1381 875 1439 'in
899 1379 989 1442 coelo
1014 1398 1075 1442 non
1093 1400 1147 1461 por-

247 1470 314 1525 tant
335 1482 473 1539 cmcem,
502 1480 561 1526 neo
581 1464 613 1522 in
635 1463 880 1525 tribulationibus
907 1462 1037 1524 laudant
1055 1463 1146 1542 Deum,

250 1547 395 1627 quoniam
428 1545 578 1626 abstergit
598 1546 683 1605 Deus
714 1548 759 1606 sic
791 1564 913 1607 omnem
942 1546 1145 1608 lacrimamab
1178 1570 1184 1627 j

248 1628 345 1691 oculis
367 1647 482 1705 eorum,
503 1630 563 1688 iam
585 1647 647 1689 nou
670 1635 718 1689 est
738 1629 817 1689 ullus
838 1628 928 1689 labor
949 1635 981 1690 et
996 1629 1084 1690 dolor
1101 1634 1144 1692 etc
1177 1640 1183 1657 ⁸

331 1711 421 1787 Quod
443 1713 469 1771 si
490 1713 582 1772 etiam
605 1710 728 1771 daretur
749 1713 903 1791 expositio
926 1730 997 1789 sua,
1032 1718 1063 1772 et
1082 1718 1146 1774 esest
1174 1714 1184 1770 'f

249 1814 331 1871 vera,
353 1795 432 1854 sicut
452 1802 555 1855 tamen
577 1795 684 1855 literae
705 1803 872 1876 repugnat,
894 1794 995 1854 adhuc
1016 1795 1076 1856 hoc
1091 1814 1143 1876 pro
1171 1790 1185 1822 ³

248 1879 381 1958 positum
404 1896 467 1937 non
488 1883 652 1957 rumperet,
674 1896 745 1937 nam
767 1877 928 1938 laudantes
943 1877 1041 1942 Deum
1062 1878 1088 1937 iu
1107 1878 1142 1939 bi·
1171 1896 1184 1965 ζ

249 1959 455 2021 bulationibus
477 1968 548 2040 post
570 1967 698 2020 mort-em
727 1960 928 2021 certissimum
955 1960 1096 2021 haberent
1112 1961 1142 2020 lu-
1173 1972 1184 1985 ¹

249 2050 335 2103 turae
357 2042 554 2103 beatitudinis
576 2044 706 2124 signum,
728 2063 797 2103 cum
813 2044 949 2103 damnati
967 2050 1073 2104 contra
1090 2062 1142 2104 con·
1173 2110 1184 2127 Ι,

248 2133 400 2186 summata
428 2125 501 2186 odio
529 2126 585 2185 Dei
612 2127 643 2185 in
671 2133 851 2206 perpetuam
881 2133 1080 2207 prorumpunt
1097 2144 1143 2187 cra·
1166 2142 1185 2163 ··

248 2211 343 2269 atoris
377 2207 609 2289 blasphemiam.
654 2208 756 2283 Quare
783 2211 904 2269 animae
925 2209 1097 2291 purgandae
1114 2209 1142 2270 de

250 2291 348 2352 salute
370 2309 478 2352 secure
500 2298 624 2351 cantant
653 2298 684 2351 et
705 2293 803 2352 Deum
828 2292 971 2372 laudant,
1003 2294 1142 2353 termimn

249 2375 440 2456 purgationis
462 2381 688 2454 exspectantes.

325 2458 400 2518 Cum
427 2476 504 2517 vero
533 2457 723 2517 induxissem
758 2474 907 2517 canonem
940 2457 1072 2535 missae,
1100 2476 1145 2536 quo

251 2558 305 2600 eos
327 2539 462 2600 dormire
482 2542 641 2600 insomne
664 2541 749 2619 pacis
771 2541 929 2619 asseritur,
965 2558 1027 2600 non
1055 2541 1146 2620 patitur

250 2621 419 2683 illationem
441 2642 559 2699 meam,
582 2625 659 2683 siin
682 2641 791 2683 somno
813 2624 909 2703 pacis,
932 2642 1006 2703 ergo
1029 2635 1094 2683 sunt
1111 2642 1147 2682 se

249 2723 340 2765 curae
366 2704 403 2764 de
416 2705 525 2784 salute,
548 2712 578 2766 et
591 2726 652 2765 non
676 2707 707 2765 in
719 2705 855 2785 horrore,
876 2710 1020 2784 tremore,
1040 2724 1147 2786 pavore,

249 2794 280 2849 et
302 2789 388 2867 quasi
416 2787 641 2867 desperatione.
676 2789 840 2848 Rationem
869 2788 1022 2868 duplicem
1044 2788 1150 2866 adduxi,

249 2871 366 2950 primo,
389 2872 460 2950 quia
481 2878 639 2950 sequatur,
669 2878 703 2931 ut
733 2872 777 2931 eis
799 2869 901 2932 locum
923 2873 1071 2953 refrigerii
1088 2872 1150 2931 lucis

250 2961 281 3013 et
302 2955 388 3034 pacis
403 2953 574 3034 indulgeas,
591 2954 738 3031 secundo,
760 2955 830 3033 qnia
843 2955 1019 3034 frequenter
1031 2970 1152 3016 oramus:
1175 3000 1179 3011 .

247 3036 396 3116 Requiem
419 3044 574 3097 aeternam
597 3037 678 3098 dona
702 3039 757 3112 eis,
770 3038 918 3115 Domine,
941 3046 988 3101 et:
1010 3038 1151 3099 Danaeia

269 3138 367 3180 acem.
810 3154 814 3161 ·

248 3140 267 3200 p
329 3202 402 3263 ldeo
426 3203 515 3262 aliam
530 3203 666 3284 glossam
688 3201 780 3276 dedit,
803 3202 884 3281 quod
911 3201 1065 3263 dormiant
1085 3221 1153 3283 som-

247 3304 318 3344 num
347 3287 453 3365 pacis,
483 3286 600 3346 scilicet
628 3284 730 3364 quoad
758 3303 885 3366 corpus,
916 3303 979 3345 non
1002 3292 1155 3348 contemtor

247 3387 304 3427 nec
326 3368 515 3443 obiectione,
538 3388 598 3429 nec
618 3386 703 3447 nova
725 3372 780 3428 suia
801 3369 922 3448 glossa,
946 3387 1027 3448 quae
1048 3369 1155 3429 nullam

246 3448 340 3510 habet
369 3453 596 3532 apparentiam,
629 3450 746 3511 nullum
774 3468 897 3530 quoque
923 3451 1158 3514 fundamentum.

246 3532 324 3592 Nam
355 3534 428 3594 dicit
455 3552 572 3595 canon:
588 3535 754 3595 uenena
778 3553 898 3611 eorum,
928 3537 979 3614 qui
1001 3534 1160 3613 dormiunt,

248 3621 279 3674 et
299 3617 390 3677 infra:
413 3617 453 3677 Et
475 3618 616 3678 omnibus
638 3621 668 3677 in
692 3617 813 3678 Christo
835 3619 1074 3697 quiescentibus.
1095 3618 1160 3680 llon

244 3697 335 3760 dicit:
366 3700 401 3762 ln
424 3701 569 3784 sepulcro
593 3700 834 3783 quiescentibus.
865 3701 965 3758 torro
985 3702 1062 3775 auid
1076 3702 1167 3759 eetert

229 3782 274 3846 ad
303 3788 444 3850 animam
470 3806 590 3872 corpus
608 3785 733 3848 babere
752 3799 881 3862 pacem,
897 3779 955 3835 rel
970 3780 1100 3848 munus,
1123 3780 1185 3833 aue

215 3888 239 3930 a
259 3875 346 3936 mari
365 3875 530 3960 iactetur,
556 3875 630 3937 sire
655 3890 678 3932 a
699 3866 780 3929 lerls
796 3864 981 3929 laceratum
1007 3853 1185 3930 ”emim
