2709 4417
284 352 352 435 276
538 367 630 424 ltesol.
643 369 686 441 l,
701 385 785 439 aspar
802 368 992 437 Proposition.

363 556 459 616 Multa
491 562 563 616 sunt
594 560 627 616 et
652 555 714 616 alia
744 557 777 616 in
808 557 874 616 iura
898 561 930 615 et
961 574 1020 616 usu
1041 555 1174 636 eoolosias,

280 648 361 719 quae
374 659 436 700 uon
456 640 556 719 oapio,
579 639 736 717 quomodo
747 637 813 699 fleri
835 644 1019 719 potuerunt3
1042 639 1176 718 qualest

270 725 481 782 iuramentum
508 723 735 818 episcoporum,
758 726 916 819 quodpro
929 720 1033 818 palliis
1045 728 1175 818 prpestarr

280 812 592 966 ffilllfflaprilil,
616 809 1176 968 qtt‘tmstttlttittfflttt

280 970 342 1028 tiae
365 970 616 1048 exspectativas,
649 970 756 1047 quales
779 970 973 1030 servationes
996 979 1176 1047 manumet

277 1050 397 1112 infinita
418 1051 465 1110 bis
488 1051 609 1112 similia.
653 1050 743 1126 Quas
757 1051 835 1127 flunt
845 1052 982 1133 quidem,
1004 1051 1059 1113 sad
1080 1059 1175 1114 ooutra

276 1134 322 1194 ria
343 1132 407 1194 lieri
429 1132 628 1209 debetcum).

570 1222 575 1232 Ι
597 1249 813 1313 Conclusio
837 1251 889 1315 VL
1116 1209 1119 1214 Ι
1190 1252 1221 1355 '4

300 1367 394 1427 Forte
439 1367 632 1428 satisfaciunt
668 1371 790 1430 animae
831 1371 862 1428 in
902 1367 1082 1448 purgatorio
1118 1386 1161 1447 pro
1215 1372 1219 1417 '1

298 1451 444 1529 pecualis,
456 1450 511 1510 sed
529 1447 613 1529 quod
624 1450 709 1511 Deus
730 1471 750 1511 a
761 1453 911 1513 morituro
928 1450 1104 1531 plusquam
1122 1468 1162 1511 ro

300 1531 460 1592 luntariam
485 1540 612 1593 mortem
631 1533 804 1616 requirit²)‚
827 1533 1162 1594 vanissimatomeritata

298 1617 452 1688 asseritur,
475 1617 548 1693 quia
571 1616 663 1675 nullis
685 1617 785 1677 modis
806 1624 911 1697 potest
931 1614 1067 1696 probari.

359 1697 400 1757 Et
420 1697 500 1758 hano
527 1717 618 1759 nemo
649 1699 751 1759 adhuo
780 1701 897 1780 tetigit,
927 1705 960 1759 st
980 1696 1103 1759 abunde
1121 1697 1177 1758 sutis

278 1779 385 1840 debis
407 1780 498 1841 rebus
520 1780 592 1841 alibi
606 1783 725 1862 scripsi.
768 1781 835 1842 Neo
851 1782 980 1844 multum
994 1788 1098 1858 nocet,
1115 1779 1178 1860 quod

277 1862 413 1923 Eooiana
440 1863 612 1943 propositio
643 1884 805 1925 erroneum
827 1865 918 1941 dicit,
949 1862 1096 1944 quidquid
1120 1863 1179 1923 baso

279 1964 349 2005 mea
372 1946 543 2025 propositio
566 1949 681 2023 statuit,
703 1949 775 2026 quia
796 1949 883 2008 multi
907 1946 1004 2007 multa
1025 1946 1179 2025 loquunbn.

277 2027 323 2087 lie
345 2047 421 2107 orgo
444 2028 552 2088 eadem
574 2037 725 2110 repetam,
747 2030 820 2090 illuo
841 2031 967 2092 remitto
991 2028 1044 2091 ubi
1065 2029 1133 2089 dixi.

589 2144 808 2207 Conclusio
832 2146 894 2211 Vll.

301 2259 409 2402 Nepae
431 2262 502 2341 quid
525 2261 618 2337 fides,
652 2282 752 2343 neque
775 2262 847 2344 quid
877 2263 1044 2334 contritio,
1081 2280 1165 2342 noque

300 2345 351 2423 qui
395 2344 520 2405 liberum
543 2345 699 2405 arbitrium
721 2349 775 2422 sit,
805 2345 987 2408 ostenditss
1004 2364 1106 2424 nosse,
1124 2346 1165 2425 qui

300 2425 425 2487 liberum
454 2427 609 2489 arbitrium
631 2437 896 2501 actuumsuorum‚
923 2430 992 2488 sive
1013 2427 1164 2504 bonorum¹

300 2509 364 2568 sive
387 2510 557 2586 malorum,
589 2509 745 2571 dominum
770 2531 849 2588 esse,
871 2510 1021 2589 balbutit,
1045 2518 1163 2571 autnon

299 2590 366 2650 sola
387 2590 448 2651 lide
461 2591 544 2654 verbi
562 2612 652 2672 quem
673 2593 841 2673 iustificari,
862 2602 916 2655 aut
931 2592 1026 2654 fidam
1040 2591 1163 2654 nontolli

304 2674 442 2752 quolibet
462 2677 588 2736 orimine
610 2679 752 2737 somniat

426 2791 502 2853 Tres
525 2812 644 2853 errores
665 2794 818 2854 Eooianos
841 2792 891 2851 hio
913 2794 1046 2874 signavi.

360 2873 491 2952 Primus,
528 2875 610 2955 quod
632 2876 762 2939 liberum
792 2875 949 2936 arbitrium
982 2876 1024 2937 sit
1058 2875 1176 2937 domium
1215 2872 1217 2877 ’

278 2962 399 3014 aotuum
422 2975 555 3034 suorum,
580 2959 662 3037 quod
685 2979 747 3019 una
767 2958 863 3019 solius
883 2959 1031 3038 Apostoli
1053 2960 1176 3019 autoritas

278 3038 352 3097 satis
373 3039 529 3118 confutat,
562 3041 669 3102 Roma
691 3045 725 3106 6:
759 3041 871 3101 Elaiatis
904 3043 987 3103 servi
1007 3039 1175 3121 peooati,li

279 3118 385 3195 bori³)
412 3132 514 3182 autem
537 3133 723 3203 specuum,
757 3125 837 3184 servi
864 3124 938 3184 facti
960 3127 1035 3186 estis
1057 3125 1175 3185 iustitias

277 3201 324 3261 lta
346 3205 377 3263 in
400 3223 581 3285 quoeunque
612 3209 693 3267 vitas
715 3214 796 3268 statu
818 3227 942 3288 sumus,
978 3209 1062 3269 servi
1083 3225 1175 3284 sumus,

277 3304 331 3344 seu
363 3289 646 3368 concupiscentiae,
684 3311 739 3351 seu
761 3291 906 3351 sanitatis.
949 3291 1092 3370 Utraque.
1115 3291 1176 3350 enin

277 3366 483 3429 dominabitur
505 3370 602 3432 libero
626 3373 761 3436 arbitrio.
805 3372 857 3433 sio
877 3373 1018 3434 Christis
1039 3371 1175 3435 labanti:

278 3447 337 3523 Qui
359 3451 432 3512 laoit
455 3462 625 3532 peceatum,
647 3475 754 3517 servus
778 3464 826 3515 est
845 3458 977 3535 peooati.
1019 3456 1066 3517 lta
1090 3463 1119 3516 et
1135 3454 1175 3514 Pa-

277 3538 356 3610 trus,
392 3537 419 3596 2.
445 3535 524 3596 Patr.
546 3539 580 3600 2:
605 3540 629 3597 A
654 3558 715 3618 quo
738 3541 819 3600 enim
853 3540 1103 3619 quis“superatus
1130 3543 1174 3614 ast

277 3613 366 3675 huius
390 3627 420 3676 et
442 3637 547 3679 servus
569 3625 636 3680 est.-

268 3737 495 3750 *⁶*-

250 3791 334 3922 ΜΟ
359 3792 393 3849 lu
413 3794 484 3852 edd.
498 3745 597 3866 origs.
618 3793 737 3847 oetam„
768 3789 808 3852 ‘bi
823 3787 919 3838 tuton,
936 3789 1078 3851 rsqmrat.
1097 3782 1208 3846 ‘aalma

263 3883 273 3920 r
299 3873 388 3925 erati.
