2709 4417
137 353 138 369 ¹
245 336 309 407 146
462 341 616 410 Disputatio
630 339 741 409 lipsiae
758 336 852 394 habits
870 354 895 393 a.
912 339 977 394 XIX

328 529 405 590 Gum
426 546 501 588 vero
528 528 558 588 si
578 529 793 609 opposuissem
815 526 855 588 de
876 526 1012 589 concilio
1032 525 1145 605 mons„

245 610 430 692 respondet,
453 611 614 672 concilium
637 629 701 672 non
723 628 820 693 posse
834 610 938 672 iacere
959 608 1074 689 aliquid
1092 627 1145 670 ssss

246 695 285 756 de
306 694 461 775 Scriptura
481 692 564 774 quod
586 712 650 754 non
670 695 719 755 sit.
740 693 810 755 Hoc
830 693 955 775 quidem
972 711 1086 769 verum,
1103 691 1144 753 sed

245 777 317 858 quid
339 778 400 838 hoc
422 784 483 855 est,
510 776 672 837 concilium
695 784 755 838 tam
772 776 944 862 ¹laudabile
966 782 1053 838 tanta
1070 781 1146 837 tenc·

245 863 335 921 ritate
356 861 576 939 contaminare,
600 866 633 920 ut
652 860 714 920 boo
728 859 892 921 absurdum
907 859 1064 923 decernat
1085 856 1145 919 cm

245 962 321 1004 vero
331 943 501 1005 doctissimi
522 943 633 1004 brenni
653 943 684 1002 in
707 960 746 1003 so
769 944 980 1020 eoncilioviri‚
1003 940 1145 1002 maloers·

245 1026 319 1086 dere
341 1025 490 1104 coneilio,
513 1025 596 1104 quod
618 1044 637 1087 a
658 1024 771 1105 Spiritu
794 1032 903 1089 sancto
925 1026 1051 1107 regitur,
1071 1040 1145 1103 quan

245 1109 378 1169 Domino
400 1108 626 1187 Lnthero,'non
650 1108 734 1187 quod
748 1110 913 1170 concilium
934 1109 1030 1169 faciat
1049 1106 1146 1186 aliquid

245 1193 285 1252 de
307 1191 477 1272 Scriptura,
500 1189 583 1271 quod
604 1208 668 1252 non
691 1192 740 1268 sit,
763 1192 817 1252 sed
839 1192 924 1272 qnod
947 1190 1071 1253 credam
1090 1207 1147 1250 con·

246 1275 348 1335 cilium
371 1274 480 1335 melius
492 1273 738 1336 haberasensum
761 1282 792 1336 et
813 1275 1053 1356 intelligentiam
1065 1271 1147 1353 Suip

245 1364 379 1418 turarum
401 1355 597 1419 decernendo
627 1357 690 1418 hoo
717 1377 786 1419 esse
815 1357 855 1419 de
875 1358 1053 1439 Scriptura,
1079 1353 1148 1435 quad

244 1441 275 1500 in
298 1440 454 1520 Scriptura
473 1441 629 1520 reperitur.
938 1432 941 1441 '

328 1538 469 1599 livanida
489 1545 536 1600 est
557 1558 614 1601 sua
635 1541 805 1620 excusatio,
827 1558 923 1637 posse
939 1539 1065 1622 reperiri
1084 1552 1148 1600 sem

245 1636 299 1707 per
319 1623 562 1705 expositionem,
588 1623 647 1702 ita,
675 1621 757 1705 quod
786 1629 888 1684 textus
919 1623 1070 1704 allegatus
1096 1638 1148 1681 uon

244 1706 347 1766 valeat
366 1706 396 1765 in
420 1704 619 1766 contentione
641 1713 749 1767 contra
768 1708 966 1787 pertinaces,
995 1724 1067 1766 nam
1086 1702 1148 1787 illud

245 1795 329 1853 esset
351 1789 486 1849 omnium
507 1788 730 1850 haereticorum
752 1789 934 1869 labitnlum,
968 1788 1020 1868 qui
1042 1796 1148 1867 sempai

244 1872 377 1951 aliquem
399 1871 604 1952 expositionis
634 1871 736 1932 locum
758 1879 888 1953 possent
909 1870 1030 1944 afferre,
1055 1870 1148 1951 quibus

244 1952 466 2016 contenderent
486 1954 653 2017 catholicas
675 1952 820 2016 veritates
841 1956 873 2015 in
896 1954 1054 2037 Scriptura
1075 1970 1148 2014 sacis

246 2056 307 2097 non
338 2056 406 2097 esse
435 2055 608 2117 expressas.
651 2039 696 2098 lta
731 2036 826 2100 hodie
852 2037 954 2100 adbuc
969 2035 1078 2118 perfidi
1097 2034 1148 2096 dri

136 2165 154 2190 ,
245 2119 367 2181 duraret
387 2118 535 2197 haeresis,
557 2119 639 2264 quod
662 2119 868 2198 homousial)
894 2140 934 2182 ex
951 2121 1047 2181 sacris
1066 2118 1148 2180 literis

246 2206 308 2264 tom
332 2221 478 2284 expresse
504 2222 561 2283 pro
584 2204 631 2263 ari
657 2222 719 2267 non
764 2209 862 2283 osset,
883 2204 959 2284 quin
982 2205 1015 2263 in
1038 2208 1148 2264 conten·

244 2286 328 2346 tione
349 2287 490 2367 pertinax
513 2284 716 2367 qualicunque
770 2306 807 2348 co
829 2306 894 2350 non
916 2284 1071 2348 evaderet.

324 2402 469 2465 Similiter
490 2403 570 2465 bene
592 2404 749 2482 novimus,
781 2403 945 2467 ecclesiam
978 2423 1042 2466 non
1068 2420 1148 2483 posse

241 2485 343 2547 facere
376 2487 552 2567 evangelia,
588 2493 691 2549 tanren
713 2487 845 2549 ecclesia
865 2487 953 2567 facit,
986 2493 1022 2548 nt
1048 2485 1148 2563 relictis

242 2568 413 2647 Nicodemi‚
436 2569 681 2647 Bar-tholomaei,
702 2568 842 2633 Thomae
863 2576 895 2631 et
917 2571 1049 2632 aliorum
1069 2587 1148 2629 evan·

189 2710 193 2717 .
243 2651 349 2731 gellis,
379 2661 509 2732 quatuor
531 2652 680 2715 duntaxat
701 2652 903 2717 indubitatam
924 2652 1017 2715 fidem
1039 2649 1148 2715 acute

245 2753 344 2812 amus,
367 2736 398 2797 in
416 2753 477 2815 quo
491 2736 642 2797 ecclesiae
664 2735 776 2799 iudicio
790 2736 935 2799 standum
956 2743 1004 2797 est
1025 2736 1057 2797 in
1071 2753 1148 2795 evan-

244 2817 397 2898 geliorum
418 2820 643 2900 acceptatione.
684 2819 734 2883 Ita
753 2825 786 2883 et
805 2821 837 2881 in
860 2838 1019 2883 sacrarum
1030 2817 1148 2898 Scriptu-

242 2921 344 2963 rarum
367 2900 570 2982 intelligentia
591 2907 623 2964 et
644 2902 850 2982 expositione.

329 3017 426 3080 Porro
459 3037 619 3078 assumens
650 3019 830 3081 autoritates
858 3039 915 3100 per
947 3038 998 3080 me
1019 3018 1148 3078 inductas

243 3100 283 3163 ab
303 3102 412 3178 initio,
439 3102 538 3161 voluit
558 3109 680 3182 praeter
700 3104 917 3164 necessitatem
948 3101 1011 3164 hoo
1037 3101 1148 3176 fnonm

244 3186 315 3264 quia
338 3186 451 3266 etipse
472 3185 611 3245 crederet
632 3187 840 3267 purgatorium
863 3204 949 3263 esse,
970 3203 1036 3246 non
1057 3183 1148 3243 marni

244 3269 298 3343 nit,
321 3267 404 3346 quod
427 3288 467 3329 ex
489 3274 535 3327 tot
556 3269 769 3329 autoritatibus
788 3270 950 3330 terminum
972 3266 1108 3328 merendi
1124 3267 1148 3325 ir

243 3351 397 3429 praesenti
444 3351 507 3411 vita
549 3351 751 3414 statuentibus
791 3352 890 3413 voluit
931 3368 966 3412 se
1008 3350 1146 3411 evolvere

243 3434 314 3511 quia
336 3435 544 3514 purgatorium
567 3453 607 3494 ex
635 3438 729 3495 sacris
756 3435 855 3496 literis
880 3452 943 3495 non
971 3433 1148 3516 probaretur

243 3515 326 3593 quod
348 3515 480 3594 dictum,
511 3536 551 3578 ne
571 3516 690 3578 Picardi
714 3524 746 3580 et
776 3518 829 3579 alii
850 3517 1036 3578 schismatici
1051 3514 1105 3597 pm
1123 3530 1148 3572 st

243 3599 431 3679 arriperent,
458 3601 594 3679 quinon
616 3602 717 3661 sciunt
737 3601 947 3683 purgatorium
969 3618 1056 3677 esse,
1082 3598 1148 3661 sicut

576 3772 628 3783 ιιι·-

237 3870 286 3940 ⁵1)
307 3872 340 3931 ln
366 3874 413 3934 ad.
435 3874 459 3934 J
460 3892 506 3933 en.
529 3870 662 3944 etapud
678 3866 805 3923 Loes'clr.
817 3879 828 3913 ·.
840 3861 1033 3965 bomouexnu.
