2709 4417
230 358 293 425 346
489 358 581 426 Resol.
599 359 628 411 L.
647 373 731 426 saper
749 358 947 426 Propositione

312 545 497 622 '1¹onoegc,
521 543 686 622 episeopus
708 560 796 601 nicus
828 539 967 601 nondum
991 538 1141 618 quidquam

231 627 353 688 iliorum
376 625 524 686 malorum
549 625 630 701 fecit,
653 630 685 683 ut
707 623 778 703 quid
799 643 874 704 ergo
889 625 991 703 exigis
1006 624 1141 683 iuramen-

233 710 317 771 tum?
358 709 406 768 An
435 707 519 786 quod
539 709 664 788 ignoras
686 725 756 767 eum
778 726 841 766 non
873 705 1051 767 facturum?
1091 704 1141 765 Our

231 811 294 853 non
327 793 357 850 in
391 793 474 851 omni
506 796 673 870 praecepto
701 791 757 851 Dei
792 790 893 868 exigis
930 787 1142 849 iuramentum?

231 895 284 935 cur
304 875 354 934 iric
375 880 406 932 te
429 893 490 933 non
514 873 672 952 compellit
702 872 836 933 malurn?
871 892 913 932 an
936 878 1069 932 nonest
1089 889 1141 929 ma·

231 957 296 1018 ium
316 977 335 1017 a
356 957 529 1035 praeceptis
552 957 608 1015 Dei
638 955 775 1015 resilire?
819 953 901 1028 Quin
925 953 1086 1014 ecclesiam
1105 971 1141 1013 re-

231 1039 310 1120 ples,
331 1038 453 1100 nonnisi
474 1039 661 1099 iuramentis.
697 1038 729 1099 Si
751 1044 852 1097 autern
875 1039 909 1097 in
929 1038 989 1097 Dei
1011 1053 1140 1117 praecep·

232 1123 270 1181 tis
288 1129 349 1181 tam
364 1121 484 1200 patiens
499 1140 542 1188 es,
566 1127 598 1180 ut
615 1127 645 1180 te
660 1127 706 1180 tot
719 1120 809 1195 maia,
834 1139 915 1198 quoe
939 1122 971 1179 in
989 1125 1138 1199 prospectu

233 1204 447 1280 dominantur,
479 1205 570 1264 etiarn
597 1204 627 1262 in
650 1201 829 1264 domesticis
852 1205 912 1262 tuis
944 1202 984 1263 ad
1007 1202 1137 1261 iuramen-

232 1295 294 1346 tum
317 1306 379 1346 non
408 1286 613 1365 compellunt,
641 1285 798 1363 quomodo
831 1286 862 1346 in
891 1287 950 1345 tuis
982 1284 1136 1364 praeceptis

233 1370 322 1445 mata
346 1388 404 1428 neo
425 1371 615 1447 praesentia,
637 1388 696 1427 nee
716 1369 795 1429 torte
817 1387 952 1447 unquam
978 1370 1088 1440 tuturo,
1112 1374 1135 1426 ta
1176 1440 1177 1447 ἵ

233 1451 445 1532 compellunt?
488 1451 599 1511 Nonne
620 1453 814 1531 perspicuum
838 1451 938 1530 estl),
962 1449 1045 1530 quod
1064 1468 1135 1509 amor
1176 1458 1177 1518 ζ

233 1537 288 1611 sui,
312 1553 372 1613 qao
396 1536 492 1614 magis
511 1553 580 1594 sese
594 1534 787 1615 venustam),
811 1535 910 1614 magis
925 1553 958 1593 se
971 1536 1066 1612 ipsum
1080 1551 1133 1611 pro·
1175 1527 1177 1628 i

233 1617 299 1678 dit?
326 1618 453 1677 Prorsus
476 1617 561 1677 nulia
581 1618 701 1696 reliqua
721 1626 769 1676 est
790 1617 878 1695 ratio,
904 1618 977 1695 quin
1000 1616 1026 1676 si
1046 1616 1073 1674 in
1088 1615 1132 1674 tuis

233 1701 406 1780 praeceptis
435 1701 607 1760 iuramenta
649 1702 756 1780 exigas
797 1720 852 1780 pro
887 1706 941 1761 tuo
977 1697 1132 1774 commodo,

233 1783 329 1843 multo
353 1784 451 1862 magis
473 1785 579 1862 exigas
607 1802 662 1862 pro
685 1784 742 1842 Dei
771 1781 953 1864 commod0,
984 1791 1036 1841 aut
1055 1781 1077 1840 si
1095 1779 1133 1839 hic

232 1884 294 1926 non
317 1866 402 1944 iacis,
425 1884 487 1927 non
509 1866 577 1925 sine
599 1866 690 1946 culpa
710 1865 753 1925 ibi
776 1867 863 1925 iacis.

312 1947 415 2008 Habes
437 1968 511 2029 ergo
535 1949 665 2028 malurn,
693 1948 775 2028 quod
797 1947 972 2017 Romanii)
1002 1947 1032 2004 in
1058 1963 1131 2004 evan·

233 2031 315 2111 galio
338 2030 528 2111 intelligunt,
561 2031 642 2111 quod
672 2041 719 2092 est
741 2032 877 2110 suspicio
901 2029 984 2090 maia
1004 2027 1041 2087 de
1067 2027 1131 2086 iatri·

231 2113 288 2174 aas
310 2111 410 2191 bonis,
433 2134 502 2174 narn
520 2117 780 2195 transgressiones
797 2113 1009 2174 mandatorum
1022 2109 1084 2184 oet,
1102 2128 1132 2167 an

234 2197 334 2257 mine
354 2198 429 2273 sint,
458 2198 508 2256 alii
538 2197 673 2256 viderint.
720 2197 747 2256 0
775 2197 881 2256 ocutus
913 2193 1083 2254 ambitionis
1111 2198 1134 2250 et

234 2280 390 2341 avaritiae.

617 2449 774 2527 Sequitur:

316 2566 383 2628 Hoc
405 2568 544 2627 nimirum
568 2566 648 2625 maio
672 2585 709 2624 nc
732 2564 918 2623 necessitate
938 2558 1138 2641 compeliimur

233 2653 432 2711 iuramentum
456 2668 510 2729 pro
535 2648 610 2726 fide,
644 2667 699 2728 pro
723 2646 913 2715 obedientia,
950 2663 1006 2724 pro
1035 2644 1138 2701 unitate

234 2735 395 2812 requirere.
438 2731 515 2791 Num
541 2732 611 2811 quid
641 2731 731 2790 etiarn
766 2749 822 2809 pro
850 2728 912 2788 tide
934 2726 1061 2802 Christi,
1092 2743 1138 2803 pro

232 2816 408 2876 obedientia
429 2815 496 2892 Dei,
520 2835 573 2894 pro
597 2816 712 2875 unitate
729 2812 876 2874 fratrum?
909 2810 991 2888 Non,
1014 2807 1067 2869 sed
1088 2808 1138 2867 hoc

231 2919 323 2959 unum
352 2896 537 2971 ecciesiae4)
576 2898 689 2958 bonurn
717 2905 747 2956 et
781 2895 988 2956 necessarium
1018 2897 1083 2969 est,
1114 2896 1140 2949 nt

232 2981 331 3044 Roma
351 3000 459 3041 secure
480 2980 661 3055 dominetur,
686 2986 717 3039 et
739 2983 860 3039 ceterae
883 2995 992 3038 omnes
1016 2975 1139 3034 serviant

235 3067 453 3145 captivitatem.

317 3146 448 3207 Proinde
467 3146 628 3206 Christiani
652 3147 683 3204 in
707 3144 790 3203 india
812 3142 912 3204 adhuc
936 3160 1048 3222 magno
1071 3137 1138 3198 malo

234 3230 391 3308 laborant,
414 3232 456 3288 ita
478 3231 611 3307 suspicio
634 3229 767 3309 pessima
796 3226 834 3286 de
858 3228 981 3306 optimis
1011 3222 1137 3283 fratribus

234 3321 280 3374 est
303 3333 396 3372 causa
418 3312 560 3392 exigendi
584 3312 755 3388 iuramenti,
780 3330 870 3391 quarn
896 3320 998 3368 tamen
1022 3327 1080 3367 non
1096 3304 1136 3362 ha·

232 3395 306 3458 bent
327 3399 355 3455 in
380 3396 552 3476 praeceptis
576 3395 649 3469 Dei,
680 3395 709 3452 in
734 3393 842 3473 quibus
865 3397 1063 3472 praesumunt
1083 3406 1133 3447 om·

235 3498 285 3538 nra
308 3499 432 3538 servan.

159 3780 162 3788 ,
307 3731 331 3802 ¹)
357 3733 387 3784 In
408 3732 450 3787 ed.
471 3732 542 3800 orig.
562 3729 689 3782 scottum
704 3730 825 3796 tegitur.
842 3731 883 3779 tn·
928 3729 960 3792 ’ἢ
979 3729 1010 3777 tn
1027 3725 1068 3778 od„
1081 3725 1127 3776 ion.

226 3812 254 3861 ei
276 3807 365 3862 witt:
387 3812 481 3862 ornat.
525 3806 555 3860 ³t
577 3800 653 3856 ibid.
671 3799 801 3850 additum
820 3809 880 3848 aaut
897 3797 1055 3862 pontateco.
1079 3793 1147 3843 itta

217 3881 285 3938 edit.
308 3883 427 3955 priore:
448 3879 575 3935 verbum
594 3872 745 3928 ecciesiae.
