2709 4417
222 348 264 415 44
434 351 587 421 Disputatio
606 351 716 421 bipsica
732 352 831 406 hahita
850 367 876 419 a,
894 350 958 405 m
989 420 992 424 ¹

225 558 322 618 quens
345 538 425 599 hanc
446 540 688 601 constitutionem
708 541 872 607 rectiorem
894 538 998 618 dedit,
1021 541 1114 605 scilicet
1144 588 1146 595 .

223 642 286 684 non
309 623 488 702 episcopum
511 623 736 701 universalem,
765 622 819 684 sed
843 622 1021 684 universalis
1042 626 1114 686 eccle·
1143 662 1146 681 ÷

221 707 286 767 siae
313 706 490 785 episcopum
529 725 598 766 eum
630 706 719 767 Rom.
752 705 935 766 Pontificem
968 705 1113 770 dicendum
1145 725 1148 762 ἐ

221 789 286 849 Nisi
309 806 464 868 parcerem
488 796 518 849 st
540 806 599 868 ego
621 788 842 867 duspenderem
864 795 897 848 et
920 789 951 862 ¹)
983 788 1057 849 hanc
1079 811 1114 854 sc
1144 837 1147 849 .

221 872 379 947 lationem,
402 871 457 931 sed
480 871 614 932 iudicent
634 871 751 932 iudices
773 878 805 933 et
825 871 990 933 auditores.

304 954 440 1025 Ultimo,
468 954 509 1014 ad
530 955 725 1017 autoritatem
748 954 877 1032 Christi,
910 953 961 1015 ubi
982 953 1054 1015 dixit
1070 955 1113 1032 *]:

221 1038 287 1098 Vos
310 1044 412 1098 autem
434 1055 496 1098 non
519 1038 585 1116 sic,
607 1037 684 1098 dixit
705 1037 904 1099 ambitionem
925 1036 1019 1098 lirisse
1037 1039 1114 1101 redas
1146 1071 1148 1080 ι

220 1127 334 1200 gutam,
357 1120 495 1181 sednon
519 1122 692 1201 primatum.
734 1119 945 1200 Respondes:
986 1120 1115 1184 Haeccst
1146 1146 1148 1182 ;

221 1204 328 1283 petitio
352 1203 506 1282 principii,
535 1204 620 1281 qnasi
642 1204 704 1263 iam
727 1204 907 1281 obtinuerit,
935 1221 1004 1263 essa
1025 1203 1055 1281 ¹)
1074 1207 1116 1266 sci·

145 1285 160 1309 ”
220 1284 294 1346 licet
314 1286 526 1365 principatum.
569 1285 690 1346 Deinde
712 1287 812 1347 clarus
834 1292 882 1347 est
903 1291 1021 1363 uatus,
1051 1288 1149 1369 quodi

220 1387 283 1428 non
305 1375 421 1428 tautum
444 1367 653 1446 ambitionem,
676 1369 730 1428 sed
745 1371 851 1450 ipsam
870 1369 1067 1429 maioritatcm
1081 1389 1116 1430 su·

220 1470 276 1532 par
297 1458 417 1512 ceteros
440 1450 604 1531 prohibuit.

606 1585 754 1647 Eccius.

301 1686 350 1761 A'd
373 1700 568 1762 defensiones
598 1702 786 1763 solutionum
813 1721 832 1761 a
858 1701 1028 1762 reverendo
1046 1702 1119 1764 Patre

220 1784 358 1845 datarum
393 1783 461 1844 dico
489 1783 528 1844 de
561 1786 675 1864 primo:
704 1785 773 1845 Non
800 1785 978 1865 increpasse
1011 1785 1119 1846 Paulun
1145 1848 1147 1853 ,

220 1886 284 1939 eos,
307 1868 356 1946 qui
381 1867 522 1928 dixerant
543 1886 577 1927 se
597 1887 666 1928 esse
686 1868 777 1944 Petri,
803 1868 874 1945 quia
895 1867 1071 1929 habuissent
1087 1869 1120 1928 in-

219 1951 388 2011 tentionem
409 1951 598 2030 principatus
622 1951 845 2031 apostolorum,
867 1948 923 2010 sed
941 1953 1015 2030 quia
1034 1952 1121 2032 singu·

218 2032 369 2093 lenitatem
392 2032 583 2112 aspiciebant
604 2052 822 2112 personarum,
848 2032 931 2112 quod
955 2032 1049 2104 rerba
1067 2035 1122 2114 ipsa

218 2115 301 2174 clare
320 2114 458 2175 indicant
473 2115 632 2176 divisionis
644 2122 675 2176 et
688 2116 871 2176 schismatis.
892 2115 933 2176 ut
953 2135 1122 2195 quamquam

219 2197 327 2258 merito
350 2197 476 2258 Paulum
512 2199 664 2279 praeferat
685 2199 911 2278 Hieronymus,
950 2201 1002 2279 pis
1033 2206 1123 2260 tamen

218 2279 402 2341 credendum
432 2286 494 2358 est,
532 2281 754 2361 Hieronymum
784 2300 821 2341 eo
850 2280 922 2342 loco
950 2283 1124 2344 sententian

217 2363 305 2423 Pauli
342 2363 422 2423 bene
456 2363 657 2425 intellexisse.
701 2364 767 2424 Nec
787 2364 875 2424 locus
898 2370 946 2425 est
966 2364 1125 2446 ambigam,

218 2446 258 2507 ob
279 2445 311 2505 id
333 2452 425 2525 caput
451 2447 480 2505 in
511 2447 644 2507 ecclesia
665 2447 882 2524 constitutum,
909 2453 943 2507 ut
964 2448 1125 2521 schismatis

217 2527 377 2588 tolleretur
388 2530 522 2606 occasio,
546 2529 629 2607 quod
640 2531 842 2608 grammatico
856 2529 1006 2591 satisfecit
1020 2530 1126 2607 lectori,

219 2628 309 2690 quam
343 2610 536 2689 disciplinam
569 2614 764 2693 praecipuam
797 2630 873 2690 prae
905 2611 974 2671 aliis
1001 2613 1126 2693 partibus

217 2691 433 2774 philosophiae
454 2693 633 2775 theologiae
655 2695 897 2755 subservientem
930 2694 1010 2756 dixit
1041 2697 1072 2756 in
1093 2695 1127 2756 di-

218 2777 394 2854 sputatione
415 2776 548 2855 quadam
570 2775 757 2838 reverendus
778 2783 876 2855 pater.

301 2857 453 2936 Secundo,
476 2877 568 2920 nemo
590 2861 716 2940 negavit
739 2859 891 2920 Christum
915 2857 1018 2918 lohan.
1041 2862 1071 2924 5.
1089 2878 1129 2918 ae·

219 2940 395 3020 qualitatem
420 2960 487 3001 cum
510 2942 600 3002 Patre
621 2941 791 3003 affirmasse
824 2942 881 3001 nisi
905 2941 1061 3020 Arianos,
1086 2960 1129 3000 ne

218 3042 278 3102 que
300 3023 360 3084 alio
383 3043 475 3083 sensu
497 3024 612 3086 inducit
632 3024 821 3100 Bernardus,
857 3023 911 3084 sed
937 3023 1022 3102 quod
1052 3043 1129 3084 reve

217 3106 329 3166 raudus
350 3107 440 3166 Pater
461 3107 622 3168 arbitratur
642 3115 767 3168 aanctoa
789 3107 894 3168 Patres
928 3112 1067 3166 sanctam
1094 3107 1129 3166 in·

218 3188 343 3249 duxisse
376 3190 554 3268 scripturam
584 3188 823 3269 locupletandae
852 3190 1003 3250 orationis
1030 3191 1128 3269 gratia,

217 3273 399 3351 respuimus,
423 3274 567 3350 quoniam
590 3274 684 3333 talem
707 3274 946 3333 ostentationem
969 3270 1009 3331 de
1031 3273 1128 3334 eissu·

218 3355 329 3435 spicari
351 3373 413 3414 non
435 3355 515 3418 licet.

299 3436 458 3514 Detertio,
481 3435 521 3499 de
543 3457 624 3518 papa
646 3443 767 3498 mortuo
789 3444 862 3498 tunc
882 3437 1048 3497 ecclesiam
1070 3455 1127 3498 essa

218 3518 418 3600 acephalam,
440 3520 525 3596 dico,
547 3539 704 3600 nunquam
725 3526 871 3601 negatum
894 3519 1047 3582 Christum
1069 3537 1126 3580 essa

219 3608 311 3682 caput
333 3601 492 3680 ecclesiae,
514 3605 600 3664 iuxta
622 3605 713 3664 etiam
737 3603 873 3683 glossam
897 3603 998 3664 Oanti.
1020 3606 1056 3667 5:
1079 3602 1124 3664 Ga

240 3781 294 3919 ΙΙ11))
308 3779 494 3913 [inpaedmdan.
516 3781 668 3837 deesttct.
705 3783 741 3852 ‘lb
757 3782 871 3835 lbidern
889 3781 986 3833 deest:
1003 3796 1076 3833 assa.
