2709 4417
466 345 537 398 xl11.
558 343 592 399 ds
610 349 747 413 potestate
765 347 865 414 Papae
1065 338 1127 409 301

205 528 381 612 Scriptura,
403 528 488 591 nulla
509 529 571 590 alia
593 548 687 589 causa
708 536 805 607 esset,
828 529 905 588 haec
927 503 1030 588 tamen
1052 529 1126 588 satis

207 621 295 686 esset
318 612 358 674 sd
386 611 641 692 compescendam
675 613 878 672 temeritatem
913 611 1127 672 resistentium.

206 694 248 756 Et
279 696 340 757 hac
369 695 437 756 sola
458 697 576 754 ratione
598 694 838 775 gloriosissimus
868 702 983 775 martyr
1005 693 1129 774 Cypria-

208 797 266 839 nus
289 798 347 861 per
375 778 486 838 multas
517 778 665 857 epistolas
688 775 950 839 confidentissime
970 776 1127 857 gloriatur,

208 868 320 921 contra
340 878 450 924 omnes
472 861 686 941 episcoporum
714 879 964 941 quorumcunque
986 859 1126 920 adversa-

211 945 286 1022 rios,
309 945 388 1004 sicut
410 946 438 1007 3.
462 942 538 1023 Reg.
562 946 611 1006 12.
634 943 773 1024 legimus,
796 942 878 1022 quod
901 943 1007 1004 decem
1031 941 1128 1002 tribus

209 1026 306 1086 lsrael
327 1025 534 1086 discesserunt
555 1044 574 1084 a
595 1025 754 1103 Robuam,
784 1024 847 1086 lilio
870 1025 1062 1104 Salomonis,
1098 1032 1129 1085 et

211 1117 315 1169 tamen
340 1111 413 1189 quia
435 1108 593 1169 voluntate
615 1107 672 1168 Dei
694 1109 800 1189 sine¹)
828 1109 993 1170 autoritate
1016 1109 1127 1169 factum

212 1199 268 1271 est,
291 1201 391 1252 ratum
415 1189 496 1271 apud
517 1190 615 1251 Deum
638 1191 704 1252 fuit.

295 1274 375 1334 Nam
398 1281 429 1335 et
449 1273 531 1354 apud
557 1274 723 1354 theologos
746 1292 854 1334 omnes
877 1274 1017 1336 voluntas
1039 1272 1129 1354 signi,

213 1376 305 1438 quem
326 1363 440 1418 vocant
452 1357 663 1436 operationem
677 1358 745 1435 Dei,
768 1375 831 1416 non
842 1358 940 1417 minus
963 1377 1054 1436 quam
1069 1357 1131 1417 alis

215 1441 305 1521 signa
328 1440 495 1501 voluntatis
517 1439 591 1520 Dei,
623 1445 657 1499 ut
680 1447 863 1520 praecepta,
896 1438 1050 1519 prohibita
1071 1446 1129 1502 etc.

216 1522 381 1583 metuenda
403 1530 459 1584 est.
501 1522 575 1582 ldeo
598 1541 661 1583 non
683 1521 790 1601 video,
819 1521 974 1601 quomodo
998 1523 1059 1582 sint
1080 1542 1130 1583 ex-

220 1607 317 1665 cusati
340 1625 359 1665 a
381 1606 553 1665 schismatis
575 1611 671 1681 reatu,
694 1607 746 1684 qui
759 1605 831 1665 huic
850 1605 1000 1666 voluntati
1013 1614 1131 1666 contra

217 1689 375 1749 venientes
399 1707 468 1748 sese
489 1706 509 1746 a
521 1688 652 1748 Romani
664 1687 819 1769 pontificis
841 1689 1003 1749 autoritate
1017 1688 1131 1767 subtra

216 1772 300 1831 bunt.
343 1770 442 1849 Ecce,
462 1771 541 1831 haec
552 1778 599 1831 est
621 1790 683 1831 una
704 1772 802 1852 prima
824 1772 896 1831 mihi
917 1771 1131 1852 insuperabilis

217 1855 305 1931 ratio,
328 1872 408 1932 qnae
430 1872 479 1913 me
500 1852 622 1914 subiicit
642 1852 948 1934 Romanopontifici,
971 1861 1002 1915 et
1024 1855 1132 1934 prima

222 1945 284 1996 tum
318 1938 383 1997 eius
405 1933 544 1997 confiteri
567 1937 661 2017 cogit.

304 2017 465 2094 Secunda,
499 2021 524 2080 si
545 2019 630 2080 iuxta
653 2026 849 2101 praeseptum
878 2019 988 2081 Christi
1023 2018 1133 2103 cedere

220 2101 396 2163 adversario
419 2100 567 2180 iubemur,
589 2110 620 2163 et
641 2103 869 2184 quiangarisrit
885 2122 943 2163 uus
965 2103 1048 2163 mille
1065 2122 1133 2185 pas-

218 2204 286 2261 sus,
320 2184 453 2246 eundum
477 2193 524 2245 est
554 2204 621 2245 cum
644 2204 683 2246 eo
706 2196 737 2246 et
757 2186 824 2248 aliis
846 2185 965 2249 duobus
988 2185 1135 2246 millibus:

218 2275 334 2348 quanto
358 2270 471 2348 magis,
495 2270 519 2328 si
542 2269 700 2328 Romanus
717 2269 857 2348 pontifex
868 2269 1005 2351 exegerit
1026 2271 1056 2328 in
1080 2288 1135 2328 sno
1199 2261 1209 2274 ⁸

218 2353 393 2432 principatu
408 2348 587 2428 cedendum,
611 2353 676 2411 sive
689 2350 720 2410 id
731 2352 810 2412 iuste
824 2354 890 2412 sive
909 2353 1019 2412 iniuste
1032 2354 1136 2432 egerit.

218 2433 297 2494 Nam
315 2432 595 2514 incomparabiliter
613 2435 712 2495 minor
723 2453 772 2495 res
790 2441 846 2514 est,
868 2437 1055 2515 principatus
1067 2436 1134 2510 istc,

219 2536 311 2598 quam
337 2525 370 2576 ut
392 2518 490 2576 unitas
523 2525 554 2576 et
575 2518 686 2577 caritas
709 2525 740 2578 et
768 2518 921 2578 humilitus
946 2524 1072 2598 propter
1093 2519 1136 2597 ip·

221 2620 288 2661 sam
312 2619 368 2680 per
390 2619 446 2660 nos
469 2599 663 2660 dissolvatur.
705 2599 779 2661 ldeo
796 2619 858 2662 non
878 2601 984 2661 dubito
1009 2619 1136 2685 peccare

220 2702 286 2761 eos,
301 2683 392 2762 quiin
405 2681 627 2743 dissensionem
641 2702 710 2743 sese
724 2683 855 2762 tradunt,
869 2696 899 2744 et
908 2685 1031 2764 spiritus
1042 2692 1138 2744 aeter·

220 2785 293 2826 nam
317 2767 465 2825 unitatem
488 2775 612 2845 propter
633 2765 715 2825 banc
737 2768 957 2847 temporalem,
987 2775 1137 2827 terrenam

220 2848 438 2909 excellentiam
460 2848 634 2929 fugiendam
657 2848 838 2910 dissolvunt.
881 2849 1021 2910 Ferenda
1055 2850 1136 2910 enim

223 2941 295 2991 sunt
317 2932 430 3010 omnia,
453 2950 532 3010 quae
553 2938 683 3011 peccata
703 2951 764 2992 non
788 2938 867 2995 sunt.

303 3013 422 3091 Tertia,
465 3012 548 3093 quod
579 3015 605 3074 si
632 3020 759 3095 propter
791 3023 920 3095 peccata
953 3023 1059 3077 nostra
1079 3035 1137 3077 nos

221 3098 304 3158 Deus
327 3097 458 3158 voluerit
479 3116 619 3179 premere
643 3099 743 3158 multis
766 3097 975 3179 Principibus,
1007 3101 1085 3159 sieut
1108 3099 1137 3159 in

221 3179 396 3242 Proverbiis
417 3179 491 3241 dicit
514 3180 677 3241 Salomon:
701 3181 855 3261 Numquid
867 3181 1069 3243 resistendum
1093 3188 1140 3243 est

223 3262 348 3345 flagello
370 3262 448 3323 Dei?
468 3262 595 3344 Propter
616 3272 746 3344 peccata
771 3265 902 3344 (inquit)
925 3265 1031 3344 populi
1054 3263 1138 3327 multi

224 3346 378 3426 principes
402 3347 476 3406 eius.
519 3346 669 3424 Proinde,
702 3347 826 3427 quando
848 3355 985 3408 nostrum
1008 3367 1069 3408 non
1093 3356 1140 3407 est

225 3426 369 3505 delinire,
401 3430 518 3489 iratsne
546 3449 584 3488 sn
609 3430 742 3510 propitia
765 3430 924 3492 voluntate
945 3430 1027 3490 Deus
1050 3429 1139 3491 nobis

225 3529 426 3592 quoscunque
447 3512 600 3592 principes
623 3512 751 3593 dederit,
773 3513 834 3573 boc
846 3521 983 3573 nostrum
1007 3521 1064 3589 est,
1087 3531 1140 3572 vo·

224 3594 372 3656 luntatem
412 3595 477 3655 eius
515 3597 566 3674 pio
607 3596 798 3676 simplicique
832 3598 941 3656 timore
975 3595 1140 3674 suscipere.

226 3677 432 3756 Quomodo,
467 3678 605 3738 etiamsi
645 3679 701 3739 sub
724 3679 823 3739 Turca
861 3697 917 3739 nos
946 3697 1014 3738 esse
1037 3678 1140 3755 vellet,

226 3760 382 3837 ancae2)
404 3761 534 3821 subesse
557 3760 691 3824 libenter
714 3762 912 3827 deberemus.

217 3843 661 3939 “chissffibeT-P)
684 3867 717 3922 ln
740 3867 786 3924 ed.
807 3871 924 3941 priore:
947 3865 1059 3919 'luam
