2709 4417
449 336 520 419 11111.
538 335 574 393 de
592 340 730 407 potestate
753 337 851 406 Papae.
1034 329 1098 399 ¹299

185 523 238 583 erit
261 520 385 600 odioso,
407 522 459 619 qui
480 540 601 601 sperem
614 539 724 582 omnes
746 539 803 582 nos
826 519 949 581 tsndem
971 528 1099 599 pacatos

185 606 210 665 in
232 624 332 689 regno
351 604 462 666 Christi
482 604 617 665 victuros
639 605 671 664 in
688 610 855 664 aeternum.
878 602 1011 664 Causam
1025 620 1099 663 vero

185 687 357 768 Scriptum
369 690 495 748 sanctae
517 688 542 746 si
555 680 756 747 cohcitatiore
768 686 836 747 zelo
854 706 958 766 egero,
977 687 1098 745 reniam

185 770 272 848 mihi,
297 789 407 851 spero,
439 771 550 831 iustam
570 789 632 829 non
656 771 779 850 negari,
812 768 894 847 quod
917 787 978 828 non
1002 769 1100 848 possit

185 872 249 913 esse
272 873 330 933 par
350 852 440 913 uilius
458 853 554 913 laesio
579 869 634 912 seu
655 853 781 929 iniuria,
805 871 873 911 cum
894 851 1005 913 iniuria
1026 850 1099 911 divi-

185 955 239 996 nae
261 935 438 1017 Scripturas
459 935 581 997 coliata.
624 934 683 994 Hic
704 937 785 995 enim
816 936 880 994 vita
908 942 1013 995 nostro
1040 933 1100 995 luc

185 1018 262 1079 ditur
291 1022 433 1096 aeterne,
467 1018 531 1078 illic
568 1017 720 1098 putridum
753 1037 867 1078 nomen
896 1015 1100 1096 corruptibilis

185 1103 326 1162 nominis.
368 1101 519 1161 Dominus
549 1110 652 1161 cutem
675 1101 743 1181 ipse
763 1101 853 1161 iesus
875 1107 964 1180 regat
986 1106 1017 1159 et
1038 1118 1098 1159 ser-

185 1192 230 1244 ret
252 1204 312 1245 nos
336 1203 455 1261 omnes,
477 1183 691 1264 custodiatque
711 1183 805 1245 corda
827 1190 858 1244 et
879 1182 1100 1262 intelligentias

185 1272 315 1329 nostras.
340 1268 450 1333 Amen.

453 1349 544 1427 Vale,
568 1350 686 1430 optime
708 1349 828 1411 Lector.

407 1485 510 1551 Gloria
554 1487 587 1545 in
626 1486 756 1546 excelsis
793 1485 869 1546 lico.

430 1600 654 1681 Propositio
677 1601 853 1662 Eccinno.

267 1718 442 1781 Romanam
458 1718 621 1781 ecclesiam
637 1737 699 1778 non
722 1718 815 1778 fuisse
831 1719 1019 1797 superiorem
1034 1716 1101 1776 aliis

185 1801 323 1861 ecclesiis
337 1808 410 1862 ante
422 1809 563 1881 tempora
575 1801 725 1876 silvestri,
746 1819 902 1882 negamus.
946 1798 1007 1861 Sed
1021 1818 1101 1875 eum,

185 1884 230 1961 qui
254 1883 365 1945 sedem
386 1884 554 1944 beatissimi
569 1883 649 1944 Petri
660 1883 767 1943 hahuit
779 1892 810 1943 et
821 1883 923 1960 tidem,
944 1900 1100 1942 successo·

185 1985 243 2025 rem
268 1965 350 2026 Petri
382 1975 413 2027 et
441 1968 586 2027 vicarium
622 1967 733 2028 Christi
770 1965 946 2047 generalem
983 1982 1103 2043 semper

185 2066 377 2127 agnovimus.

442 2165 616 2245 Propositio
638 2166 832 2228 Lutheriana.

262 2247 436 2308 Romanam
468 2247 629 2308 ecclesiam
666 2249 733 2309 aliis
756 2248 895 2309 ecclesiis
927 2248 1021 2309 fuisse
1053 2269 1099 2308 su-

185 2331 348 2407 perierem,
371 2330 519 2409 probatur
541 2350 580 2390 ex
602 2330 805 2413 frigidissimis
826 2332 964 2392 Decretis
989 2332 1099 2391 Rorna-

185 2431 288 2472 norum
312 2411 507 2491 pontificum,
530 2420 638 2474 contra
658 2433 737 2494 quae
760 2421 830 2475 sunt
851 2421 952 2474 textus
977 2414 1100 2474 divinae

185 2494 355 2575 scripturae
367 2495 513 2556 historiae
523 2498 713 2576 approbatae
725 2497 808 2557 mille
815 2504 997 2576 centumque
1005 2515 1099 2558 anno·

185 2597 256 2655 rum,
270 2582 303 2637 et
315 2577 470 2638 decretum
487 2579 609 2638 concilii
617 2574 730 2640 'Niceni
744 2582 878 2641 omnium
893 2579 1101 2640 sacratissimi.

263 2660 395 2719 Primum
419 2661 521 2738 vides,
542 2662 655 2740 lector,
678 2663 717 2722 de
739 2682 772 2723 re
793 2664 862 2742 ipsa
883 2681 940 2722 nos
962 2681 1024 2723 non
1048 2661 1099 2721 ad·

185 2743 306 2803 modum
319 2742 489 2819 dissentire,
514 2744 567 2804 sed
585 2744 735 2805 decausis
759 2753 791 2805 et
803 2747 922 2826 origine
943 2746 996 2805 rei.
1020 2744 1097 2804 Nam

185 2844 238 2885 nec
271 2844 331 2906 ego
367 2845 447 2907 nego
471 2826 643 2889 Romanum
677 2828 854 2908 pontificem
876 2848 960 2906 esse,
991 2828 1096 2906 fuisse,

185 2907 245 2968 t’ore
267 2908 414 2988 primum,
437 2927 494 2969 nec
516 2906 555 2969 de
576 2910 637 2971 hoc
657 2910 796 2991 disputo,
819 2929 877 2972 nec
898 2911 958 2972 hcc
980 2911 1097 2990 quaeri-

185 2999 241 3050 tur:
265 2990 372 3051 sedan
387 2991 585 3070 probationes
608 2993 741 3069 valeant,
764 2993 872 3073 quihus
895 2993 925 3053 id
938 2993 1094 3054 asseritur.

185 3073 251 3132 111111
273 3092 365 3148 sane,
390 3073 472 3152 quod
493 3075 604 3150 fateor,
626 3078 763 3137 maxime
787 3078 921 3137 omnium
946 3075 1095 3155 displicet,

185 3155 263 3234 ruod
284 3157 315 3215 in
340 3154 472 3217 ecclesia
493 3157 608 3237 aliquid
627 3166 777 3221 assertum
799 3158 899 3221 studio
912 3158 1097 3219 adulationis

185 3237 228 3298 rel
250 3237 422 3298 mendaciis
444 3239 603 3318 probatur,
638 3242 747 3321 quibus
770 3242 931 3303 ecclesiam
954 3248 985 3301 et
1007 3239 1098 3301 fidem

185 3327 319 3381 nostram
343 3319 524 3382 adversariis
547 3321 676 3385 ludibrio
700 3344 901 3405 exponamus.
943 3324 1014 3385 Non
1029 3328 1100 3404 eget

185 3402 314 3469 ecciesia
326 3402 438 3465 Christi
452 3405 564 3465 nostris
588 3404 770 3483 mendaciis,
794 3427 885 3488 super
896 3406 967 3469 fidei
982 3412 1098 3487 petram

185 3485 348 3562 stabilitur,
382 3505 444 3546 non
483 3485 627 3548 abhorret
656 3488 766 3551 discuti
801 3498 832 3551 et
862 3490 981 3569 inquiri.
1024 3487 1099 3549 iude

185 3569 296 3629 iactum
331 3573 392 3643 est,
428 3575 461 3628 ut
481 3568 690 3633 Romanorum
722 3572 899 3652 pontificum
923 3571 1099 3633 adulatores

185 3654 211 3711 in
234 3650 298 3711 hoc
320 3652 452 3730 primatu
464 3653 525 3711 ium
541 3652 591 3711 diu
606 3656 812 3733 suspicionem
826 3653 995 3735 tyrannidis
1017 3654 1101 3734 passi

185 3734 258 3809 siut,
293 3732 364 3792 dum
395 3734 478 3794 velut
506 3734 606 3796 malac
636 3736 709 3800 fidei
730 3756 927 3820 possessores
948 3755 1014 3798 non
1035 3755 1101 3817 per-

185 3815 325 3874 riserunt
337 3814 430 3874 huius
451 3817 498 3883 rei
513 3821 680 3884 veritatem
702 3823 805 3888 iibere
825 3823 987 3906 insumens
1005 3825 1043 3882 st
1059 3817 1120 3880 dm-
