2709 4417
267 353 330 420 364
515 352 609 434 Batoi.
632 313 982 421 bsupchropositious

268 542 299 601 in
323 539 397 600 urbe
417 539 664 618 inquinatissima
687 544 726 598 et
739 538 990 617 corruptissima,
1025 541 1057 594 ct
1077 537 1174 614 agenti-

268 623 325 684 bus
345 622 535 702 impiissimis
558 621 782 700 adulatoribus,
819 620 859 679 de
886 620 965 698 ipsis
995 617 1073 676 nibil
1100 618 1175 678 liceat

269 705 318 765 vel
341 706 458 781 mutire,
481 706 540 765 uisi
562 704 645 782 quod
661 711 804 784 portenta
824 705 886 762 ista
899 701 1017 776 laudet,
1038 699 1175 775 iustilicct,

267 786 429 867 glorificet.
469 786 548 862 Quid
571 788 690 860 mirum,
712 789 737 846 si
760 786 816 846 sub
837 784 1011 845 venerabili
1032 783 1175 844 Romanas

270 869 421 930 ecelesiae
443 872 568 930 nomine
598 876 646 930 tot
666 869 747 929 maia
768 868 988 928 inundaverint
1013 867 1046 925 in
1069 885 1174 927 omnen

270 952 432 1012 ecelesiam
455 953 548 1033 pleno
570 954 698 1033 impetu,
721 951 951 1032 etpraecipiti,
984 947 1074 1030 coil)
1099 969 1174 1010 nemo

269 1035 412 1095 resistere
434 1037 540 1113 possit,
562 1036 691 1116 gurgite.

352 1117 492 1195 Denique
527 1136 564 1178 eo
598 1118 725 1178 devenit
757 1116 860 1197 legum
888 1117 1101 1180 Romanarum
1127 1123 1173 1174 stu·

270 1199 352 1259 dium
381 1205 412 1258 et
433 1200 594 1279 Evangelii
616 1200 792 1281 neglectus,
824 1205 858 1258 ut
879 1217 1012 1258 necesse
1031 1195 1173 1257 habuerint

270 1289 404 1342 statuere
437 1284 467 1341 in
504 1283 636 1343 concilio
667 1282 854 1360 novissimo,
887 1281 1027 1341 animam
1059 1280 1170 1339 hominis

270 1383 340 1425 esse
361 1364 573 1426 immortalem.
619 1363 716 1440 Quid,
747 1369 853 1444 putas,
883 1364 947 1425 hoc
968 1363 1121 1423 decretum
1138 1364 1170 1422 in-

270 1446 373 1506 dicat?

352 1529 469 1607 ltaque,
498 1530 708 1608 unusquisque
729 1532 760 1590 iu
792 1549 848 1590 suo
873 1527 1012 1601 -ssusu²)
1046 1526 1169 1602 abundet,

271 1612 344 1672 mihi
366 1612 567 1672 Decretorum
589 1619 712 1672 autores
735 1620 821 1688 suut,
855 1612 1026 1691 Gregorius
1040 1610 1102 1692 ix,
1125 1610 1169 1670 Ro

270 1695 399 1754 nifaeius
421 1695 499 1769 Vill,
523 1695 709 1756 ClemensV
744 1702 775 1755 et
796 1694 1070 1773 Extravagantium
1091 1694 1170 1771 ponti·

270 1775 354 1837 lices.
397 1776 487 1852 Quod
509 1778 557 1838 his
584 1777 755 1857 agentibus,
783 1778 813 1838 in
836 1776 993 1855 publicum
1027 1793 1128 1854 sparsa
1147 1783 1170 1835 ct

271 1866 437 1940 praecepta
459 1866 546 1936 suut,
574 1867 606 1920 et
627 1861 731 1920 omnia
754 1859 897 1920 stabilita.
941 1857 1030 1932 Quae
1051 1859 1074 1915 si
1094 1859 1171 1917 iustu

270 1943 468 2022 epistolarum
492 1943 649 2022 Gregorii,
676 1942 857 2022 Augustini,
879 1941 1075 2019 Hieronymi,
1097 1940 1170 1999 Bern-

269 2024 366 2101 hardi,
391 2031 422 2085 et
444 2025 583 2103 aliorum,
605 2026 655 2084 vel
676 2027 708 2085 iu
727 2024 935 2102 bibliothecis,
959 2022 1010 2082 vel
1032 2023 1171 2101 arcis,pro

269 2108 416 2186 cuiusque
438 2107 561 2168 arbitrio
585 2107 792 2180 consulenda,
827 2108 903 2167 citra
925 2105 1021 2165 ullum
1044 2123 1172 2184 praecep·

271 2196 333 2249 tum
367 2191 474 2250 relicta
495 2190 636 2266 luissent,
668 2190 786 2250 felicior
813 2196 895 2249 esset
916 2189 1061 2249 ecclesis.
1101 2187 1173 2247 liuns

271 2290 364 2344 vero,
394 2271 518 2350 quaudo
541 2273 667 2332 summis
690 2273 825 2333 articulis
847 2271 919 2332 fidei
941 2277 1123 2349 aequantur,
1143 2269 1172 2328 ab

181 2378 184 2382 ·
271 2353 481 2414 adulatoribus
503 2363 605 2415 autem
628 2362 659 2415 et
675 2356 895 2435 praeferuntur,
917 2354 1049 2414 fructum
1070 2352 1173 2412 illarum
1215 2410 1216 2427 ,

270 2435 433 2513 habemus,
456 2436 571 2497 ordinis
596 2438 797 2498 ecclesiastici
815 2438 1051 2511 confusionem,
1074 2436 1174 2494 consei-
1214 2430 1216 2503 l

271 2519 418 2578 entiarum
443 2519 611 2581 horrendas
634 2520 842 2599 carnificinas,
863 2519 1026 2599 Evangelii
1048 2519 1175 2597 ignorari·
1215 2521 1216 2525 ’

272 2601 362 2675 tiam,
392 2601 541 2661 scelerum
563 2603 828 2683 impunitissimam
849 2603 1026 2681 licentium,
1053 2600 1176 2660 adulato-

205 2701 206 2704 ’
271 2701 336 2742 rum
351 2683 590 2743 Romanensium
615 2685 840 2746 odiosissimum
864 2684 1069 2766 tyrannidem,
1091 2683 1177 2743 donec

271 2764 302 2825 id
325 2767 507 2842 meruerint,
536 2774 569 2825 ut
597 2768 652 2828 sub
682 2776 769 2828 vasto
799 2770 888 2829 coelo
917 2786 981 2828 non
1011 2769 1052 2827 sit
1077 2785 1177 2826 nomeu

272 2847 409 2908 odiosius
439 2856 470 2908 et
490 2850 720 2928 graveolentius
748 2852 873 2911 nomine
894 2851 1057 2910 Romanae
1078 2849 1176 2907 curiae.

354 2930 403 2989 Ex
424 2932 470 2990 his
494 2931 586 2992 oredo
599 2933 739 3012 intelligi,
762 2953 811 2992 me
830 2952 892 2992 uon
914 2933 1010 2992 fuisse
1032 2939 1093 2990 tam
1111 2949 1178 2990 cras·

273 3031 327 3072 sae
343 3014 552 3093 ignorantiae,
586 3023 619 3074 ut
646 3017 794 3074 nescirem
825 3015 918 3094 louge
947 3021 1020 3073 ante
1051 3012 1178 3091 quadrin-

272 3104 383 3177 gentos
405 3115 504 3157 annos
517 3097 650 3158 Decreta
671 3098 803 3158 Romani
824 3096 978 3177 pontilicis
1000 3103 1084 3155 nata.
1105 3096 1177 3156 Alio-

273 3180 345 3256 quin
368 3178 525 3256 quomodo
547 3188 648 3241 certos
671 3179 910 3259 quadringentos
934 3197 1053 3256 anuos,
1076 3184 1108 3238 et
1127 3198 1179 3238 non

272 3262 340 3341 plus
372 3263 545 3322 autminus
567 3265 735 3343 potuissem
757 3261 906 3322 recitare?
937 3260 1095 3340 quomodo
1116 3260 1179 3319 iudi·

273 3361 353 3420 oare,
387 3343 468 3422 quod
492 3353 597 3406 essent
618 3345 832 3426 frigidissima?
861 3342 1018 3423 quomodo
1048 3343 1179 3402 historias

272 3427 429 3506 allegare?
466 3429 622 3506 quomodo
652 3437 768 3489 textum
797 3428 971 3508 Scripturas
1005 3427 1180 3486 eontrarium

273 3510 432 3570 asserere?
460 3513 519 3571 nisi
546 3506 779 3591 diligentissime
806 3512 910 3571 omnia
937 3508 1137 3589 pervidissem
1157 3515 1181 3568 si

273 3592 492 3653 contulissem?
534 3594 582 3652 Ex
611 3595 657 3654 his
687 3594 804 3653 indiciis
838 3593 921 3652 volui
950 3598 1062 3651 nasuto
1085 3593 1182 3652 lectori

272 3675 477 3753 satisfactum,
516 3684 549 3736 ut
582 3696 630 3736 me
665 3696 727 3735 nou
755 3676 821 3735 siue
852 3693 946 3734 causa
977 3675 1023 3733 sie
1050 3676 1183 3753 posuisse

310 3800 435 3809 ——--.

341 3854 371 3925 l)
392 3854 428 3910 In
449 3853 520 3910 edit.
539 3852 655 3924 priore:
674 3850 705 3898 et
722 3843 782 3896 eui.
812 3839 850 3901 Ἃ
862 3836 994 3888 iuxusmz
1007 3837 1045 3882 'in
1061 3845 1217 3885 seucum.
