2709 4417
257 353 278 420 2
645 357 789 410 Praelatio.

257 538 305 598 his
327 538 447 600 duobus
471 538 527 616 (51.
549 537 637 601 Luth.
651 538 730 619 Epp.
754 538 802 601 ed.
826 537 982 600 deWette
1002 538 1015 598 1
1038 558 1067 618 p.
1082 534 1176 619 171).

257 621 369 683 Ε55155
391 621 524 701 Lipsiam
552 623 646 702 elegit
675 623 906 702 disceptationis
933 622 1035 682 locum
1059 630 1091 681 et
1112 624 1174 680 iam

258 725 363 764 mense
388 704 548 765 Decembri
571 705 738 785 Georgium
763 707 917 766 Saxoniae
939 705 1054 764 Ducem
1080 713 1175 781 atque

256 787 471 848 Universitatis
514 788 681 867 Lipsiensis
723 788 937 866 facultatisque
975 787 1175 866 theologicae

257 870 415 930 consilium
439 871 579 949 precibus
603 872 847 950 quammaximis
872 872 955 946 adiit,
985 880 1017 929 ut
1038 870 1173 948 disputa-

257 954 371 1012 tionem
401 952 598 1023 admitterent
631 952 687 1034 (cf.
718 953 757 1013 de
785 953 992 1032 disputatione
1021 953 1174 1031 Lipsiensi

258 1043 289 1095 et
311 1035 349 1094 de
371 1036 417 1094 his
440 1037 523 1094 Eccii
557 1037 698 1115 precibus
721 1036 871 1097 Seckend.
894 1037 970 1095 Hist.
993 1036 1080 1096 Luth.
1103 1035 1136 1094 L.
1162 1035 1175 1094 l

257 1118 337 1180 Sect.
360 1121 409 1181 25.
436 1125 462 1193 §.
476 1120 526 1183 54.
547 1139 577 1198 p.
592 1123 650 1197 72,
677 1119 841 1195 Loepcheri
863 1119 996 1180 Reform.
1019 1119 1100 1177 Acta
1124 1117 1174 1194 111,

257 1203 316 1263 292
330 1219 396 1278 sqq.
419 1208 450 1260 et
461 1199 657 1261 Seidemanni
681 1201 789 1261 librum
816 1220 935 1262 summo
963 1200 1078 1280 ingenii
1101 1220 1173 1259 acu-

257 1285 338 1342 mine
366 1290 397 1343 et
426 1284 501 1343 mira
523 1283 682 1363 diligentia
704 1287 922 1365 compositum:
946 1284 1175 1362 DicL'cipziger

256 1364 451 1444 Disputation
472 1367 491 1426 i.
514 1367 541 1426 J.
560 1370 646 1431 1519.
668 1367 807 1430 Dresden
829 1367 891 1428 und
912 1367 1036 1445 Leipzig
1060 1367 1172 1440 1843).

258 1449 348 1508 Anno
373 1449 452 1512 1518
480 1456 612 1509 exeunte
643 1448 688 1522 (d.
711 1452 760 1513 29.
785 1472 823 1512 m.
846 1451 937 1527 Dec.)
978 1449 1089 1508 Eccius
1113 1469 1174 1525 „ex

258 1533 397 1611 Augusta
417 1532 602 1608 1111551155,ιι
625 1541 788 1611 antequam
814 1533 887 1592 inde
909 1534 939 1591 in
962 1533 1098 1610 patriam
1116 1533 1176 1590 iter

256 1615 385 1692 faceret,
416 1613 526 1674 litteris
557 1614 595 1674 de
616 1614 675 1673 hac
695 1635 729 1675 re
751 1617 910 1677 certiorem
933 1615 1006 1674 lecit
1038 1615 1075 1674 D.
1098 1614 1172 1672 Mat

257 1696 379 1756 thaeum
414 1697 578 1776 Langium,
613 1697 702 1756 Rom.
732 1698 882 1758 ecclesiae
921 1696 1108 1761 cardinalem
1143 1707 1173 1756 et

257 1779 467 1855 coadiutorem
503 1779 683 1859 Salisburgi,
723 1782 822 1860 iisque
854 1781 993 1840 adiunxit
1026 1778 1169 1840 schedam

257 1852 500 1943 disputatoriam,
523 1881 601 1941 quae
624 1865 853 1941 propositiones
876 1862 1068 1942 continebat,
1096 1881 1169 1940 quus

256 1947 323 2024 ipse
356 1947 387 2005 in
420 1945 522 2007 studio
551 1941 700 2025 Lipsieusi
731 1946 938 2026 disputaturus
970 1952 1036 2005 erat
1064 1952 1169 2005 contra

257 2028 293 2107 D.
316 2026 504 2088 Bodenstein
527 2026 762 2108 Carlestadium,
783 2029 1041 2091 Archidiaconum
1066 2026 1168 2087 docto-

256 2108 382 2195 remque
392 2110 710 2191 Vuittenbergensem,
732 2132 760 2174 a.
775 2112 867 2187 xlx„
889 2120 919 2172 et
931 2118 1038 2171 contra
1058 2130 1166 2170 novam

258 2195 426 2254 doctrinam
457 2192 634 2253 defensurus
668 2194 724 2269 151.
753 2194 878 2255 librum:
912 2195 1087 2273 Disputatio
1135 2192 1167 2254 D.

256 2276 407 2337 lobannis
429 2274 513 2335 Eccii
532 2281 563 2336 et
590 2276 622 2338 P.
644 2277 767 2337 Martini
788 2277 900 2337 Luther
921 2278 951 2335 in
975 2275 1082 2335 Studio
1106 2275 1167 2355 Lip-

255 2360 337 2419 sensi
359 2361 466 2437 futura,
490 2365 520 2419 et
542 2358 661 2441 collect.
690 2361 891 2421 Basiliensem
913 2359 1169 2419 Lucubraticnum

255 2442 291 2503 D.
313 2442 353 2501 nt:
374 2441 506 2528 thheri,
543 2443 683 2502 Basileus
705 2463 754 2522 ap.
777 2443 836 2505 Ad.
859 2443 946 2502 Petri.
971 2445 1052 2506 1520
1075 2460 1169 2503 meus,

255 2525 336 2585 Julio
361 2525 457 2603 5288
481 2543 557 2603 sqq,
580 2525 630 2584 nbi
651 2524 702 2585 hic
722 2526 809 2586 istius
831 2525 925 2587 libelli
948 2524 1052 2584 titulus
1073 2522 1170 2583 reddi·

225 2615 319 2676 ,tur:
349 2607 388 2665 ln
420 2607 547 2666 studio
572 2607 757 2686 Lipsensi
790 2607 1007 2687 disputabit
1027 2606 1170 2665 Eccius

257 2690 558 2770 propositiones
577 2691 677 2749 inlra
698 2699 859 2751 notatas
883 2697 1025 2751 contra
1048 2689 1085 2752 D.
1109 2688 1171 2748 Bo-

257 2773 451 2851 denstcyn
490 2771 799 2852 Oarlestadium,
835 2770 1171 2833 Archidiaconum

257 2862 295 2914 et
330 2853 535 2915 doctorem
558 2855 972 2935 Vuittenbergensem,
1002 2875 1051 2913 55.
1083 2853 1172 2928 xlx„

257 2944 288 2998 et
302 2937 506 3017 positionibus
520 2937 594 3018 ipsis
608 2938 745 3017 praefixa
755 2938 899 3020 leguntur
909 2938 986 2998 haec
998 2936 1133 2997 verba:P
1142 2955 1172 2996 o-

258 3022 428 3081 sitiones
468 3041 562 3100 quas
586 3021 727 3081 Dacius
763 3020 948 3082 desendet
976 3021 1013 3080 in
1037 3019 1172 3079 studio

257 3102 440 3185 Lipsensi
475 3111 613 3164 contra
641 3124 776 3164 novam
810 3104 1059 3174 doctrinam.)
1113 3101 1172 3160 Nu-

259 3192 358 3246 merus
381 3186 521 3262 thesium,
556 3205 631 3265 quas
653 3194 716 3246 tum
747 3188 857 3247 Eccius
885 3187 1068 3266 proposuit,
1108 3191 1174 3244 erat

257 3264 429 3347 duodecim,
452 3270 583 3348 septima
600 3271 691 3345 enim,
714 3273 843 3348 quaein
867 3269 1012 3329 tredecim
1027 3267 1172 3342 thesibus,

257 3372 336 3432 quae
367 3360 477 3431 postea
499 3353 675 3431 propositae
706 3363 790 3430 suut,
814 3354 923 3433 legitur
945 3360 976 3411 et
998 3370 1078 3430 quae
1100 3351 1172 3409 iuci-

257 3439 317 3515 pit:
341 3435 471 3512 Errat,
499 3437 563 3513 qui
586 3436 750 3495 liberum
774 3437 978 3496 arbitrium
1001 3434 1172 3493 hominis

166 3570 168 3575 .
207 3522 214 3535 ⁸
258 3519 452 3579 dominum
475 3526 626 3578 actuum
650 3519 821 3579 hominis
838 3527 908 3593 etc,
930 3520 1040 3598 postea
1059 3516 1172 3576 estad·

160 3602 167 3624 ·’
258 3602 338 3678 dita3
368 3620 459 3679 quam
482 3600 521 3661 ob
542 3621 606 3661 rem
628 3601 739 3660 Dacius
760 3604 827 3681 ipse
849 3601 879 3662 d.
904 3603 943 3663 14
964 3621 1004 3660 m.
1023 3600 1124 3658 Martii
1146 3619 1172 3658 a.

254 3683 519 3747 1519151155115
541 3703 613 3745 suo:
636 3684 810 3764 Disputatio
833 3692 865 3744 51
876 3684 1043 3742 1155555115
1067 3682 1171 3741 adver·

231 3783 291 3826 sus
324 3770 568 3832 criminationes
608 3769 642 3832 F.
673 3765 1046 3842 5155115155555555
1064 3763 1176 3819 55555·

213 3845 394 3924 „Securum
430 3855 472 3916 ad
498 3855 650 3924 radicem
676 3854 775 3939 posui
793 3844 1036 3934 propositiones
1054 3861 1119 3899 m
1136 3858 1176 3896 55·
