2709 4417
446 343 515 398 xm.
535 343 569 398 ds
586 348 727 413 potestate
744 345 844 412 Papae.
1053 339 1116 405 369

199 525 351 586 ecclesiae
386 546 459 588 cura
488 529 668 608 pertineret,
709 538 740 590 et
772 529 968 589 schismatum
999 530 1117 588 semina

199 609 390 672 tollerentur.
433 612 522 672 Putat
549 611 673 690 aliquis.
707 612 1030 691 conscripturarum,
1063 610 1117 670 ssd

199 699 337 752 nostram
361 713 432 754 esse
460 696 657 774 sententiam,
691 697 869 776 episcopum
898 701 930 754 et
961 693 1117 774 presbyte-

199 795 261 834 rum
287 796 383 835 unum
401 795 485 853 esse,
508 783 539 836 et
559 777 642 838 aliud
664 780 792 855 aetatis,
815 786 846 836 et
867 776 950 836 aliud
972 796 1040 836 esse
1064 796 1117 836 no·

199 877 267 917 men
305 857 420 936 officii,
456 859 574 939 relegat
604 862 746 942 Apostoli
781 859 821 920 ad
855 860 1066 939 Philippenses
1080 859 1114 934 *J

199 940 308 1019 uerba,
332 949 364 1003 st
386 949 503 1019 cetera,
536 961 618 1021 quoe
646 964 738 1025 supra
767 945 797 1003 in
820 942 949 1023 epistola
979 941 1017 1001 ad
1038 941 1116 1001 Eva-

199 1025 296 1103 grium
322 1024 451 1086 induxit.
493 1025 533 1084 Et
560 1027 590 1084 in
622 1025 698 1087 fine:
732 1027 818 1088 Sicut
844 1045 918 1106 ergo
948 1023 1118 1104 presbyteri
1188 1086 1192 1094 ,

199 1108 301 1166 sciunt
338 1126 372 1167 se
394 1128 433 1168 ex
457 1107 606 1169 ecclesiae
640 1108 862 1171 consuetudine
894 1109 943 1184 ei,
978 1109 1028 1186 qui
1061 1108 1118 1166 sibi

199 1192 394 1268 praepositus
416 1192 520 1268 fuerit,
536 1186 619 1252 'esse
641 1193 812 1270 subiectos,
839 1195 881 1251 ita
904 1191 1042 1270 episcopi
1064 1210 1116 1249 uo-

199 1274 299 1331 verint
323 1292 356 1332 se
379 1275 475 1352 magis
498 1276 738 1352 consuetudine,
767 1294 857 1353 quam
880 1273 1118 1352 dispensationis

199 1355 326 1415 divinae
359 1358 486 1416 veritate
518 1358 706 1439 presbyteris
739 1377 809 1418 esse
844 1358 992 1434 maiores,
1028 1364 1059 1415 et
1086 1358 1116 1414 in

199 1439 357 1499 communi
378 1437 491 1499 debere
513 1440 673 1501 ecclesiam
698 1459 815 1520 regere.

283 1520 362 1580 Vide
384 1521 510 1602 ergoll,
532 1542 570 1582 an
584 1525 753 1604 propositio
775 1543 844 1583 mea
866 1523 946 1581 male
967 1520 1015 1580 vel
1039 1521 1117 1580 bene

199 1603 327 1680 dixerit,
358 1624 426 1664 esse
455 1616 562 1665 contra
595 1607 816 1687 Scripturaruur
839 1612 972 1682 textum,
1006 1604 1117 1663 Roma·

199 1706 269 1746 nam
302 1687 464 1746 ecclesiam
496 1707 565 1748 esse
594 1689 662 1749 aliis
691 1690 895 1769 superiorem,
929 1706 996 1747 cum
1026 1687 1115 1745 etism

199 1771 238 1828 sit
269 1779 379 1829 contra
407 1771 474 1848 ipsa
494 1771 634 1831 Decreta.
678 1771 755 1832 Nam
786 1780 816 1831 et
848 1771 925 1830 haec
954 1771 987 1829 B.
1010 1768 1116 1828 Hiero-

198 1852 283 1932 nymi
304 1853 398 1913 verba
418 1853 585 1915 recitantur
607 1854 708 1915 distin.
731 1859 770 1918 95
792 1873 819 1915 c.
842 1853 932 1913 Olim.
970 1855 1069 1930 Atque
1091 1852 1117 1910 si

200 1955 262 1995 non
285 1934 380 2017 tibi2)
404 1930 661 2016 approbarentur,
691 1944 792 1997 tannen
820 1937 891 2015 quia
913 1935 1020 1996 solidis
1043 1953 1116 2014 pug-

199 2026 273 2077 nant
310 2016 433 2077 divinae
463 2018 702 2100 Scripturas**)
739 2021 847 2096 armis,
881 2019 1001 2078 etiamsi
1035 2024 1116 2077 totus

199 2099 330 2160 mundus
359 2110 390 2161 et
420 2101 549 2180 angelus
578 2102 617 2163 de
640 2103 729 2163 coelo
751 2102 1008 2176 contradixerint,
1043 2099 1116 2158 nibil

199 2183 342 2244 dixerint.
372 2183 473 2263 Atque
495 2185 537 2244 ita
559 2176 725 2265 satis'puto
748 2193 779 2245 st
798 2184 957 2265 probatam
981 2190 1116 2243 nostram

199 2267 454 2345 propositionem,
477 2276 508 2326 et
528 2267 678 2329 dissoluta
703 2270 806 2329 omnia
827 2276 1015 2348 argumenta,
1039 2284 1117 2343 quae

199 2348 246 2408 vel
277 2349 352 2430 fingi
375 2351 527 2410 contraria
549 2359 690 2430 possunt.
735 2351 802 2411 Stat
824 2347 1027 2430 sententia³),
1054 2367 1116 2407 uon

200 2431 442 2511 dispensationis
463 2432 585 2493 divinae
613 2435 758 2514 veritate,
790 2433 844 2494 sed
873 2433 1024 2494 ecclesiae
1045 2449 1115 2491 con·

200 2514 363 2574 suetudine
386 2517 551 2595 episcopos
574 2536 642 2577 esse
665 2519 796 2577 maiores
818 2516 1013 2596 presbyteris.

280 2597 373 2658 Addo
408 2600 526 2658 tertium
559 2600 721 2660 Decretum
755 2599 862 2660 endem
892 2598 992 2659 distin.
1021 2602 1060 2660 so
1090 2617 1115 2660 c.

201 2680 384 2760 Episcopus,
403 2681 574 2761 Episcopus
597 2684 628 2743 in
649 2683 787 2762 quolibet
809 2683 879 2743 loco
901 2680 1012 2742 sedens
1035 2692 1116 2739 stare

200 2764 413 2844 presbyterum
448 2783 509 2824 non
538 2767 678 2844 pratiatur.
723 2767 762 2826 Et
782 2768 889 2825 iterum
913 2765 974 2824 alio
997 2783 1024 2824 c.
1046 2762 1116 2841 Epi·

202 2865 329 2926 scopus,
364 2846 536 2926 Episcopus
564 2850 593 2907 in
617 2850 748 2909 ecclesia
769 2851 799 2908 in
823 2867 969 2908 consessu
992 2846 1115 2930 presby·

203 2939 335 2990 terarum
359 2929 517 2990 sublimior
538 2931 660 3010 sedeat,
684 2933 762 2991 intra
783 2931 907 2992 domum
927 2949 1001 2990 vero
1025 2929 1116 2989 colle-

201 3032 266 3092 gam
290 3012 538 3092 presbyterorum
568 3034 601 3074 se
633 3034 702 3075 esse
731 3024 909 3094 cognoscat.
953 3013 1037 3072 llaec
1063 3010 1116 3071 ibi·

201 3096 267 3156 dem
298 3115 369 3155 esse
391 3094 514 3156 decreta
541 3098 662 3158 concilii
685 3098 933 3178 Carthaginiensis
954 3096 1053 3175 quarti
1074 3093 1116 3152 di·

200 3188 326 3256 cuntur,
365 3197 444 3256 quas
474 3185 558 3240 certe
579 3180 733 3240 haeretica
755 3189 844 3258 sunt,
878 3179 1064 3239 scandaloso
1085 3186 1116 3237 et

199 3261 347 3322 seditiosa
372 3269 423 3328 (ut
445 3261 587 3344 vocant),
612 3265 636 3322 si
660 3265 797 3343 episcopi
820 3266 884 3323 iure
906 3262 1010 3322 divino
1033 3280 1116 3341 pres·

199 3345 315 3425 byteris
338 3343 531 3404 sublimiores
553 3354 632 3423 sunt,
654 3365 732 3425 quos
754 3365 822 3406 esse
844 3346 981 3426 collegas
999 3345 1115 3422 episco-

199 3448 306 3508 porum
330 3431 475 3505 statuunt,
498 3429 592 3489 multo
607 3431 714 3509 magis,
736 3431 761 3488 si
784 3449 861 3490 unus
883 3431 1046 3508 episcopus
1068 3446 1116 3486 ce-

199 3513 269 3572 teris
293 3508 453 3570 sublimior
476 3518 532 3574 est.
576 3511 708 3572 Deleant
734 3532 809 3593 ergo
831 3513 959 3592 primum
982 3529 1037 3570 sua
1059 3509 1115 3570 De

269 3721 303 3787 l)
324 3720 354 3773 ln
375 3722 496 3774 editions
519 3721 626 3789 priore:
645 3721 719 3777 llaec
736 3725 791 3778 ille.
812 3725 879 3779 Vide
897 3741 974 3795 ergo.
1010 3727 1044 3783 ’21
1065 3727 1115 3781 lbi·

199 3793 335 3842 lem:ib1'.
373 3792 407 3854 3)
426 3791 550 3846 ibidem:
568 3798 713 3852 sententia
730 3800 798 3853 lixa.

257 3859 423 3927 ¹)P111'11'm·
447 3864 471 3916 1·
510 3866 559 3934 ³⁴)
583 3866 648 3924 du.
669 3872 699 3928 1.

199 3953 355 4004 massam.
373 3961 396 4000 ν.
410 3965 440 4005 A
456 3969 488 4008 ns
502 3972 546 4012 ηι
563 3974 620 4019 ma
635 3979 654 4019 n
671 3993 697 4033 p.
711 3983 771 4026 vor.
786 3985 835 4026 m.
943 3952 996 4017 Ἃ
