<?xml version="1.0" encoding="UTF-8"?>
<!DOCTYPE html PUBLIC "-//W3C//DTD XHTML 1.0 Transitional//EN"
    "http://www.w3.org/TR/xhtml1/DTD/xhtml1-transitional.dtd">
<html xmlns="http://www.w3.org/1999/xhtml" xml:lang="en" lang="en">
 <head>
  <title>
</title>
<meta http-equiv="Content-Type" content="text/html;charset=utf-8" />
  <meta name='ocr-system' content='tesseract 3.04.00' />
  <meta name='ocr-capabilities' content='ocr_page ocr_carea ocr_par ocr_line ocrx_word'/>
</head>
<body>
  <div class='ocr_page' id='page_1' title='image "./operalatinavari00schmgoog_0255.png"; bbox 0 0 2709 4417; ppageno 0'>
   <div class='ocr_carea' id='block_1_1' title="bbox 346 377 1082 457">
    <p class='ocr_par' dir='ltr' id='par_1_1' title="bbox 346 377 1082 457">
     <span class='ocr_line' id='line_1_1' title="bbox 346 377 1082 457; baseline -0.004 -21"><span class='ocrx_word' id='word_1_1' title='bbox 346 384 406 457; x_wconf 84' lang='lat' dir='ltr'><strong>suis</strong></span> <span class='ocrx_word' id='word_1_2' title='bbox 424 383 534 452; x_wconf 83' lang='lat' dir='ltr'><strong>ldpsias</strong></span> <span class='ocrx_word' id='word_1_3' title='bbox 550 382 699 451; x_wconf 74' lang='lat' dir='ltr'><strong>disputatis</strong></span> <span class='ocrx_word' id='word_1_4' title='bbox 719 399 748 437; x_wconf 78' lang='lat' dir='ltr'><strong>a.</strong></span> <span class='ocrx_word' id='word_1_5' title='bbox 762 381 835 435; x_wconf 80' lang='lat' dir='ltr'><strong>xlx.</strong></span> <span class='ocrx_word' id='word_1_6' title='bbox 1018 377 1082 446; x_wconf 67' lang='lat'><strong>243</strong></span> 
     </span>
    </p>
   </div>
   <div class='ocr_carea' id='block_1_2' title="bbox 186 558 1105 3599">
    <p class='ocr_par' dir='ltr' id='par_1_2' title="bbox 186 558 1105 1965">
     <span class='ocr_line' id='line_1_2' title="bbox 188 558 1081 648; baseline 0.002 -24"><span class='ocrx_word' id='word_1_7' title='bbox 188 583 258 625; x_wconf 86' lang='lat' dir='ltr'><strong>osse</strong></span> <span class='ocrx_word' id='word_1_8' title='bbox 291 586 356 627; x_wconf 91' lang='lat' dir='ltr'><strong>non</strong></span> <span class='ocrx_word' id='word_1_9' title='bbox 383 558 501 646; x_wconf 74' lang='lat' dir='ltr'><strong>ponere</strong></span> <span class='ocrx_word' id='word_1_10' title='bbox 529 567 649 629; x_wconf 89' lang='lat' dir='ltr'><strong>obicem</strong></span> <span class='ocrx_word' id='word_1_11' title='bbox 677 568 812 648; x_wconf 87' lang='lat' dir='ltr'><strong>gratiae,</strong></span> <span class='ocrx_word' id='word_1_12' title='bbox 839 586 932 647; x_wconf 87' lang='lat' dir='ltr'><strong>posse</strong></span> <span class='ocrx_word' id='word_1_13' title='bbox 952 567 1081 646; x_wconf 88' lang='lat' dir='ltr'><strong>implere</strong></span> 
     </span>
     <span class='ocr_line' id='line_1_3' title="bbox 187 649 1082 729; baseline 0.002 -22"><span class='ocrx_word' id='word_1_14' title='bbox 187 659 329 728; x_wconf 78' lang='lat' dir='ltr'><strong>›raecepta</strong></span> <span class='ocrx_word' id='word_1_15' title='bbox 350 651 407 710; x_wconf 84' lang='lat' dir='ltr'><strong>Dei</strong></span> <span class='ocrx_word' id='word_1_16' title='bbox 435 649 536 729; x_wconf 88' lang='lat' dir='ltr'><strong>quoad</strong></span> <span class='ocrx_word' id='word_1_17' title='bbox 571 651 773 712; x_wconf 77' lang='lat' dir='ltr'><strong>substantiam</strong></span> <span class='ocrx_word' id='word_1_18' title='bbox 807 650 897 727; x_wconf 81' lang='lat' dir='ltr'><strong>lacti,</strong></span> <span class='ocrx_word' id='word_1_19' title='bbox 925 650 998 710; x_wconf 92' lang='lat' dir='ltr'><strong>licet</strong></span> <span class='ocrx_word' id='word_1_20' title='bbox 1019 669 1082 709; x_wconf 94' lang='lat' dir='ltr'><strong>non</strong></span> 
     </span>
     <span class='ocr_line' id='line_1_4' title="bbox 187 729 1083 812; baseline 0.002 -23"><span class='ocrx_word' id='word_1_21' title='bbox 187 729 205 789; x_wconf 90' lang='lat' dir='ltr'><strong>d</strong></span> <span class='ocrx_word' id='word_1_22' title='bbox 214 732 416 793; x_wconf 88' lang='lat' dir='ltr'><strong>intentionem</strong></span> <span class='ocrx_word' id='word_1_23' title='bbox 429 733 656 812; x_wconf 76' lang='lat' dir='ltr'><strong>praecipientis,</strong></span> <span class='ocrx_word' id='word_1_24' title='bbox 670 733 798 793; x_wconf 84' lang='lat' dir='ltr'><strong>liberum</strong></span> <span class='ocrx_word' id='word_1_25' title='bbox 811 731 966 793; x_wconf 80' lang='lat' dir='ltr'>arbitrium</span> <span class='ocrx_word' id='word_1_26' title='bbox 989 751 1083 812; x_wconf 84' lang='lat' dir='ltr'><strong>posse</strong></span> 
     </span>
     <span class='ocr_line' id='line_1_5' title="bbox 187 813 1081 895; baseline 0.002 -23"><span class='ocrx_word' id='word_1_27' title='bbox 187 820 378 893; x_wconf 75' lang='lat' dir='ltr'><strong>antrumque</strong></span> <span class='ocrx_word' id='word_1_28' title='bbox 393 813 755 895; x_wconf 75' lang='lat' dir='ltr'><strong>contradictorioruml),</strong></span> <span class='ocrx_word' id='word_1_29' title='bbox 777 815 966 875; x_wconf 89' lang='lat' dir='ltr'><strong>voluntatem</strong></span> <span class='ocrx_word' id='word_1_30' title='bbox 988 834 1081 894; x_wconf 87' lang='lat' dir='ltr'><strong>posse</strong></span> 
     </span>
     <span class='ocr_line' id='line_1_6' title="bbox 187 896 1080 978; baseline 0.003 -25"><span class='ocrx_word' id='word_1_31' title='bbox 187 915 205 954; x_wconf 83' lang='lat' dir='ltr'><strong>u</strong></span> <span class='ocrx_word' id='word_1_32' title='bbox 225 896 316 975; x_wconf 83' lang='lat' dir='ltr'><strong>&#39;puris</strong></span> <span class='ocrx_word' id='word_1_33' title='bbox 346 896 534 957; x_wconf 89' lang='lat' dir='ltr'><strong>naturalibus</strong></span> <span class='ocrx_word' id='word_1_34' title='bbox 564 897 693 978; x_wconf 88' lang='lat' dir='ltr'><strong>diligere</strong></span> <span class='ocrx_word' id='word_1_35' title='bbox 714 898 811 958; x_wconf 88' lang='lat' dir='ltr'><strong>Deum</strong></span> <span class='ocrx_word' id='word_1_36' title='bbox 840 918 939 978; x_wconf 84' lang='lat' dir='ltr'><strong>super</strong></span> <span class='ocrx_word' id='word_1_37' title='bbox 967 899 1080 972; x_wconf 89' lang='lat' dir='ltr'><strong>omnia,</strong></span> 
     </span>
     <span class='ocr_line' id='line_1_7' title="bbox 187 979 1105 1057; baseline 0.004 -22"><span class='ocrx_word' id='word_1_38' title='bbox 187 997 254 1038; x_wconf 73' lang='lat' dir='ltr'><strong>»osse</strong></span> <span class='ocrx_word' id='word_1_39' title='bbox 276 997 317 1038; x_wconf 87' lang='lat' dir='ltr'><strong>ex</strong></span> <span class='ocrx_word' id='word_1_40' title='bbox 340 979 527 1040; x_wconf 76' lang='lat' dir='ltr'><strong>naturalibus</strong></span> <span class='ocrx_word' id='word_1_41' title='bbox 545 981 651 1043; x_wconf 85' lang='lat' dir='ltr'><strong>baberi</strong></span> <span class='ocrx_word' id='word_1_42' title='bbox 672 984 774 1040; x_wconf 89' lang='lat' dir='ltr'><strong>actum</strong></span> <span class='ocrx_word' id='word_1_43' title='bbox 791 982 904 1041; x_wconf 89' lang='lat' dir='ltr'><strong>amoris</strong></span> <span class='ocrx_word' id='word_1_44' title='bbox 919 981 1081 1057; x_wconf 79' lang='lat' dir='ltr'><strong>amicitiae,</strong></span> <span class='ocrx_word' id='word_1_45' title='bbox 1103 991 1105 995; x_wconf 83' lang='grc'><em>·</em></span> 
     </span>
     <span class='ocr_line' id='line_1_8' title="bbox 188 1061 1081 1142; baseline 0.002 -24"><span class='ocrx_word' id='word_1_46' title='bbox 188 1061 243 1119; x_wconf 91' lang='lat' dir='ltr'><strong>tid</strong></span> <span class='ocrx_word' id='word_1_47' title='bbox 265 1080 366 1140; x_wconf 93' lang='lat' dir='ltr'><strong>genus</strong></span> <span class='ocrx_word' id='word_1_48' title='bbox 389 1069 543 1140; x_wconf 89' lang='lat' dir='ltr'><strong>monstra,</strong></span> <span class='ocrx_word' id='word_1_49' title='bbox 571 1081 650 1142; x_wconf 87' lang='lat' dir='ltr'><strong>quae</strong></span> <span class='ocrx_word' id='word_1_50' title='bbox 671 1082 728 1142; x_wconf 91' lang='lat' dir='ltr'><strong>pro</strong></span> <span class='ocrx_word' id='word_1_51' title='bbox 750 1063 855 1142; x_wconf 88' lang='lat' dir='ltr'><strong>primis</strong></span> <span class='ocrx_word' id='word_1_52' title='bbox 885 1064 980 1122; x_wconf 83' lang='lat' dir='ltr'><strong>ferme</strong></span> <span class='ocrx_word' id='word_1_53' title='bbox 1001 1064 1081 1141; x_wconf 90' lang='lat' dir='ltr'><strong>prin-</strong></span> 
     </span>
     <span class='ocr_line' id='line_1_9' title="bbox 187 1144 1080 1225; baseline 0.004 -24"><span class='ocrx_word' id='word_1_54' title='bbox 187 1144 245 1222; x_wconf 87' lang='lat' dir='ltr'><strong>ipiis</strong></span> <span class='ocrx_word' id='word_1_55' title='bbox 266 1144 408 1225; x_wconf 78' lang='lat' dir='ltr'><strong>seruntur</strong></span> <span class='ocrx_word' id='word_1_56' title='bbox 428 1144 631 1204; x_wconf 79' lang='lat' dir='ltr'><strong>scholasticae</strong></span> <span class='ocrx_word' id='word_1_57' title='bbox 658 1145 856 1225; x_wconf 90' lang='lat' dir='ltr'><strong>theologiae,</strong></span> <span class='ocrx_word' id='word_1_58' title='bbox 888 1153 919 1205; x_wconf 91' lang='lat' dir='ltr'><strong>et</strong></span> <span class='ocrx_word' id='word_1_59' title='bbox 946 1147 1080 1205; x_wconf 90' lang='lat' dir='ltr'><strong>omnium</strong></span> 
     </span>
     <span class='ocr_line' id='line_1_10' title="bbox 187 1225 1081 1306; baseline -0.001 -21"><span class='ocrx_word' id='word_1_60' title='bbox 187 1225 253 1285; x_wconf 90' lang='lat' dir='ltr'><strong>bros</strong></span> <span class='ocrx_word' id='word_1_61' title='bbox 276 1234 310 1287; x_wconf 90' lang='lat' dir='ltr'><strong>ct</strong></span> <span class='ocrx_word' id='word_1_62' title='bbox 326 1247 415 1287; x_wconf 88' lang='lat' dir='ltr'><strong>aures</strong></span> <span class='ocrx_word' id='word_1_63' title='bbox 436 1227 652 1306; x_wconf 87' lang='lat' dir='ltr'><strong>impleverunt.</strong></span> <span class='ocrx_word' id='word_1_64' title='bbox 696 1229 737 1287; x_wconf 84' lang='lat' dir='ltr'><strong>At</strong></span> <span class='ocrx_word' id='word_1_65' title='bbox 760 1246 841 1286; x_wconf 89' lang='lat' dir='ltr'><strong>nuno</strong></span> <span class='ocrx_word' id='word_1_66' title='bbox 864 1227 895 1287; x_wconf 94' lang='lat' dir='ltr'><strong>hi</strong></span> <span class='ocrx_word' id='word_1_67' title='bbox 916 1227 947 1303; x_wconf 84' lang='lat'><strong>²)</strong></span> <span class='ocrx_word' id='word_1_68' title='bbox 973 1246 1081 1288; x_wconf 85' lang='lat' dir='ltr'><strong>omnes</strong></span> 
     </span>
     <span class='ocr_line' id='line_1_11' title="bbox 187 1309 1081 1389; baseline 0.001 -22"><span class='ocrx_word' id='word_1_69' title='bbox 187 1327 312 1386; x_wconf 81' lang='lat' dir='ltr'><strong>rores,</strong></span> <span class='ocrx_word' id='word_1_70' title='bbox 328 1310 384 1370; x_wconf 91' lang='lat' dir='ltr'><strong>sub</strong></span> <span class='ocrx_word' id='word_1_71' title='bbox 411 1310 546 1369; x_wconf 85' lang='lat' dir='ltr'><strong>Ecciano</strong></span> <span class='ocrx_word' id='word_1_72' title='bbox 574 1309 729 1389; x_wconf 85' lang='lat' dir='ltr'><strong>praesidio</strong></span> <span class='ocrx_word' id='word_1_73' title='bbox 758 1318 790 1369; x_wconf 90' lang='lat' dir='ltr'><strong>et</strong></span> <span class='ocrx_word' id='word_1_74' title='bbox 818 1309 1081 1389; x_wconf 87' lang='lat' dir='ltr'><strong>triumphabundis</strong></span> 
     </span>
     <span class='ocr_line' id='line_1_12' title="bbox 187 1391 1081 1470; baseline 0.001 -20"><span class='ocrx_word' id='word_1_75' title='bbox 187 1393 266 1470; x_wconf 86' lang='lat' dir='ltr'><strong>gnis,</strong></span> <span class='ocrx_word' id='word_1_76' title='bbox 288 1395 364 1452; x_wconf 91' lang='lat' dir='ltr'><strong>satis</strong></span> <span class='ocrx_word' id='word_1_77' title='bbox 375 1399 498 1451; x_wconf 85' lang='lat' dir='ltr'><strong>strenue</strong></span> <span class='ocrx_word' id='word_1_78' title='bbox 509 1391 697 1469; x_wconf 89' lang='lat' dir='ltr'><strong>ceciderunt,</strong></span> <span class='ocrx_word' id='word_1_79' title='bbox 711 1393 777 1452; x_wconf 89' lang='lat' dir='ltr'><strong>sine</strong></span> <span class='ocrx_word' id='word_1_80' title='bbox 790 1392 853 1452; x_wconf 95' lang='lat' dir='ltr'><strong>ullo</strong></span> <span class='ocrx_word' id='word_1_81' title='bbox 868 1393 963 1452; x_wconf 87' lang='lat' dir='ltr'><strong>ferme</strong></span> <span class='ocrx_word' id='word_1_82' title='bbox 975 1393 1081 1469; x_wconf 81' lang='lat' dir='ltr'><strong>Marte,</strong></span> 
     </span>
     <span class='ocr_line' id='line_1_13' title="bbox 187 1474 1080 1555; baseline 0.001 -24"><span class='ocrx_word' id='word_1_83' title='bbox 187 1475 318 1533; x_wconf 70' lang='lat' dir='ltr'><strong>interriti</strong></span> <span class='ocrx_word' id='word_1_84' title='bbox 340 1474 379 1534; x_wconf 91' lang='lat' dir='ltr'><strong>ad</strong></span> <span class='ocrx_word' id='word_1_85' title='bbox 400 1474 499 1534; x_wconf 91' lang='lat' dir='ltr'><strong>solum</strong></span> <span class='ocrx_word' id='word_1_86' title='bbox 523 1482 723 1553; x_wconf 87' lang='lat' dir='ltr'><strong>conspectum</strong></span> <span class='ocrx_word' id='word_1_87' title='bbox 747 1474 873 1533; x_wconf 88' lang='lat' dir='ltr'><strong>duarum</strong></span> <span class='ocrx_word' id='word_1_88' title='bbox 896 1475 1080 1555; x_wconf 90' lang='lat' dir='ltr'><strong>propositio-</strong></span> 
     </span>
     <span class='ocr_line' id='line_1_14' title="bbox 186 1555 1080 1636; baseline 0 -23"><span class='ocrx_word' id='word_1_89' title='bbox 186 1575 227 1615; x_wconf 86' lang='lat' dir='ltr'><strong>1m</strong></span> <span class='ocrx_word' id='word_1_90' title='bbox 253 1555 460 1617; x_wconf 82' lang='lat' dir='ltr'><strong>Oarolostadii</strong></span> <span class='ocrx_word' id='word_1_91' title='bbox 477 1555 522 1634; x_wconf 78' lang='lat'><strong>³),</strong></span> <span class='ocrx_word' id='word_1_92' title='bbox 545 1576 671 1636; x_wconf 91' lang='lat' dir='ltr'><strong>quarum</strong></span> <span class='ocrx_word' id='word_1_93' title='bbox 695 1557 779 1636; x_wconf 91' lang='lat' dir='ltr'><strong>prior</strong></span> <span class='ocrx_word' id='word_1_94' title='bbox 800 1558 877 1616; x_wconf 87' lang='lat' dir='ltr'><strong>baec</strong></span> <span class='ocrx_word' id='word_1_95' title='bbox 898 1557 1080 1636; x_wconf 86' lang='lat' dir='ltr'><strong>Augustini:</strong></span> 
     </span>
     <span class='ocr_line' id='line_1_15' title="bbox 187 1636 1079 1718; baseline 0 -22"><span class='ocrx_word' id='word_1_96' title='bbox 187 1637 302 1699; x_wconf 88' lang='lat' dir='ltr'><strong>berum</strong></span> <span class='ocrx_word' id='word_1_97' title='bbox 332 1638 488 1699; x_wconf 86' lang='lat' dir='ltr'><strong>arbitrium</strong></span> <span class='ocrx_word' id='word_1_98' title='bbox 519 1640 585 1699; x_wconf 83' lang='lat' dir='ltr'><strong>sine</strong></span> <span class='ocrx_word' id='word_1_99' title='bbox 606 1641 706 1718; x_wconf 88' lang='lat' dir='ltr'><strong>gratia</strong></span> <span class='ocrx_word' id='word_1_100' title='bbox 728 1638 802 1698; x_wconf 91' lang='lat' dir='ltr'><strong>nihil</strong></span> <span class='ocrx_word' id='word_1_101' title='bbox 826 1638 924 1716; x_wconf 84' lang='lat' dir='ltr'><strong>valet,</strong></span> <span class='ocrx_word' id='word_1_102' title='bbox 954 1639 1013 1697; x_wconf 91' lang='lat' dir='ltr'><strong>nisi</strong></span> <span class='ocrx_word' id='word_1_103' title='bbox 1041 1636 1079 1696; x_wconf 89' lang='lat' dir='ltr'><strong>ad</strong></span> 
     </span>
     <span class='ocr_line' id='line_1_16' title="bbox 187 1720 1081 1801; baseline 0 -22"><span class='ocrx_word' id='word_1_104' title='bbox 187 1720 367 1798; x_wconf 72' lang='lat' dir='ltr'><strong>secandum,</strong></span> <span class='ocrx_word' id='word_1_105' title='bbox 394 1721 547 1801; x_wconf 83' lang='lat' dir='ltr'><strong>posterior</strong></span> <span class='ocrx_word' id='word_1_106' title='bbox 568 1720 721 1782; x_wconf 80' lang='lat' dir='ltr'><strong>Ambrosii</strong></span> <span class='ocrx_word' id='word_1_107' title='bbox 749 1721 842 1780; x_wconf 89' lang='lat' dir='ltr'><strong>haec:</strong></span> <span class='ocrx_word' id='word_1_108' title='bbox 871 1720 1011 1780; x_wconf 90' lang='lat' dir='ltr'><strong>Liberum</strong></span> <span class='ocrx_word' id='word_1_109' title='bbox 1036 1739 1081 1779; x_wconf 91' lang='lat' dir='ltr'><strong>ar·</strong></span> 
     </span>
     <span class='ocr_line' id='line_1_17' title="bbox 187 1797 1080 1884; baseline 0 -22"><span class='ocrx_word' id='word_1_110' title='bbox 187 1797 278 1862; x_wconf 80' lang='lat' dir='ltr'><strong>t&#39;rinm</strong></span> <span class='ocrx_word' id='word_1_111' title='bbox 310 1805 376 1868; x_wconf 86' lang='lat' dir='ltr'><strong>sine</strong></span> <span class='ocrx_word' id='word_1_112' title='bbox 403 1804 502 1884; x_wconf 88' lang='lat' dir='ltr'><strong>gratia</strong></span> <span class='ocrx_word' id='word_1_113' title='bbox 528 1810 614 1864; x_wconf 85' lang='lat' dir='ltr'><strong>tanto</strong></span> <span class='ocrx_word' id='word_1_114' title='bbox 644 1804 732 1862; x_wconf 89' lang='lat' dir='ltr'><strong>citius</strong></span> <span class='ocrx_word' id='word_1_115' title='bbox 760 1805 946 1883; x_wconf 82' lang='lat' dir='ltr'><strong>propinquat</strong></span> <span class='ocrx_word' id='word_1_116' title='bbox 968 1802 1080 1881; x_wconf 85' lang='lat' dir='ltr'><strong>iniqui-</strong></span> 
     </span>
     <span class='ocr_line' id='line_1_18' title="bbox 187 1884 834 1965; baseline 0.011 -24"><span class='ocrx_word' id='word_1_117' title='bbox 187 1886 231 1964; x_wconf 80' lang='lat' dir='ltr'><strong>ui,</strong></span> <span class='ocrx_word' id='word_1_118' title='bbox 255 1893 371 1965; x_wconf 89' lang='lat' dir='ltr'><strong>quanto</strong></span> <span class='ocrx_word' id='word_1_119' title='bbox 393 1885 500 1946; x_wconf 83' lang='lat' dir='ltr'><strong>lortius</strong></span> <span class='ocrx_word' id='word_1_120' title='bbox 523 1884 689 1946; x_wconf 87' lang='lat' dir='ltr'><strong>intenderit</strong></span> <span class='ocrx_word' id='word_1_121' title='bbox 709 1887 834 1948; x_wconf 90' lang='lat' dir='ltr'><strong>actioni.</strong></span> 
     </span>
    </p>

    <p class='ocr_par' dir='ltr' id='par_1_3' title="bbox 187 1967 1081 2853">
     <span class='ocr_line' id='line_1_19' title="bbox 241 1967 1080 2048; baseline -0.001 -20"><span class='ocrx_word' id='word_1_122' title='bbox 241 1968 360 2028; x_wconf 85' lang='lat' dir='ltr'><strong>Similia</strong></span> <span class='ocrx_word' id='word_1_123' title='bbox 381 1968 531 2048; x_wconf 89' lang='lat' dir='ltr'><strong>trophaea</strong></span> <span class='ocrx_word' id='word_1_124' title='bbox 553 1975 583 2028; x_wconf 92' lang='lat' dir='ltr'><strong>et</strong></span> <span class='ocrx_word' id='word_1_125' title='bbox 611 1968 713 2047; x_wconf 88' lang='lat' dir='ltr'><strong>spolia</strong></span> <span class='ocrx_word' id='word_1_126' title='bbox 740 1969 909 2028; x_wconf 88' lang='lat' dir='ltr'><strong>retulerunt</strong></span> <span class='ocrx_word' id='word_1_127' title='bbox 930 1967 1026 2026; x_wconf 89' lang='lat' dir='ltr'><strong>ferme</strong></span> <span class='ocrx_word' id='word_1_128' title='bbox 1049 1975 1080 2027; x_wconf 88' lang='lat' dir='ltr'><strong>et</strong></span> 
     </span>
     <span class='ocr_line' id='line_1_20' title="bbox 187 2049 1081 2131; baseline 0.001 -22"><span class='ocrx_word' id='word_1_129' title='bbox 187 2049 369 2130; x_wconf 75' lang='lat' dir='ltr'><strong>idulgentiae</strong></span> <span class='ocrx_word' id='word_1_130' title='bbox 396 2070 436 2110; x_wconf 90' lang='lat' dir='ltr'><strong>ex</strong></span> <span class='ocrx_word' id='word_1_131' title='bbox 457 2050 516 2109; x_wconf 89' lang='lat' dir='ltr'><strong>bac</strong></span> <span class='ocrx_word' id='word_1_132' title='bbox 543 2069 666 2130; x_wconf 89' lang='lat' dir='ltr'><strong>pugna,</strong></span> <span class='ocrx_word' id='word_1_133' title='bbox 691 2068 766 2128; x_wconf 90' lang='lat' dir='ltr'><strong>quas</strong></span> <span class='ocrx_word' id='word_1_134' title='bbox 794 2069 856 2111; x_wconf 89' lang='lat' dir='ltr'><strong>non</strong></span> <span class='ocrx_word' id='word_1_135' title='bbox 887 2051 1006 2111; x_wconf 87' lang='lat' dir='ltr'><strong>mitiore</strong></span> <span class='ocrx_word' id='word_1_136' title='bbox 1030 2049 1081 2131; x_wconf 90' lang='lat' dir='ltr'><strong>(ut</strong></span> 
     </span>
     <span class='ocr_line' id='line_1_21' title="bbox 187 2131 1080 2214; baseline -0.002 -22"><span class='ocrx_word' id='word_1_137' title='bbox 187 2132 311 2214; x_wconf 84' lang='lat' dir='ltr'><strong>uniunt)</strong></span> <span class='ocrx_word' id='word_1_138' title='bbox 335 2133 487 2193; x_wconf 88' lang='lat' dir='ltr'><strong>sententia</strong></span> <span class='ocrx_word' id='word_1_139' title='bbox 509 2133 598 2192; x_wconf 86' lang='lat' dir='ltr'><strong>utiles</strong></span> <span class='ocrx_word' id='word_1_140' title='bbox 621 2151 690 2192; x_wconf 88' lang='lat' dir='ltr'><strong>esse</strong></span> <span class='ocrx_word' id='word_1_141' title='bbox 711 2131 829 2211; x_wconf 85' lang='lat' dir='ltr'><strong>admisi,</strong></span> <span class='ocrx_word' id='word_1_142' title='bbox 851 2132 1008 2193; x_wconf 89' lang='lat' dir='ltr'><strong>sedutiles</strong></span> <span class='ocrx_word' id='word_1_143' title='bbox 1031 2151 1080 2191; x_wconf 89' lang='lat' dir='ltr'><strong>so·</strong></span> 
     </span>
     <span class='ocr_line' id='line_1_22' title="bbox 187 2215 1079 2301; baseline 0 -28"><span class='ocrx_word' id='word_1_144' title='bbox 187 2235 222 2273; x_wconf 89' lang='lat' dir='ltr'><strong>un</strong></span> <span class='ocrx_word' id='word_1_145' title='bbox 244 2217 338 2296; x_wconf 88' lang='lat' dir='ltr'><strong>pigris</strong></span> <span class='ocrx_word' id='word_1_146' title='bbox 368 2222 399 2276; x_wconf 90' lang='lat' dir='ltr'><strong>et</strong></span> <span class='ocrx_word' id='word_1_147' title='bbox 426 2215 636 2275; x_wconf 87' lang='lat' dir='ltr'><strong>stertentibus:</strong></span> <span class='ocrx_word' id='word_1_148' title='bbox 670 2222 804 2301; x_wconf 67' lang='lat' dir='ltr'><strong>ceterum</strong></span> <span class='ocrx_word' id='word_1_149' title='bbox 832 2216 982 2275; x_wconf 87' lang='lat' dir='ltr'><strong>insaniam</strong></span> <span class='ocrx_word' id='word_1_150' title='bbox 1010 2234 1079 2274; x_wconf 88' lang='lat' dir='ltr'><strong>esse</strong></span> 
     </span>
     <span class='ocr_line' id='line_1_23' title="bbox 188 2296 1079 2377; baseline -0.002 -20"><span class='ocrx_word' id='word_1_151' title='bbox 188 2298 297 2375; x_wconf 81' lang='lat' dir='ltr'><strong>ciendi,</strong></span> <span class='ocrx_word' id='word_1_152' title='bbox 332 2299 360 2357; x_wconf 88' lang='lat' dir='ltr'><strong>si</strong></span> <span class='ocrx_word' id='word_1_153' title='bbox 392 2298 459 2377; x_wconf 87' lang='lat' dir='ltr'><strong>quis</strong></span> <span class='ocrx_word' id='word_1_154' title='bbox 493 2317 546 2357; x_wconf 87' lang='lat' dir='ltr'><strong>eus</strong></span> <span class='ocrx_word' id='word_1_155' title='bbox 576 2296 673 2357; x_wconf 92' lang='lat' dir='ltr'><strong>bonas</strong></span> <span class='ocrx_word' id='word_1_156' title='bbox 708 2304 740 2357; x_wconf 88' lang='lat' dir='ltr'><strong>et</strong></span> <span class='ocrx_word' id='word_1_157' title='bbox 772 2298 862 2358; x_wconf 84' lang='lat' dir='ltr'><strong>utiles</strong></span> <span class='ocrx_word' id='word_1_158' title='bbox 892 2316 965 2357; x_wconf 19' lang='lat' dir='ltr'><strong>,sese</strong></span> <span class='ocrx_word' id='word_1_159' title='bbox 993 2297 1079 2356; x_wconf 83' lang='lat' dir='ltr'><strong>Chri·</strong></span> 
     </span>
     <span class='ocr_line' id='line_1_24' title="bbox 187 2377 1077 2458; baseline -0.001 -19"><span class='ocrx_word' id='word_1_160' title='bbox 187 2382 258 2440; x_wconf 86' lang='lat' dir='ltr'><strong>tiano</strong></span> <span class='ocrx_word' id='word_1_161' title='bbox 279 2381 396 2440; x_wconf 88' lang='lat' dir='ltr'><strong>homini</strong></span> <span class='ocrx_word' id='word_1_162' title='bbox 418 2380 537 2442; x_wconf 84' lang='lat' dir='ltr'><strong>dixerit.</strong></span> <span class='ocrx_word' id='word_1_163' title='bbox 579 2380 681 2456; x_wconf 90' lang='lat' dir='ltr'><strong>Haec,</strong></span> <span class='ocrx_word' id='word_1_164' title='bbox 703 2381 839 2458; x_wconf 89' lang='lat' dir='ltr'><strong>inquam,</strong></span> <span class='ocrx_word' id='word_1_165' title='bbox 862 2380 934 2439; x_wconf 92' lang='lat' dir='ltr'><strong>mibi</strong></span> <span class='ocrx_word' id='word_1_166' title='bbox 949 2377 1077 2438; x_wconf 66' lang='lat' dir='ltr'><strong>&#39;interim</strong></span> 
     </span>
     <span class='ocr_line' id='line_1_25' title="bbox 188 2460 1074 2541; baseline -0.002 -19"><span class='ocrx_word' id='word_1_167' title='bbox 188 2464 235 2522; x_wconf 89' lang='lat' dir='ltr'><strong>stis</strong></span> <span class='ocrx_word' id='word_1_168' title='bbox 256 2471 326 2522; x_wconf 89' lang='lat' dir='ltr'><strong>sunt</strong></span> <span class='ocrx_word' id='word_1_169' title='bbox 346 2463 489 2522; x_wconf 85' lang='lat' dir='ltr'><strong>evenisse</strong></span> <span class='ocrx_word' id='word_1_170' title='bbox 511 2482 550 2521; x_wconf 87' lang='lat' dir='ltr'><strong>ex</strong></span> <span class='ocrx_word' id='word_1_171' title='bbox 570 2461 629 2523; x_wconf 89' lang='lat' dir='ltr'><strong>hac</strong></span> <span class='ocrx_word' id='word_1_172' title='bbox 651 2462 874 2541; x_wconf 88' lang='lat' dir='ltr'><strong>disputatione,</strong></span> <span class='ocrx_word' id='word_1_173' title='bbox 902 2481 981 2541; x_wconf 89' lang='lat' dir='ltr'><strong>quae</strong></span> <span class='ocrx_word' id='word_1_174' title='bbox 1003 2460 1074 2521; x_wconf 88' lang='lat' dir='ltr'><strong>ideo</strong></span> 
     </span>
     <span class='ocr_line' id='line_1_26' title="bbox 187 2544 1079 2623; baseline -0.002 -19"><span class='ocrx_word' id='word_1_175' title='bbox 187 2547 302 2622; x_wconf 84' lang='lat' dir='ltr'><strong>acitavi,</strong></span> <span class='ocrx_word' id='word_1_176' title='bbox 323 2552 357 2604; x_wconf 93' lang='lat' dir='ltr'><strong>ut</strong></span> <span class='ocrx_word' id='word_1_177' title='bbox 377 2544 745 2623; x_wconf 84' lang='lat' dir='ltr'><strong>iactantiamgloriosam</strong></span> <span class='ocrx_word' id='word_1_178' title='bbox 768 2544 921 2604; x_wconf 78' lang='lat' dir='ltr'><strong>Eccicnee</strong></span> <span class='ocrx_word' id='word_1_179' title='bbox 942 2544 1079 2604; x_wconf 88' lang='lat' dir='ltr'><strong>haeresis</strong></span> 
     </span>
     <span class='ocr_line' id='line_1_27' title="bbox 187 2627 1079 2707; baseline 0 -21"><span class='ocrx_word' id='word_1_180' title='bbox 187 2627 378 2706; x_wconf 74' lang='lat' dir='ltr'><strong>iliquantulum</strong></span> <span class='ocrx_word' id='word_1_181' title='bbox 390 2629 538 2701; x_wconf 75' lang='lat' dir='ltr'><strong>invasam,</strong></span> <span class='ocrx_word' id='word_1_182' title='bbox 560 2633 672 2703; x_wconf 86' lang='lat' dir='ltr'><strong>cetera,</strong></span> <span class='ocrx_word' id='word_1_183' title='bbox 696 2627 746 2686; x_wconf 92' lang='lat' dir='ltr'><strong>ubi</strong></span> <span class='ocrx_word' id='word_1_184' title='bbox 765 2627 843 2687; x_wconf 90' lang='lat' dir='ltr'><strong>haec</strong></span> <span class='ocrx_word' id='word_1_185' title='bbox 864 2628 1013 2707; x_wconf 84' lang='lat' dir='ltr'><strong>quispiam</strong></span> <span class='ocrx_word' id='word_1_186' title='bbox 1027 2645 1079 2686; x_wconf 91' lang='lat' dir='ltr'><strong>eo-</strong></span> 
     </span>
     <span class='ocr_line' id='line_1_28' title="bbox 187 2708 1078 2790; baseline 0 -22"><span class='ocrx_word' id='word_1_187' title='bbox 187 2729 228 2769; x_wconf 91' lang='lat' dir='ltr'><strong>um</strong></span> <span class='ocrx_word' id='word_1_188' title='bbox 252 2710 436 2790; x_wconf 85' lang='lat' dir='ltr'><strong>impetierit,</strong></span> <span class='ocrx_word' id='word_1_189' title='bbox 472 2709 604 2769; x_wconf 84' lang='lat' dir='ltr'><strong>fortasse</strong></span> <span class='ocrx_word' id='word_1_190' title='bbox 630 2708 716 2769; x_wconf 91' lang='lat' dir='ltr'><strong>dabit</strong></span> <span class='ocrx_word' id='word_1_191' title='bbox 736 2710 885 2769; x_wconf 88' lang='lat' dir='ltr'><strong>Dominus</strong></span> <span class='ocrx_word' id='word_1_192' title='bbox 916 2712 946 2769; x_wconf 94' lang='lat' dir='ltr'><strong>in</strong></span> <span class='ocrx_word' id='word_1_193' title='bbox 978 2710 1078 2769; x_wconf 91' lang='lat' dir='ltr'><strong>lucem</strong></span> 
     </span>
     <span class='ocr_line' id='line_1_29' title="bbox 187 2811 270 2853; baseline 0 -1"><span class='ocrx_word' id='word_1_194' title='bbox 187 2811 270 2853; x_wconf 65' lang='lat' dir='ltr'><strong>lenire.</strong></span> 
     </span>
    </p>

    <p class='ocr_par' dir='ltr' id='par_1_4' title="bbox 187 2873 1081 3599">
     <span class='ocr_line' id='line_1_30' title="bbox 243 2873 1078 2935; baseline -0.004 -1"><span class='ocrx_word' id='word_1_195' title='bbox 243 2874 364 2935; x_wconf 90' lang='lat' dir='ltr'><strong>Vidisse</strong></span> <span class='ocrx_word' id='word_1_196' title='bbox 396 2882 427 2933; x_wconf 90' lang='lat' dir='ltr'><strong>tc</strong></span> <span class='ocrx_word' id='word_1_197' title='bbox 448 2873 540 2933; x_wconf 90' lang='lat' dir='ltr'><strong>credo</strong></span> <span class='ocrx_word' id='word_1_198' title='bbox 563 2873 647 2933; x_wconf 82' lang='lat' dir='ltr'><strong>Eccii</strong></span> <span class='ocrx_word' id='word_1_199' title='bbox 677 2874 909 2934; x_wconf 85' lang='lat' dir='ltr'><strong>excusationem</strong></span> <span class='ocrx_word' id='word_1_200' title='bbox 931 2874 1078 2933; x_wconf 85' lang='lat' dir='ltr'><strong>adversus</strong></span> 
     </span>
     <span class='ocr_line' id='line_1_31' title="bbox 187 2953 1079 3037; baseline 0 -22"><span class='ocrx_word' id='word_1_201' title='bbox 187 2956 334 3037; x_wconf 71' lang='lat' dir='ltr'><strong>lhilippum</strong></span> <span class='ocrx_word' id='word_1_202' title='bbox 358 2963 495 3016; x_wconf 88' lang='lat' dir='ltr'><strong>nostrum</strong></span> <span class='ocrx_word' id='word_1_203' title='bbox 518 2957 591 3016; x_wconf 90' lang='lat' dir='ltr'><strong>satis</strong></span> <span class='ocrx_word' id='word_1_204' title='bbox 614 2955 738 3035; x_wconf 90' lang='lat' dir='ltr'><strong>dignam</strong></span> <span class='ocrx_word' id='word_1_205' title='bbox 760 2955 896 3016; x_wconf 84' lang='lat' dir='ltr'><strong>Ecciano</strong></span> <span class='ocrx_word' id='word_1_206' title='bbox 918 2957 1011 3036; x_wconf 91' lang='lat' dir='ltr'><strong>genio</strong></span> <span class='ocrx_word' id='word_1_207' title='bbox 1034 2953 1079 3033; x_wconf 81' lang='lat'><strong>⁴),</strong></span> 
     </span>
     <span class='ocr_line' id='line_1_32' title="bbox 187 3038 1080 3119; baseline 0 -22"><span class='ocrx_word' id='word_1_208' title='bbox 187 3058 273 3119; x_wconf 90' lang='lat' dir='ltr'><strong>nqua</strong></span> <span class='ocrx_word' id='word_1_209' title='bbox 294 3040 413 3099; x_wconf 90' lang='lat' dir='ltr'><strong>homini</strong></span> <span class='ocrx_word' id='word_1_210' title='bbox 435 3040 526 3098; x_wconf 88' lang='lat' dir='ltr'><strong>etiam</strong></span> <span class='ocrx_word' id='word_1_211' title='bbox 546 3038 579 3100; x_wconf 92' lang='lat' dir='ltr'><strong>in</strong></span> <span class='ocrx_word' id='word_1_212' title='bbox 599 3039 694 3098; x_wconf 85' lang='lat' dir='ltr'><strong>sacris</strong></span> <span class='ocrx_word' id='word_1_213' title='bbox 706 3039 811 3116; x_wconf 87' lang='lat' dir='ltr'><strong>literis,</strong></span> <span class='ocrx_word' id='word_1_214' title='bbox 834 3045 940 3116; x_wconf 89' lang='lat' dir='ltr'><strong>terque</strong></span> <span class='ocrx_word' id='word_1_215' title='bbox 961 3046 1080 3117; x_wconf 86' lang='lat' dir='ltr'><strong>quater·</strong></span> 
     </span>
     <span class='ocr_line' id='line_1_33' title="bbox 187 3119 1080 3200; baseline -0.006 -18"><span class='ocrx_word' id='word_1_216' title='bbox 187 3139 223 3199; x_wconf 74' lang='lat' dir='ltr'><strong>[ue</strong></span> <span class='ocrx_word' id='word_1_217' title='bbox 235 3122 377 3183; x_wconf 92' lang='lat' dir='ltr'><strong>omnibus</strong></span> <span class='ocrx_word' id='word_1_218' title='bbox 388 3121 489 3181; x_wconf 81' lang='lat' dir='ltr'><strong>Ecciis</strong></span> <span class='ocrx_word' id='word_1_219' title='bbox 502 3121 642 3199; x_wconf 89' lang='lat' dir='ltr'><strong>doctiori,</strong></span> <span class='ocrx_word' id='word_1_220' title='bbox 655 3121 788 3200; x_wconf 88' lang='lat' dir='ltr'><strong>denique</strong></span> <span class='ocrx_word' id='word_1_221' title='bbox 801 3130 831 3181; x_wconf 91' lang='lat' dir='ltr'><strong>et</strong></span> <span class='ocrx_word' id='word_1_222' title='bbox 844 3120 987 3181; x_wconf 88' lang='lat' dir='ltr'><strong>sordidae</strong></span> <span class='ocrx_word' id='word_1_223' title='bbox 999 3119 1080 3179; x_wconf 87' lang='lat' dir='ltr'><strong>illius</strong></span> 
     </span>
     <span class='ocr_line' id='line_1_34' title="bbox 187 3203 1078 3283; baseline -0.002 -19"><span class='ocrx_word' id='word_1_224' title='bbox 187 3203 315 3265; x_wconf 77' lang='lat' dir='ltr'><strong>ludariae</strong></span> <span class='ocrx_word' id='word_1_225' title='bbox 353 3203 529 3283; x_wconf 83' lang='lat' dir='ltr'><strong>theologiae</strong></span> <span class='ocrx_word' id='word_1_226' title='bbox 561 3221 624 3262; x_wconf 94' lang='lat' dir='ltr'><strong>non</strong></span> <span class='ocrx_word' id='word_1_227' title='bbox 659 3204 784 3283; x_wconf 85' lang='lat' dir='ltr'><strong>ignaro,</strong></span> <span class='ocrx_word' id='word_1_228' title='bbox 829 3203 996 3283; x_wconf 89' lang='lat' dir='ltr'><strong>opprobrat</strong></span> <span class='ocrx_word' id='word_1_229' title='bbox 1022 3221 1078 3280; x_wconf 85' lang='lat' dir='ltr'><strong>pro</strong></span> 
     </span>
     <span class='ocr_line' id='line_1_35' title="bbox 187 3287 1079 3368; baseline -0.001 -24"><span class='ocrx_word' id='word_1_230' title='bbox 187 3305 273 3368; x_wconf 82' lang='lat' dir='ltr'><strong>ragno</strong></span> <span class='ocrx_word' id='word_1_231' title='bbox 297 3288 372 3346; x_wconf 87' lang='lat' dir='ltr'><strong>vitio</strong></span> <span class='ocrx_word' id='word_1_232' title='bbox 395 3287 623 3366; x_wconf 87' lang='lat' dir='ltr'><strong>grammaticam</strong></span> <span class='ocrx_word' id='word_1_233' title='bbox 645 3287 885 3365; x_wconf 86' lang='lat' dir='ltr'><strong>professionem,</strong></span> <span class='ocrx_word' id='word_1_234' title='bbox 909 3293 970 3345; x_wconf 90' lang='lat' dir='ltr'><strong>tam</strong></span> <span class='ocrx_word' id='word_1_235' title='bbox 993 3291 1079 3345; x_wconf 86' lang='lat' dir='ltr'><strong>recto</strong></span> 
     </span>
     <span class='ocr_line' id='line_1_36' title="bbox 187 3366 1080 3448; baseline -0.002 -21"><span class='ocrx_word' id='word_1_236' title='bbox 187 3378 233 3430; x_wconf 91' lang='lat' dir='ltr'><strong>unt</strong></span> <span class='ocrx_word' id='word_1_237' title='bbox 251 3368 364 3430; x_wconf 91' lang='lat' dir='ltr'><strong>iudicio</strong></span> <span class='ocrx_word' id='word_1_238' title='bbox 387 3369 523 3448; x_wconf 86' lang='lat' dir='ltr'><strong>Magistri</strong></span> <span class='ocrx_word' id='word_1_239' title='bbox 546 3367 591 3427; x_wconf 93' lang='lat' dir='ltr'><strong>illi</strong></span> <span class='ocrx_word' id='word_1_240' title='bbox 613 3370 711 3428; x_wconf 87' lang='lat' dir='ltr'><strong>nostri</strong></span> <span class='ocrx_word' id='word_1_241' title='bbox 733 3369 855 3444; x_wconf 84' lang='lat' dir='ltr'><strong>eximii,</strong></span> <span class='ocrx_word' id='word_1_242' title='bbox 884 3372 915 3429; x_wconf 84' lang='lat' dir='ltr'><strong>ut</strong></span> <span class='ocrx_word' id='word_1_243' title='bbox 937 3366 1080 3426; x_wconf 88' lang='lat' dir='ltr'><strong>cruditio-</strong></span> 
     </span>
     <span class='ocr_line' id='line_1_37' title="bbox 187 3450 1081 3529; baseline -0.001 -20"><span class='ocrx_word' id='word_1_244' title='bbox 187 3470 232 3512; x_wconf 81' lang='lat' dir='ltr'><strong>rem</strong></span> <span class='ocrx_word' id='word_1_245' title='bbox 259 3454 425 3513; x_wconf 89' lang='lat' dir='ltr'><strong>metiantur</strong></span> <span class='ocrx_word' id='word_1_246' title='bbox 454 3450 621 3511; x_wconf 87' lang='lat' dir='ltr'><strong>secundum</strong></span> <span class='ocrx_word' id='word_1_247' title='bbox 649 3450 894 3529; x_wconf 86' lang='lat' dir='ltr'><strong>qualificationcs</strong></span> <span class='ocrx_word' id='word_1_248' title='bbox 926 3469 1017 3526; x_wconf 88' lang='lat' dir='ltr'><strong>suas,</strong></span> <span class='ocrx_word' id='word_1_249' title='bbox 1049 3458 1081 3508; x_wconf 94' lang='lat' dir='ltr'><strong>et</strong></span> 
     </span>
     <span class='ocr_line' id='line_1_38' title="bbox 187 3530 1080 3599; baseline -0.002 -6"><span class='ocrx_word' id='word_1_250' title='bbox 187 3554 267 3596; x_wconf 87' lang='lat' dir='ltr'><strong>osnes</strong></span> <span class='ocrx_word' id='word_1_251' title='bbox 289 3536 407 3599; x_wconf 87' lang='lat' dir='ltr'><strong>titulos.</strong></span> <span class='ocrx_word' id='word_1_252' title='bbox 434 3534 570 3594; x_wconf 72' lang='lat' dir='ltr'><strong>(lanatus</strong></span> <span class='ocrx_word' id='word_1_253' title='bbox 591 3538 639 3592; x_wconf 88' lang='lat' dir='ltr'><strong>est</strong></span> <span class='ocrx_word' id='word_1_254' title='bbox 661 3541 692 3594; x_wconf 90' lang='lat' dir='ltr'><strong>et</strong></span> <span class='ocrx_word' id='word_1_255' title='bbox 705 3533 835 3594; x_wconf 88' lang='lat' dir='ltr'><strong>eundem</strong></span> <span class='ocrx_word' id='word_1_256' title='bbox 859 3534 930 3594; x_wconf 84' lang='lat' dir='ltr'><strong>milii</strong></span> <span class='ocrx_word' id='word_1_257' title='bbox 952 3530 1080 3592; x_wconf 91' lang='lat' dir='ltr'><strong>invidio·</strong></span> 
     </span>
    </p>
   </div>
   <div class='ocr_carea' id='block_1_3' title="bbox 187 3687 580 3716">
    <p class='ocr_par' dir='ltr' id='par_1_5' title="bbox 187 3687 580 3716">
     <span class='ocr_line' id='line_1_39' title="bbox 507 3687 515 3695; baseline 0 0"><span class='ocrx_word' id='word_1_258' title='bbox 507 3687 515 3695; x_wconf 73' lang='lat' dir='ltr'>a</span> 
     </span>
     <span class='ocr_line' id='line_1_40' title="bbox 187 3703 580 3716; baseline 0.003 -2"><span class='ocrx_word' id='word_1_259' title='bbox 187 3703 580 3716; x_wconf 53' lang='grc' dir='ltr'><strong>Μ</strong></span> 
     </span>
    </p>
   </div>
   <div class='ocr_carea' id='block_1_4' title="bbox 187 3801 1118 3959">
    <p class='ocr_par' dir='ltr' id='par_1_6' title="bbox 187 3801 1118 3959">
     <span class='ocr_line' id='line_1_41' title="bbox 187 3801 1103 3879; baseline 0.012 -25"><span class='ocrx_word' id='word_1_260' title='bbox 187 3801 211 3854; x_wconf 78' lang='lat' dir='ltr'><strong>lt</strong></span> <span class='ocrx_word' id='word_1_261' title='bbox 231 3803 262 3853; x_wconf 84' lang='lat' dir='ltr'><strong>In</strong></span> <span class='ocrx_word' id='word_1_262' title='bbox 282 3803 325 3853; x_wconf 84' lang='lat' dir='ltr'><strong>ed.</strong></span> <span class='ocrx_word' id='word_1_263' title='bbox 348 3801 422 3856; x_wconf 72' lang='lat' dir='ltr'><strong>den:</strong></span> <span class='ocrx_word' id='word_1_264' title='bbox 440 3807 711 3864; x_wconf 81' lang='lat' dir='ltr'><strong>contradictorium.</strong></span> <span class='ocrx_word' id='word_1_265' title='bbox 750 3809 786 3879; x_wconf 76' lang='lat'><strong>2)</strong></span> <span class='ocrx_word' id='word_1_266' title='bbox 806 3809 843 3866; x_wconf 86' lang='lat' dir='ltr'><strong>ln</strong></span> <span class='ocrx_word' id='word_1_267' title='bbox 855 3809 923 3867; x_wconf 82' lang='lat' dir='ltr'><strong>edd.</strong></span> <span class='ocrx_word' id='word_1_268' title='bbox 938 3811 1034 3878; x_wconf 51' lang='lat' dir='ltr'><strong>orius</strong></span> <span class='ocrx_word' id='word_1_269' title='bbox 1054 3807 1103 3860; x_wconf 67' lang='lat' dir='ltr'><strong>lib</strong></span> 
     </span>
     <span class='ocr_line' id='line_1_42' title="bbox 188 3867 1118 3959; baseline 0.019 -34"><span class='ocrx_word' id='word_1_270' title='bbox 188 3867 219 3918; x_wconf 78' lang='lat' dir='ltr'><strong>ln</strong></span> <span class='ocrx_word' id='word_1_271' title='bbox 238 3870 281 3920; x_wconf 80' lang='lat' dir='ltr'><strong>ed·</strong></span> <span class='ocrx_word' id='word_1_272' title='bbox 299 3871 384 3922; x_wconf 68' lang='lat' dir='ltr'><strong>lea:</strong></span> <span class='ocrx_word' id='word_1_273' title='bbox 408 3875 533 3930; x_wconf 84' lang='lat' dir='ltr'><strong>illsrum.</strong></span> <span class='ocrx_word' id='word_1_274' title='bbox 578 3881 612 3950; x_wconf 83' lang='lat'><strong>3)</strong></span> <span class='ocrx_word' id='word_1_275' title='bbox 635 3885 732 3942; x_wconf 83' lang='lat' dir='ltr'><strong>lbid.:</strong></span> <span class='ocrx_word' id='word_1_276' title='bbox 755 3890 898 3959; x_wconf 86' lang='lat' dir='ltr'><strong>ingenio.</strong></span> <span class='ocrx_word' id='word_1_277' title='bbox 1116 3886 1118 3888; x_wconf 67' lang='grc'><strong>’</strong></span> 
     </span>
    </p>
   </div>
   <div class='ocr_carea' id='block_1_5' title="bbox 796 3960 873 4028">
    <p class='ocr_par' dir='ltr' id='par_1_7' title="bbox 796 3960 873 4028">
     <span class='ocr_line' id='line_1_43' title="bbox 796 3960 873 4028; baseline 0.026 -2"><span class='ocrx_word' id='word_1_278' title='bbox 796 3960 873 4028; x_wconf 71' lang='lat' dir='ltr'><strong>lb*</strong></span> 
     </span>
    </p>
   </div>
   <div class='ocr_carea' id='block_1_6' title="bbox 0 0 1360 4417">
    <p class='ocr_par' dir='ltr' id='par_1_8' title="bbox 0 0 1360 4417">
     <span class='ocr_line' id='line_1_44' title="bbox 0 0 1360 4417; baseline 0 0"><span class='ocrx_word' id='word_1_279' title='bbox 0 0 1360 4417; x_wconf 95' lang='lat' dir='ltr'><strong> </strong></span> 
     </span>
    </p>
   </div>
  </div>
 </body>
</html>
