2709 4417
231 349 295 416 412
520 351 674 407 latonam
692 349 727 404 D.
746 351 780 405 ll.
800 349 880 405 [ruth.

199 537 213 559 ”
318 541 449 620 Quinto,
483 543 545 603 hoo
564 559 687 621 qnoque
709 541 812 601 animo
835 545 889 600 tuo
912 538 1082 618 insculpes,
1100 560 1140 601 ne-

236 645 295 704 que
317 625 489 701 dubitabis,
514 626 584 704 quin
608 632 639 684 tu
666 642 790 703 quoque
821 643 861 682 ex
882 622 1007 683 illorum
1036 624 1075 682 sis
1100 643 1142 682 un·

235 727 340 785 mero,
363 709 413 787 qui
436 708 587 768 Christum
611 709 654 767 ita
676 705 915 781 excarnificant,
938 712 969 765 et
991 705 1072 764 cruci
1091 705 1142 765 effi·

234 797 326 872 gunt,
359 800 487 870 peccata
516 791 597 850 enim
630 798 683 850 tua
704 789 905 849 coniecerunt
939 807 1011 846 eum
1033 788 1063 847 in
1085 788 1145 849 illos

234 874 394 934 eruciatus.
429 874 530 951 Atque
552 874 597 932 sic
619 891 741 953 quoque
764 872 794 933 S.
818 871 928 931 Petrus
950 868 1083 934 Acto.2.
1108 871 1145 930 lu·

235 956 331 1017 dacos
352 974 409 1015 ceu
431 957 544 1016 tonitru
566 954 700 1034 quodam
722 955 945 1033 perterrefecit,
968 972 1040 1012 cum
1061 953 1147 1031 inquit

235 1038 273 1108 ad
297 1057 415 1114 omnes,
438 1040 489 1117 qui
511 1038 652 1098 aderant:
675 1038 740 1098 Vos
763 1056 831 1097 eum
856 1035 1064 1096 crucifixistis.
1084 1035 1147 1097 'Prin

233 1122 437 1203 igitur'milia
457 1122 616 1181 hominum
648 1140 687 1180 ea
708 1139 786 1180 voce
808 1119 978 1196 conterriti,
1003 1117 1082 1192 Quid
1102 1119 1147 1200 igi-

235 1210 283 1264 tur
304 1203 460 1279 faciemus,
481 1203 610 1263 tratres?
637 1203 676 1263 ad
701 1203 863 1282 apostolos
885 1201 1044 1261 dicebant.
1075 1200 1146 1280 Ergo

236 1305 304 1346 oum
333 1286 438 1346 elavos
465 1285 577 1346 infixos
604 1285 745 1346 manibus
769 1285 881 1346 Christi
903 1285 1023 1361 cernis,
1058 1285 1147 1364 cogita

234 1369 305 1429 illos
327 1369 433 1428 clavos
456 1388 524 1429 esse
546 1375 599 1429 tua
620 1387 724 1448 opera,
747 1387 815 1428 cum
838 1386 988 1427 coronam
1010 1366 1149 1446 spineam,

236 1452 340 1532 cogita
377 1469 443 1511 eam
479 1469 548 1511 esse
570 1451 667 1512 malas
701 1457 732 1510 et
763 1452 874 1530 impias
906 1455 975 1510 tuas
999 1451 1148 1529 cogitatio

236 1553 290 1595 nes
312 1540 369 1597 eto.

243 1637 249 1646 ·
319 1615 425 1693 Sexto,
446 1615 497 1676 ubi
518 1617 609 1696 igitur
628 1616 779 1677 Christum
803 1634 864 1675 una
885 1615 976 1694 spina
998 1613 1095 1695 pungi
1115 1615 1148 1673 vi-

237 1698 308 1777 des,
343 1706 373 1758 tu
404 1700 507 1779 cogita
535 1705 565 1759 te
593 1700 753 1776 meritum,
792 1705 826 1757 ut
846 1697 959 1757 millies
981 1697 1105 1776 gravina
1124 1703 1150 1756 et

237 1783 359 1860 saepius
380 1783 568 1862 pungerens.
611 1781 670 1842 Uhi
692 1781 787 1840 clavis
809 1780 966 1861 perfossas
988 1798 1148 1838 manusco

236 1864 333 1945 pedes
355 1866 466 1939 cernis,
489 1867 592 1944 cogita
614 1871 644 1924 te
666 1865 760 1944 longe
781 1864 913 1923 maiores
927 1863 1072 1921 meritum
1094 1881 1148 1921 cm-

234 1948 341 2007 oiatue.
384 1947 424 2007 Elt
445 1966 538 2023 sane,
571 1948 624 2025 qui
647 1946 758 2006 Christi
785 1947 963 2025 passionem
986 1944 1146 2026 negligunt

233 2030 278 2090 illi
308 2049 415 2090 omnes
446 2029 517 2089 illos
545 2030 745 2109 gravissimos
774 2029 925 2088 cruciatus
948 2027 1147 2087 indesinenter

236 2114 398 2193 patientur.
422 2113 529 2191 Neque
553 2113 633 2172 enim
655 2112 716 2172 hoo
738 2110 913 2190 exemplum
937 2110 1003 2169 irae
1026 2111 1144 2189 divinae,

231 2196 267 2254 in
289 2195 409 2255 Christo
432 2196 633 2275 propositum,
656 2214 714 2255 nos
736 2195 829 2256 fallet.
852 2194 915 2253 Ista
937 2195 1044 2253 omnia
1065 2201 1144 2272 atque

233 2277 280 2338 his
303 2279 394 2337 etiam
417 2279 559 2358 graviora
580 2278 666 2357 impii
691 2279 895 2356 experientur.

316 2359 464 2440 Septimo,
486 2379 524 2420 ac
545 2360 637 2421 talem
661 2360 783 2439 quidem
804 2366 952 2419 terrorem
976 2358 1006 2420 S.
1028 2359 1141 2418 Bemar-

233 2441 289 2503 dus
313 2455 351 2503 ex
376 2443 487 2503 christi
509 2444 655 2522 passione
676 2443 811 2522 accepit,
841 2448 874 2502 ut
895 2441 1029 2501 diceret:
1064 2441 1141 2502 Seco-

231 2545 282 2586 rus
304 2525 495 2601 incedebam,
518 2525 592 2585 nihil
615 2526 716 2585 sciens
739 2523 903 2585 deiudicio
917 2523 976 2583 Dei
989 2523 1141 2599 horrendo,

232 2607 315 2688 quod
338 2616 446 2668 contra
468 2627 516 2668 me
538 2609 632 2668 latum
656 2609 772 2667 eratin
795 2607 895 2667 coelo.
931 2606 972 2666 Et
993 2625 1067 2666 ecee
1088 2608 1141 2675 mit-

233 2691 306 2750 titur
327 2692 450 2771 virginis
473 2690 569 2768 lilius,
600 2689 680 2749 lilius
703 2691 760 2750 Dei
788 2689 947 2766 altissimi,
983 2695 1015 2749 et
1036 2689 1142 2750 iubetur

234 2773 343 2850 occidi,
365 2780 399 2834 ut
421 2773 596 2834 vulneribus
618 2775 705 2846 meis,
727 2773 863 2853 pretioso
877 2773 1037 2851 sanguinis
1059 2773 1141 2851 ipsius

231 2854 389 2930 balsamo,
420 2854 585 2919 medeatur.
629 2856 776 2936 Agnosce
797 2854 908 2932 homo,
933 2873 1027 2933 quam
1049 2855 1142 2934 gravia

232 2943 303 2997 sunt
334 2938 478 3017 vulnera,
513 2958 568 3019 pro
602 2939 712 3016 quibus
746 2955 874 2998 necesse
907 2941 955 2997 est
987 2937 1141 2997 Dominum

233 3019 385 3080 Christum
407 3021 569 3082 vulnerari.
611 3020 660 3081 SD
671 3040 734 3081 non
767 3027 871 3080 essent
897 3019 977 3079 haec
1006 3018 1047 3079 ad
1075 3038 1143 3080 mor·

232 3108 293 3162 tem
315 3109 347 3162 et
367 3100 495 3164 r'nortem
519 3104 756 3183 sempiternam,
789 3121 944 3182 nunqnam
967 3121 1024 3182 pro
1048 3121 1142 3163 eorum

232 3186 369 3248 remedio
391 3187 448 3246 Dei
471 3186 550 3246 illiue
573 3193 742 3247 moreretur
763 3192 819 3246 etc.

316 3268 368 3328 Sic
387 3269 524 3329 Christus
546 3288 669 3349 quoque
690 3268 838 3329 monebat
854 3265 1070 3327 mulierculas:
1092 3265 1143 3324 No·

232 3350 286 3410 lite
308 3351 383 3412 flere
404 3371 495 3431 super
517 3372 581 3429 ma,
618 3352 670 3412 sed
703 3369 872 3431 supervos
893 3351 979 3430 ipsas
1001 3347 1090 3424 flete,
1120 3355 1145 3406 et

233 3451 324 3512 super
353 3433 433 3494 tilios
466 3441 594 3497 vestros.
643 3434 684 3494 Et
711 3433 845 3495 addebat
871 3433 1040 3493 rationem:
1076 3430 1145 3505 Quin

232 3516 309 3574 siin
333 3516 458 3578 humido
480 3517 564 3596 ligno
586 3516 664 3576 haec
679 3518 804 3594 faciunt,
830 3517 860 3576 in
883 3514 969 3576 arido
983 3512 1056 3593 quid
1078 3512 1145 3573 flet?

230 3596 302 3660 Luc.
326 3601 375 3662 23.
406 3618 434 3679 q.
454 3598 482 3659 d.
514 3600 630 3660 Discite
652 3619 692 3659 ex
713 3600 772 3660 hao
793 3618 864 3659 mea
885 3598 1048 3678 passione,
1076 3615 1145 3675 quos

231 3681 382 3741 cruciatus
404 3702 461 3744 vos
484 3683 549 3742 sitis
572 3683 690 3755 meriti,
720 3689 753 3742 et
772 3700 853 3758 qnae
879 3700 935 3740 vos
959 3686 1098 3755 maneat,
1118 3681 1145 3738 ni

223 3765 443 3851 credideritis,
471 3786 589 3852 poena.
626 3765 731 3825 illane
751 3763 837 3821 emm
854 3761 914 3816 tna
929 3760 1168 3848 phennenae,

217 3860 254 3920 ut
278 3855 438 3922 caedatur
463 3851 591 3919 catulus
612 3851 651 3910 in
669 3854 832 3908 terrorem
847 3836 953 3895 reum
970 3849 1075 3888 uano.
