2709 4417
507 350 541 406 de
560 350 691 422 passione
709 347 821 407 suoru.
1056 344 1120 413 411

199 533 316 612 bellos,
349 534 484 616 tabulas,
513 555 636 615 cruces,
663 536 802 615 aliasque
832 553 940 615 nugas.
989 533 1119 610 Quidam
1138 543 1152 567 “

200 636 238 677 oo
263 636 361 698 usque
383 637 505 698 quoque
526 620 663 700 prolapsi
685 628 764 697 sunt,
787 626 819 678 ιιι
841 638 875 678 se
895 618 942 678 his
962 618 1053 679 etiam
1075 623 1120 678 tu·

200 708 249 761 tos
273 701 401 761 credant
422 701 460 762 ab
482 722 577 781 aqua,
599 704 679 782 igni,
701 702 793 778 ferro,
817 701 946 779 aliisque
967 699 1120 780 periculis,

200 784 289 862 qussi
320 803 395 845 vero
418 785 530 846 Christi
552 787 656 866 passio
680 786 722 846 ab*
741 785 875 845 externis
896 785 957 843 illis
980 784 1068 855 malis
1090 789 1121 843 et

200 885 218 924 a
243 885 335 926 cruce
352 866 471 946 liberet,
495 887 562 928 cnm
586 875 690 928 tamen
706 867 858 928 diversum
873 868 975 947 potius
989 860 1119 929 Lefficiat

284 949 398 1028 Tertio,
422 951 590 1011 condolent
611 969 735 1030 quoque
755 950 886 1026 Christo,
909 956 940 1009 et
956 954 1122 1028 queruntur

200 1031 240 1090 de
264 1032 330 1091 eius
354 1035 532 1104 innocentia
555 1053 592 1093 ac
614 1033 728 1093 deflent
750 1053 835 1110 eum,
863 1031 1120 1110 quemadmodum

200 1114 401 1175 mulierculae
422 1116 495 1176 illas
527 1117 838 1196 Hierosolymitanae,
861 1134 936 1193 quas
958 1115 1120 1194 reprehen-

200 1195 294 1259 debat
318 1197 454 1258 Ghristus
470 1196 505 1277 *j
530 1218 567 1259 ac
588 1198 752 1276 monebat,
780 1205 813 1259 ut
843 1217 876 1258 se
906 1217 1041 1276 suosque
1069 1197 1122 1259 de·

200 1277 311 1339 flerent
331 1279 455 1342 liberos.

284 1361 401 1437 Quibus
424 1364 505 1426 haud
528 1365 692 1425 dissimiles
719 1371 790 1424 sunt
812 1365 1046 1424 concionatores
1067 1363 1121 1440 illi,

201 1445 253 1523 qui
284 1446 346 1505 ista
374 1448 495 1507 ratione
529 1449 707 1527 passionem
736 1452 879 1523 tractant,
915 1447 997 1506 utin
1021 1445 1123 1506 media
1188 1507 1191 1517 ,

200 1528 264 1586 fere
294 1531 470 1590 narratione
500 1530 645 1590 historiae
677 1531 708 1589 in
741 1529 798 1589 hos
834 1535 998 1589 excurrant
1024 1528 1121 1604 locas,

202 1611 361 1688 quomodo
395 1614 457 1673 suis
497 1614 528 1672 in
567 1612 716 1672 Bethania
760 1611 941 1672 valedixerit
975 1611 1122 1686 Christus,

202 1695 324 1771 quantis
349 1693 506 1755 doloribus
529 1695 712 1755 disemciata
734 1696 773 1754 sit
793 1695 904 1772 Maria,
933 1701 964 1754 ct
986 1697 1016 1753 in
1040 1695 1122 1754 simi·

202 1775 246 1834 les
268 1775 366 1852 alios,
401 1779 430 1836 in
454 1778 562 1855 quihus
585 1780 758 1838 consistunt
778 1778 920 1856 longius,
942 1778 1047 1855 eisque
1068 1777 1121 1836 im·

202 1866 367 1919 morantur.
411 1860 490 1919 Hinc
519 1879 641 1938 quoque
672 1861 868 1936 factumest,
902 1858 984 1937 quod
1016 1860 1047 1919 in
1076 1866 1122 1920 tot

200 1940 310 2017 horas,
343 1960 412 2000 cum
439 1950 598 2003 narrarent
625 1944 777 2022 passionis
806 1942 979 2020 historiam,
1012 1961 1062 2002 res
1083 1943 1123 2001 sit

201 2029 351 2102 extracta,
373 2026 477 2085 nescio
500 2045 538 2085 an
562 2025 733 2086 dormiendi
754 2045 793 2085 an
815 2023 962 2105 vigilandi
984 2043 1086 2085 causa.

286 2104 421 2184 Quarto,
458 2108 488 2167 hi
517 2128 591 2188 ergo
614 2128 688 2169 vere
715 2115 746 2168 et
767 2115 851 2167 recte
873 2107 982 2168 Christi
1004 2108 1121 2187 passio·

201 2207 272 2248 nem
295 2188 490 2268 meditantur,
512 2193 616 2270 quiin
638 2193 734 2272 ipsius
750 2192 895 2270 passione
917 2197 1045 2271 peccata
1066 2207 1123 2250 sua

202 2278 346 2346 cernunt,
378 2279 409 2332 et
438 2273 490 2333 illo
514 2282 681 2353 conspectu
704 2279 899 2354 peccatorum
922 2280 1122 2349 exterrentur,

202 2371 333 2431 quorum
365 2354 555 2416 conscientia
585 2377 639 2416 ceu
667 2358 698 2416 in
729 2356 975 2435 desperationem
1002 2355 1120 2416 labitur.

201 2435 298 2497 Porro
321 2436 373 2496 ille
397 2445 493 2498 metus
517 2446 547 2499 et
573 2443 670 2500 terror
691 2440 763 2499 inde
784 2440 935 2518 nascitur,
969 2437 1051 2518 quod
1080 2439 1121 2498 vi·

202 2517 257 2578 des
292 2520 321 2578 in
353 2520 411 2579 hac
433 2520 543 2581 Christi
572 2524 724 2603 passione,
743 2522 956 2582 vehementem
986 2523 1061 2581 iram
1090 2527 1122 2581 ct

202 2609 397 2662 constantem
420 2604 477 2663 Dei
499 2606 529 2663 in
552 2612 734 2684 peccatores
756 2605 969 2682 severitatem,
995 2604 1045 2681 qui
1068 2622 1122 2665 nos

202 2683 258 2743 luit
281 2685 311 2742 in
338 2686 467 2764 gratiam
492 2688 638 2767 unigeniti
668 2689 715 2747 sui
736 2688 802 2747 Filii
825 2688 992 2766 impunitos
1014 2704 1122 2765 pecca-

203 2776 285 2826 tores
308 2785 346 2826 ac
369 2768 482 2829 liberos
505 2769 672 2844 dimittere,
708 2771 764 2829 nisi
793 2788 848 2829 eos
877 2789 933 2829 sua
955 2775 1055 2829 morte
1077 2788 1121 2831 re·

202 2848 332 2909 dimeret
353 2850 454 2913 Filius.
496 2851 529 2912 ld
565 2853 647 2930 quod
678 2851 786 2911 Esaias
817 2871 940 2930 quoque
962 2851 1124 2912 confirmat

202 2949 269 3010 cap.
292 2935 350 2994 53:
373 2933 503 3013 Propter
524 2944 652 3015 peccata
674 2934 780 3015 populi
803 2936 860 2994 mei
884 2935 1020 3013 percussi
1043 2953 1121 2995 eum.

286 3012 366 3087 Quid
390 3034 467 3096 ergo
487 3018 525 3078 de
548 3017 636 3078 nobis
659 3017 871 3097 patratoribus
893 3016 960 3095 liet,
988 3035 1056 3076 cum
1079 3015 1122 3076 di·

202 3098 299 3157 lectus
321 3097 416 3156 Filius
444 3099 522 3159 adeo
553 3100 667 3160 duriter
690 3106 835 3161 tractetur
856 3119 892 3160 ac
914 3100 1121 3179 percutiatur?

200 3178 340 3240 Necesse
363 3189 409 3240 est
430 3181 615 3243 ineffabilem
641 3190 672 3242 et
693 3183 784 3262 plane
799 3181 1022 3242 intolerabilem
1044 3183 1121 3242 iram

201 3280 239 3320 ac
262 3264 459 3324 severitatem
482 3284 560 3342 esse,
583 3267 630 3325 cui
653 3286 686 3324 se
709 3284 867 3346 opponere
882 3272 967 3326 tanta
988 3282 1122 3344 persona

200 3351 311 3405 coacta
344 3347 399 3421 sit,
432 3354 463 3406 et
495 3348 533 3408 ad
569 3368 658 3426 quarn
682 3347 863 3428 placandam
896 3354 926 3407 et
953 3345 1122 3406 sedandam

199 3427 257 3487 Dei
280 3425 360 3487 lilius
382 3448 490 3506 passus
513 3450 550 3490 ac
573 3437 710 3491 mortuus
732 3432 779 3490 sit.
822 3430 863 3489 Et
884 3449 974 3505 sanc,
1004 3430 1028 3487 si
1051 3429 1120 3507 quis

199 3509 249 3570 hio
273 3509 437 3590 diligenter
459 3513 614 3592 expendat
641 3515 739 3593 ipsum
768 3513 824 3572 Dei
853 3511 965 3591 fllium,
1000 3512 1051 3591 qui
1073 3518 1121 3571 est

199 3599 329 3653 aeterna
349 3593 447 3654 Patris
469 3597 628 3676 sapientia,
650 3597 714 3675 pati
736 3596 878 3675 graviter,
902 3599 950 3657 sat
972 3596 1046 3670 scio,
1069 3612 1120 3655 cx·

199 3675 369 3737 terrebitur.

491 3817 619 3826 ...αι-...-

222 3859 253 3923 ’)
271 3815 489 3917 1⁴qu*
