2709 4417
178 423 180 429 Ι
218 346 280 415 148
448 353 600 420 Disputatio
619 351 727 422 lipsiae
745 353 841 406 habita
859 368 883 404 a.
900 352 965 405 xix

219 545 291 602 tate.
314 538 380 598 Nec
400 540 507 600 iuvant
529 558 586 617 ea,
624 558 703 618 quse
724 538 877 619 ponderat
896 540 929 600 in
952 541 1123 620 praesentis,

219 641 298 701 quse
320 628 351 681 et
372 621 402 684 S.
424 621 530 683 Patres
552 622 632 683 bene
653 623 803 703 legerunt.
826 620 1063 698 Quamviseuim
1082 642 1122 704 pc·

220 704 378 765 culiariter
399 704 465 765 dies
487 704 590 766 iudicii
613 706 743 766 extremi
770 705 836 766 dies
857 705 984 768 Domini
1012 704 1123 785 dicatm,

218 795 252 848 ut
264 786 436 848 Bernartius
459 807 581 869 quoque
593 789 740 862 meminit,
761 794 866 849 tamen
876 790 908 848 in
923 789 1069 867 cuiusque
1080 787 1122 850 ho

219 870 309 930 minis
332 877 451 947 morte,
490 889 558 931 oum
581 870 726 931 iudicium
750 870 807 947 iit,
839 870 906 931 dies
929 871 1055 931 Domini
1074 872 1122 933 dici

217 960 330 1033 potest,
352 972 451 1032 neque
464 961 525 1016 tam
540 960 681 1015 exactam
695 962 726 1014 et
742 954 914 1034 captiosam
925 954 1057 1035 accipiat
1075 950 1122 1015 dis-

216 1037 428 1113 tributionem,
459 1043 491 1096 nt
513 1036 677 1116 Sophistse
698 1036 800 1096 facere
821 1036 940 1115 solent,
971 1038 1003 1096 iu
1027 1038 1122 1098 vocula

219 1121 466 1197 uniuscuiusque.
499 1117 559 1180 Sed
593 1119 631 1180 de
660 1119 708 1178 his
730 1120 880 1198 accipiat,
909 1120 962 1199 qni
984 1119 1121 1200 stipulim,

217 1202 332 1281 lignum
356 1209 387 1261 et
405 1202 531 1262 foenum
553 1201 853 1283 superaedifioamnt,
876 1205 957 1262 sicut
968 1208 1001 1266 et
1009 1201 1120 1285 August

219 1283 384 1363 complicat
413 1284 655 1346 distributionem
692 1285 862 1347 dubani:
890 1285 1046 1346 illuminat
1069 1304 1120 1346 om·

217 1385 287 1427 nem
311 1366 466 1428 hominem
490 1368 665 1429 venientem
687 1370 718 1428 in
744 1368 826 1427 hunc
847 1366 1006 1430 mundum.
1036 1367 1120 1429 ,Unde

217 1451 330 1509 invicta
354 1456 402 1510 est
422 1451 594 1532 apostolica
616 1453 778 1528 sententia,
801 1469 865 1525 eos,
889 1451 943 1530 qui
958 1469 1049 1531 super
1066 1451 1120 1511 lun·

218 1533 393 1593 dementum
415 1532 581 1594 aedificant
596 1534 723 1615 lignum,
744 1534 880 1613 foenum,
902 1533 1055 1614 stipulam,
1075 1533 1119 1595 nl·

219 1633 274 1674 vos
297 1613 372 1693 fieri,
395 1616 450 1676 sed
471 1618 649 1697 perignem
672 1616 876 1698 purgationis,
898 1622 933 1679 ut
954 1618 1000 1677 sic
1020 1616 1118 1677 nullum

218 1697 330 1757 malum
355 1709 478 1759 maneat
498 1700 689 1779 impunitum.

278 1780 326 1841 Ad
349 1781 423 1841 illud
444 1782 563 1846 Eccles.
580 1782 615 1860 *l
640 1783 680 1844 de
702 1801 775 1842 casn
797 1783 872 1863 ligni
895 1780 1117 1863 respondendi

219 1863 360 1942 loquatur
390 1864 428 1924 de
456 1867 654 1946 purgatorio,
687 1867 732 1926 sic
753 1863 877 1946 probari
901 1872 1051 1946 perpetuo
1069 1865 1117 1925 ani
1147 1896 1151 1933 ;

218 1964 298 2005 mam
322 1965 445 2008 manere
469 1949 499 2007 in
522 1949 711 2028 purgatorio.
755 1948 833 2008 Dico
857 1949 974 2028 optime
1003 1948 1117 2008 senense
1145 1978 1152 2017 :

217 2029 371 2109 glossam,
411 2049 467 2110 per
501 2031 614 2111 lignum
645 2031 778 2111 intelligi
804 2031 982 2108 homiuem,
1012 2030 1117 2091 hinctt
1145 2062 1147 2097 :

218 2111 329 2172 Enech.
352 2111 400 2178 31.
424 2113 604 2175 rationalem
627 2122 797 2175 creaturam
826 2113 995 2194 significat:
1036 2112 1116 2174 Omna

218 2194 332 2275 lignum
356 2196 491 2256 Paradisi
514 2203 572 2259 etc.
595 2202 626 2257 et
646 2216 703 2277 per
723 2215 828 2257 casum
844 2204 986 2258 mortem.
1007 2195 1068 2256 Nec
1084 2201 1115 2256 ts
1145 2228 1151 2261 ε.

221 2297 294 2337 men
317 2279 404 2358 sequi
432 2279 503 2339 ideo
524 2288 675 2360 perpetuo
701 2298 860 2340 remanere
888 2281 920 2339 in
947 2279 1116 2360 purgatorio,

219 2360 274 2420 sed
298 2369 330 2420 ut
353 2364 477 2443 egregie
498 2364 627 2443 exponit
647 2363 681 2422 B.
702 2362 828 2427 Hieron.
849 2382 906 2442 per
927 2373 1058 2422 anstrum
1077 2360 1116 2422 bc
1148 2390 1152 2437 ;

219 2464 310 2521 num,
342 2464 397 2523 per
418 2446 610 2525 aequilonem
634 2446 746 2506 malum
777 2452 808 2505 et
828 2445 1054 2506 damnationem
1073 2445 1118 2524 sig·
1149 2496 1151 2503 ,

220 2524 352 2586 nificare.
377 2526 478 2601 Quare
499 2531 621 2609 sapiens
643 2547 706 2589 non
730 2529 799 2589 loca
820 2528 873 2588 illa
893 2529 1059 2609 intellexit,
1076 2525 1118 2588 sed

222 2616 344 2688 statum,
369 2610 451 2689 qnod
472 2613 502 2670 in
525 2629 599 2672 casu
621 2611 670 2671 vel
693 2618 740 2671 est
761 2610 870 2691 bonus,
893 2618 925 2672 et
943 2613 1118 2692 itapersere

217 2692 297 2752 rabit
318 2695 384 2753 sina
406 2702 570 2775 augmento
586 2695 704 2774 gratiam
726 2693 766 2756 ob
790 2703 988 2775 peccatorum
1011 2693 1119 2756 deletio

221 2794 302 2851 nem,
326 2777 351 2836 si
374 2783 421 2836 est
443 2778 551 2855 malus,
571 2777 749 2858 perdurabit
772 2778 934 2858 malignus.

292 2858 338 2918 De
359 2861 520 2920 mansione
541 2861 623 2940 apud
644 2861 818 2921 Johannem
836 2861 922 2938 dixit,
940 2861 1042 2920 statim
1063 2862 1121 2940 post

220 2947 347 3001 mortem
392 2949 506 3002 certam
550 2945 670 3004 animae
713 2943 887 3024 deputatam
932 2944 1120 3004 mansionem.

221 3022 386 3097 Quomodo
409 3045 483 3106 ergo
506 3028 563 3086 erit
585 3036 684 3103 certa,
716 3028 741 3087 si
768 3025 823 3086 flat
851 3027 990 3087 accessio
1013 3024 1121 3086 maioris

220 3110 349 3187 gratiae.
372 3108 450 3168 Nam
475 3117 547 3170 tunc
568 3111 744 3170 necessario
755 3108 881 3171 accedet
902 3111 994 3171 altior
1006 3108 1122 3183 mansio,

219 3194 442 3252 consectarium
473 3212 596 3272 quoque
624 3201 721 3271 esset,
744 3213 830 3272 eum,
859 3194 910 3272 qni
931 3193 971 3253 ad
994 3198 1123 3273 purgato

220 3275 296 3333 rium
320 3275 536 3355 descenderet,
568 3295 636 3336 cum
667 3276 803 3356 pluribus
831 3275 1003 3337 venialibus
1029 3275 1124 3335 melius

224 3356 347 3434 habere,
371 3377 461 3437 quam
485 3359 722 3420 descendentem
745 3378 813 3419 cnm
835 3362 957 3440 paucis,
978 3360 1031 3420 vel
1051 3358 1126 3419 mori·

222 3449 323 3500 eutem
347 3459 415 3500 oum
439 3443 543 3518 nullis,
573 3445 645 3522 quia
665 3444 764 3514 maior
789 3441 879 3503 fieret
899 3444 926 3504 ei
949 3445 1067 3525 gratiae
1086 3460 1126 3502 ac

223 3526 322 3584 cessio
352 3525 390 3584 ad
427 3526 556 3605 plurium
594 3526 757 3586 venialium
793 3526 989 3588 deletionem.
1038 3524 1131 3601 Addo,

222 3606 303 3684 quod
327 3610 451 3667 noxium
474 3617 505 3670 et
526 3610 702 3670 damnabile
716 3616 798 3670 esset
820 3629 909 3671 orere
929 3630 987 3691 pro
1001 3610 1128 3684 mortuis,

232 3884 261 3950 *l
281 3882 366 3943 Eool.
391 3888 438 3942 li.
