2709 4417
391 360 394 365 “
508 355 664 411 enatantis
682 363 807 426 uoopta
1048 353 1111 423 199

199 545 322 608 dimitto.
354 545 444 622 Diuo,
465 562 529 607 non
550 546 689 626 potuisse
701 544 830 607 Paulum
851 546 933 607 intes
956 563 996 606 sn
1017 545 1112 608 eorde

199 629 348 702 manenti,
383 629 441 688 nisi
470 629 609 691 trabeato
639 629 754 709 gratia,
794 636 827 690 ut
853 627 887 692 Β.
919 629 1111 710 Augustinus

199 718 302 771 oontrs
322 711 483 791 Epistulas
498 712 674 792 Pelagiano.
697 710 810 792 doust,
840 713 979 792 gratiam·
992 713 1049 773 Dei
1070 712 1111 772 ia-

199 813 264 854 eara
285 812 326 854 ax
347 794 523 856 nutantibus
545 813 582 855 ae
602 794 815 856 resistentibus
833 794 986 856 'volentes
1014 799 1047 856 et
1066 814 1112 855 se»

199 896 318 956 quaese.
339 877 387 938 Ita
408 877 534 939 utillud
556 878 587 938 in
601 877 774 960 Evangelio
795 877 933 956 solvitur,
957 877 1038 958 quod
1052 898 1112 939 ser·

200 980 251 1020 vus
272 967 379 1040 potest
399 961 586 1040 oompellere
606 961 720 1036 verbo,
742 960 797 1021 se'd
819 962 879 1021 uisi
901 967 956 1025 tut
974 961 1045 1023 lisa.
1068 962 1112 1022 to·

202 1045 297 1123 quitur
319 1042 349 1124 1)
374 1044 526 1105 Dominus
547 1043 662 1122 sibilet,
683 1044 759 1104 nihil
779 1045 924 1122 sequitur.

277 1125 327 1187 Ad
349 1126 424 1186 iilud
436 1126 610 1206 Augustini,
639 1127 840 1207 intelligentis
861 1126 1012 1186 servitem·
1026 1128 1114 1187 timo·

204 1229 262 1270 rem
282 1210 315 1271 in
336 1209 432 1271 verbo
455 1208 655 1271 Salomonis:
686 1209 810 1270 initium
830 1210 1003 1289 sapientias
1021 1209 1114 1269 timor

205 1292 341 1367 Domini,
369 1301 400 1352 et
426 1291 501 1352 illud
527 1293 653 1372 glossae
677 1293 857 1356 Psal.110:
886 1292 986 1352 Metus
1011 1291 1114 1352 iudieii

207 1377 290 1436 ienua
309 1381 358 1436 est
379 1376 595 1436 eonversionis
613 1375 653 1436 ad
665 1375 773 1453 Deum,
795 1374 984 1454 respondeo:
1008 1374 1040 1435 ei
1061 1373 1114 1436 ad·

208 1459 242 1520 sit
257 1459 371 1538 grstia,
408 1458 544 1537 alioquin
571 1458 691 1519 sessilis
721 1460 813 1519 timor
833 1458 900 1518 sine
923 1458 1023 1538 'gratia
1045 1460 1114 1534 (ne-

210 1561 258 1620 que
279 1541 360 1601 onitu
383 1540 574 1620 Augustinus
599 1540 751 1607 exeluditt
793 1559 857 1601 nou
879 1547 1030 1620 'operatur
1056 1541 1115 1600 uisi

211 1626 282 1684 uem.
325 1622 456 1703 Oportet
479 1625 562 1684 enisa
584 1623 667 1703 quud
689 1625 878 1703 Augustinus
901 1642 966 1684 nun
985 1629 1115 1704 pugnet,

213 1708 278 1767 siout
298 1725 373 1767 vere
392 1726 457 1767 uun
477 1714 610 1786 pugnat,
633 1726 701 1767 oum
722 1706 836 1785 Paulo,
853 1705 1030 1767 -damnante
1052 1725 1116 1767 om·

214 1791 254 1850 nis
272 1808 352 1868 quae
378 1796 451 1850 sunt
473 1797 559 1851 extra
580 1790 719 1869 glutiam.
758 1789 903 1850 Gloseam
927 1808 1019 1868 super
1040 1787 1115 1849 illud

214 1873 306 1934 soma.
326 1873 362 1936 8:
406 1872 477 1933 Nou
499 1872 664 1952 eoeepistis
683 1873 822 1951 spiritum
853 1873 1007 1933 servitutis
1028 1873 1060 1933 iu
1081 1872 1115 1932 ti·
1205 1906 1210 1917 ι

214 1975 294 2034 nore,
317 1954 483 2027 dieentes),
504 1964 574 2016 sesa
594 1955 737 2016 sentam
750 1957 893 2016 umorem
915 1955 1040 2030 bonum,
1062 1957 1116 2034 pu·

214 2038 260 2099 tius
279 2038 449 2114 reiioerem²
471 2047 615 2116 unquam
638 2056 786 2117 expresse
803 2045 912 2098 eunti-s,
932 2043 1048 2098 textum
1073 2037 1116 2098 lu

214 2127 352 2199 quent-em.
374 2121 546 2200 Apostolus
570 2122 651 2181 enim
668 2120 758 2182 dioit:
780 2121 850 2183 Non
873 2122 1036 2200 aooepistis
1057 2121 1117 2200 spi·

211 2204 290 2264 sitnm
311 2204 468 2264 servitutis
490 2204 522 2265 in
545 2205 664 2282 timore,
687 2205 837 2265 damnans
853 2222 931 2267 eum.
953 2205 1016 2265 Aut
1037 2203 1117 2281 dieu,
1207 2236 1209 2240 ·

201 2287 282 2364 'quod
304 2286 412 2366 glossa
433 2293 549 2347 textum
571 2304 635 2347 uon
661 2287 798 2366 exponit.

267 2368 362 2431 illud
382 2369 526 2448 Apostoli
554 2369 593 2432 esi
614 2369 747 2431 Tiausa,
769 2367 827 2450 *):
871 2371 978 2448 Argue
1012 2384 1116 2428 soram

204 2452 360 2529 omnibus,
395 2460 430 2513 nt
450 2458 482 2515 et
501 2453 596 2513 eotasi
618 2453 759 2513 timorem
779 2451 931 2528 habeant,
961 2451 998 2510 Du
1020 2450 1058 2512 D.
1079 2449 1122 2519 nd,

203 2534 344 2597 servilem
366 2535 509 2597 timorem
528 2534 698 2614 adaptavit,
720 2534 802 2614 quod
817 2535 966 2612 relinquo.
988 2531 1058 2612 Ego
1080 2531 1119 2592 de

200 2614 285 2679 filiali
304 2618 417 2678 timore
438 2618 568 2696 moisio,
590 2617 692 2679 donea
712 2618 801 2678 aliter
823 2617 941 2698 probet.
964 2614 1055 2690 Quod
1065 2634 1118 2675 au·

200 2706 262 2760 tem
285 2700 475 2779 Augustinus
495 2701 642 2780 Magistro
662 2702 813 2761 seoimnte
834 2700 884 2761 lib.
902 2697 936 2764 3.
956 2698 1047 2758 dieit:
1069 2697 1118 2759 Ti·

199 2801 267 2843 mor
288 2783 410 2845 eurulis
430 2790 492 2860 eet,
524 2801 594 2844 eum
621 2803 677 2864 per
699 2783 842 2844 timorem
863 2782 1026 2863 gehennoe
1048 2801 1119 2840 oon-

200 2867 276 2926 tinot
297 2884 332 2925 se
352 2885 372 2926 a
393 2877 538 2944 paooatu,
570 2882 633 2944 que
654 2866 876 2945 poeaitentiam
897 2864 1021 2940 iudiois,
1057 2883 1118 2942 quo

200 2967 319 3027 poenas
342 2949 450 3009 metuit
471 2958 528 3010 eto.
550 2949 871 3033 Gontinet„inquem‚
893 2967 928 3007 se
949 2966 968 3008 a
989 2953 1118 3026 peooato

201 3037 331 3092 externo
354 3037 489 3108 uatum,
502 3032 598 3126 jutus
621 3039 723 3092 tamen
746 3037 848 3111 auget.
861 3030 965 3092 odium
986 3024 1120 3090 iustitiae

201 3113 375 3194 gehennam
397 3115 621 3175 ootummeutis.
649 3113 690 3175 tu
709 3114 810 3174 isira:
832 3115 937 3175 Bonus
960 3119 1008 3172 est
1031 3112 1121 3172 timor

201 3203 232 3257 et
264 3195 367 3274 utilis,
402 3196 475 3257 lieet
495 3204 528 3256 st
548 3194 751 3274 insufficiens,
784 3215 838 3276 per
860 3210 951 3276 quem
974 3195 1118 3274 paulatim

201 3277 236 3338 fit
255 3277 451 3339 eonsuetudo
464 3279 608 3340 iustitiae.
630 3279 757 3341 Hooest
773 3298 844 3339 meo
865 3279 978 3339 indicio
991 3296 1119 3338 eonsue-

202 3361 277 3423 tudo
305 3360 491 3440 despeiuudi
525 3368 557 3422 et
586 3360 711 3423 odiendi
733 3362 845 3439 Deum,
882 3363 907 3422 ei
941 3359 1120 3420 excludatur

202 3445 322 3524 glutis:
341 3460 447 3505 uerum
471 3453 574 3505 eutem
596 3451 652 3521 est,
675 3445 701 3505 ei
722 3444 894 3506 ineludatun
914 3445 1022 3524 gratia.

231 3738 263 3795 1)
279 3736 313 3788 ln
324 3737 364 3788 ed.
377 3722 479 3803 origin
489 3756 516 3790 m
525 3741 645 3817 augins·
656 3738 799 3817 adscripta
807 3717 1132 3817 agnominatione.

199 3808 217 3853 ‚vt
229 3805 295 3853 Ess.
315 3804 449 3869 quuitur.
1066 3830 1070 3837 ·

211 3880 245 3946 ‘7
260 3882 294 3937 1.’
308 3884 378 3941 um.
398 3890 427 3946 5.
526 3896 539 3919 '·
592 3898 618 3909 ··
