2709 4417
265 362 329 430 402
558 359 578 415 L
596 359 702 416 bondo
721 361 749 413 b.
769 361 804 415 lt.
824 360 903 413 Lsth.

268 548 383 607 Verum
405 564 472 604 sum
493 546 689 626 baptizatus,
727 546 865 620 etacio,
903 542 989 622 quod
1013 543 1109 619 Deus,
1132 545 1171 622 qui

269 629 389 689 mentiri
411 646 473 687 nou
497 635 609 710 potest,
632 648 686 709 per
707 627 892 707 baptismum
917 625 1042 686 semihi
1063 624 1173 686 obstrin-

267 712 356 788 xerit,
378 711 461 789 quod
484 712 562 772 nolit
582 717 711 792 peccata
729 709 804 769 mihi
824 710 989 790 imputare,
1013 707 1070 768 sed
1089 709 1174 788 potius

268 812 307 855 ea
326 795 358 853 in
381 812 430 853 me
452 793 636 855 mortificare
658 800 689 853 et
710 792 845 853 abolere.

350 875 455 936 Tertio
479 876 615 955 decimo,
648 875 793 955 intelligis
827 875 921 956 igitur
943 879 1084 933 nostram
1106 874 1177 933 inno·

269 960 422 1034 centiam,
443 961 474 1018 in
497 978 558 1038 qua
580 978 599 1019 a
620 959 773 1038 baptismo
798 976 924 1036 sumus,
949 963 1050 1017 totam
1072 955 1178 1017 divinae
1218 1018 1219 1033 ,

269 1040 497 1102 misericordiae
519 1041 641 1118 deberi,
670 1060 749 1120 quae
778 1060 835 1101 uos
864 1045 1053 1121 peccatores
1074 1038 1180 1118 tolerat,

269 1143 369 1203 neque
388 1124 519 1203 imputat
541 1124 629 1185 nobis
651 1130 788 1205 peccata,
810 1122 940 1203 perinde
961 1128 1059 1200 atque
1081 1123 1105 1181 si
1126 1123 1181 1181 siue
1218 1166 1219 1171 η

269 1207 404 1286 peccatis
427 1225 574 1271 essemus.
1119 1268 1121 1273 .

352 1289 431 1349 Hinc
452 1308 574 1368 quoquc
593 1288 753 1368 intelligis,
775 1307 869 1368 quare
886 1288 1058 1348 Christiani
1081 1288 1183 1346 miseri·

270 1370 396 1431 cordiae
418 1370 481 1450 filii,
504 1372 636 1453 populus
658 1373 784 1450 gratiae,
806 1372 879 1432 item
902 1371 1061 1448 homines,
1085 1369 1182 1449 quibus

269 1446 352 1514 Deus
375 1453 453 1514 bene
475 1455 557 1533 velit,
580 1456 610 1514 iu
633 1455 728 1514 sacris
750 1454 844 1515 literis
866 1453 1076 1533 appellentur.
1119 1451 1183 1512 Ideo

269 1537 403 1612 scilicet,
431 1537 513 1616 quod
545 1539 576 1598 in
598 1537 750 1616 baptismo
774 1538 933 1616 coeperint
961 1534 1134 1617 purificari,
1159 1542 1185 1594 et

271 1621 389 1698 peccati
421 1620 568 1699 reliquiae
605 1622 645 1694 (si
668 1622 799 1697 quaein
829 1621 874 1679 eis
895 1616 1101 1697 remaneant)
1129 1636 1184 1677 nou

270 1701 479 1763 condemnant
506 1723 571 1764 eos.
614 1702 691 1762 Tum
724 1702 846 1762 demum
875 1708 979 1762 autem
1003 1702 1132 1762 omnino
1152 1699 1185 1760 ab

270 1783 411 1845 omuibus
433 1789 569 1866 peccatis
591 1785 677 1845 liberi
699 1787 824 1864 vivent,
858 1803 927 1844 cum
950 1784 1066 1844 mortui
1087 1784 1118 1843 in
1139 1801 1184 1843 uo·

270 1868 395 2008 pissimo
417 1867 467 1928 die
488 1874 657 1948 resurgent,
678 1868 710 1927 id
732 1867 814 1948 quod
837 1868 980 1948 baptismi
1003 1868 1127 1947 signum
1147 1867 1184 1924 iu·

290 1951 363 2010 icat.

351 2032 459 2112 Longe
480 2033 572 2112 igitur
594 2038 712 2108 errant,
740 2034 766 2092 si
789 2034 840 2112 qui
861 2024 982 2112 putant,
1003 2033 1067 2093 iarn
1092 2038 1185 2090 tuma

270 2113 423 2194 baptismo
452 2134 486 2174 se
515 2114 553 2175 ab
577 2117 717 2177 omnibus
741 2117 876 2195 peccatis
898 2113 1066 2174 mundatos
1096 2133 1131 2173 ac
1156 2113 1184 2173 li·

270 2199 402 2275 beratos,
425 2199 499 2257 facit
520 2199 601 2257 enim
623 2199 674 2259 ille
698 2218 793 2278 error,
816 2201 849 2259 ut
861 2198 960 2257 securi
983 2196 1182 2270 obambulant,
1218 2200 1219 2207 ’

270 2299 370 2360 neque
399 2299 531 2359 uuquam
561 2281 600 2340 de
629 2280 848 2341 mortificandis
876 2280 1015 2360 peccatis
1047 2280 1180 2359 cogitent.

270 2363 301 2424 Si
324 2362 406 2441 quod
422 2363 610 2423 admiserunt
622 2371 793 2444 peccatum,
815 2384 849 2423 se
870 2382 933 2422 nou
958 2381 1107 2441 peccasse
1127 2364 1179 2441 opi-

270 2455 394 2522 uantur,
427 2447 470 2505 ita
491 2453 593 2506 autem
616 2447 666 2523 fit,
698 2454 731 2507 ut
758 2449 788 2506 iu
811 2447 946 2527 peccatis
968 2446 1132 2524 perdurent
1150 2462 1197 2530 ag,

270 2548 394 2608 prorsus
416 2529 553 2588 inutilem
584 2529 642 2590 sibi
664 2530 848 2609 baptismum
871 2527 1013 2590 reddant.
1057 2527 1189 2588 Haerent

270 2612 351 2670 enim
378 2612 409 2670 in
440 2614 574 2672 externis
596 2619 713 2672 tautum
744 2612 904 2693 operibus,
934 2610 990 2671 sub
1014 2608 1121 2689 quibus
1139 2629 1175 2669 se

268 2693 355 2773 pulta
377 2694 536 2773 superbia,
559 2694 672 2772 odium,
697 2696 818 2775 aliaque
840 2695 916 2754 vitia
946 2693 1047 2773 magis
1069 2712 1104 2752 ac
1126 2711 1175 2751 ma·

269 2777 315 2856 gis
336 2777 418 2856 ipsis
433 2777 646 2858 ignorantibus
668 2786 819 2841 crescunt.
842 2780 849 2788 “

352 2859 465 2919 Verum
508 2879 569 2920 uon
606 2862 650 2921 ita
677 2860 853 2921 faciundum
881 2866 941 2936 est,
982 2877 1109 2918 necesse
1138 2864 1174 2917 est
1218 2928 1219 2947 Χ

269 2943 368 3017 euim,
391 2948 424 3001 ut
450 2950 600 3022 peccata,
633 2945 706 3003 item
729 2945 857 3004 vitiosos
880 2941 1008 3002 affectus
1031 2960 1088 3021 pro
1108 2941 1174 3000 veris
1218 2958 1219 3013 l

269 3026 403 3103 peccatis
425 3044 583 3105 agnoscas.
617 3025 708 3100 Quod
731 3033 834 3087 autem
856 3025 910 3085 illa
931 3032 963 3084 te
983 3024 1175 3084 condemnare

269 3108 488 3186 nonpossint,
526 3109 601 3168 illud
624 3115 721 3169 toturn
746 3109 869 3169 divinae
892 3106 1119 3169 misericordiae
1136 3124 1175 3165 re-

268 3189 347 3249 feres
370 3199 541 3269 acceptum,
563 3211 664 3271 neque
686 3193 766 3251 enim
783 3191 866 3252 Deus
884 3210 922 3250 ea
943 3191 1010 3249 vult
1031 3191 1175 3269 imputare,

268 3273 311 3332 ita
333 3279 454 3350 tamen,
489 3281 522 3333 ut
551 3282 582 3334 tu
605 3293 729 3354 quoque
750 3293 819 3335 cum
850 3275 894 3334 eis
917 3272 1078 3352 depugnes
1100 3289 1176 3331 cruce

269 3360 300 3413 et
322 3354 410 3414 bonis
433 3355 587 3436 operibus,
609 3357 711 3418 donec
733 3377 789 3437 per
809 3364 939 3417 mortem
963 3356 1091 3416 omniuo
1112 3354 1172 3414 abc·

269 3436 397 3499 leantur.
441 3438 526 3498 Haec
547 3441 599 3518 qui
620 3460 682 3501 uon
706 3441 837 3512 faciunt,
867 3438 927 3498 illis
950 3457 1013 3498 uon
1036 3438 1176 3498 remitteu·

267 3527 315 3578 tur
335 3529 472 3599 peccata.
495 3522 603 3602 Neque
629 3525 710 3583 enim
732 3522 885 3603 baptismo
908 3527 939 3581 et
955 3520 1085 3598 foederi,
1107 3518 1176 3600 quod

268 3619 335 3660 cum
358 3603 426 3663 Deo
448 3605 621 3684 iunxerunt,
646 3607 845 3682 satisfaciunt,
868 3603 923 3664 aed
946 3606 1103 3685 inceptum
1124 3609 1177 3664 tum

265 3683 333 3765 Dei,
356 3691 419 3746 tum
444 3687 589 3771 baptismi
609 3707 689 3768 opus
708 3695 912 3748 remorantur.

347 3770 472 3850 Quarto
487 3773 628 3852 decimo,
647 3791 717 3832 uon
736 3777 843 3829 autem
862 3767 996 3822 munuum
1007 3766 1067 3819 *dus
1082 3767 1192 3820 mom-

249 3858 303 3923 lcs
325 3868 415 3947 sunt,
440 3862 498 3946 qui
521 3851 804 3924 satislaotiouibus
822 3848 962 3923 peccata
985 3840 1098 3930 orasse
1113 3852 1217 3893 musu-
