2709 4417
217 347 282 417 456
454 345 498 400 vt.
519 344 622 401 concio
642 343 790 412 Quomodo
803 344 847 398 'sit

224 539 262 599 tis
285 537 400 598 fractus
421 535 539 596 animus
561 533 681 594 amdius
701 535 795 595 νίῐιιιιι
818 538 963 614 expetat,
994 538 1025 594 ut
1050 551 1124 595 occa

224 627 314 703 patus
343 620 397 680 illa
423 617 630 679 sollicitudine
651 615 831 678 retinendae
856 617 938 677 vitae
972 615 1028 676 Dei
1055 636 1124 697 pror·

224 723 275 764 sus
300 701 515 777 obliviscatur,
538 706 571 761 ut
597 702 670 760 item
694 706 824 761 mortem
846 700 946 780 fugiat
968 707 997 758 et
1018 719 1126 761 exosam

226 787 342 847 habeat
363 784 534 844 contraDei
548 783 739 843 voluntatem
761 782 1002 843 acmandatum.
1024 781 1128 862 Quanto

226 871 308 930 enim
339 869 430 928 altius
458 867 512 927 illa
542 865 581 926 do
615 872 714 927 morte
742 867 891 948 cogitatio
925 866 1030 926 animo
1057 865 1139 926 fuerit¹

223 953 391 1031 impressa,
413 957 500 1010 tanto
523 948 675 1009 difficilius
698 948 839 1028 adeoque
863 950 983 1010 maiore
1004 967 1072 1007 cum
1089 968 1129 1029 pe

225 1033 322 1094 riculo
347 1036 476 1094 mortem
499 1033 675 1095 toleramus.
1160 1040 1163 1049 '

308 1115 358 1177 Sic
389 1117 481 1196 igitur
512 1115 686 1176 faciendum
720 1124 801 1191 erat,
836 1116 965 1194 saepius
999 1114 1075 1177 haec
1104 1114 1132 1174 de

226 1206 325 1276 morte
352 1199 498 1278 cogitatio
530 1205 596 1258 erat
621 1197 799 1258 revocanda
823 1199 856 1257 in
884 1198 1040 1273 animum,
1074 1197 1132 1257 dum

202 1281 397 1342 'incolumes
418 1282 564 1359 vivimus,
600 1280 733 1359 dumque
763 1281 872 1361 procul
894 1279 999 1339 adhuc
1019 1287 1133 1340 mortem
1173 1298 1174 1357 ι

228 1365 339 1426 abesse
363 1382 532 1424 censemus.
575 1362 653 1425 Τιιιιι
688 1383 755 1422 curn
784 1364 844 1424 iam
875 1362 1070 1423 moriendum
1099 1373 1134 1422 est

227 1465 264 1507 ac
285 1465 343 1507 nos
365 1449 433 1526 ipsa
456 1465 538 1507 mors
560 1454 656 1526 urget,
679 1446 748 1526 plus
766 1446 946 1527 diligentior
961 1446 1066 1505 mortis
1086 1465 1134 1504 mc

227 1529 335 1590 ditatio
359 1530 464 1602 obest,
487 1549 577 1608 quarn
600 1529 741 1609 prodest,
762 1531 826 1590 imo
849 1534 913 1589 tum
939 1529 1066 1589 omnino
1086 1528 1135 1588 alio
1172 1558 1174 1570 ·

226 1610 408 1672 deflectendi
431 1620 501 1672 sunt
522 1612 614 1690 oculi,
637 1619 668 1672 et
689 1631 779 1691 qnam
798 1612 984 1692 longissime
1001 1611 1136 1671 eiicienda

227 1698 330 1755 animo
354 1695 408 1754 illa
436 1688 542 1756 mortis
572 1696 719 1775 cogitatio
742 1700 804 1769 est,
838 1697 918 1755 sicut
946 1694 1025 1754 infra
1047 1713 1135 1754 mone·

227 1779 336 1838 bimus.
379 1777 458 1837 Nam
482 1797 562 1839 mors
585 1784 647 1838 tum
670 1777 793 1837 demum
818 1785 866 1838 est
886 1776 1089 1849 validissima,
1116 1778 1136 1835 si

227 1860 342 1940 alioqui
377 1859 498 1920 infirma
524 1868 632 1920 natura
660 1862 837 1940 importuna
858 1879 896 1919 ac
918 1861 1013 1919 nimia
1035 1861 1137 1938 cogita·

227 1945 311 2004 tione
334 1944 440 2003 mortis
463 1963 496 2004 se
518 1943 675 2023 defatiget.

309 2024 467 2105 Septimo,
491 2025 608 2097 eadem
620 2028 741 2085 ratione
763 2033 794 2084 et
815 2031 978 2103 peccatum
1001 2026 1137 2103 augescit,

227 2109 252 2167 si
275 2110 398 2188 saepius
425 2116 456 2168 et
484 2108 575 2168 altius
599 2108 637 2168 de
659 2127 698 2168 eo
721 2108 848 2187 cogites.
885 2107 1024 2167 Multum
1047 2115 1136 2166 autam

216 2190 266 2260 ,ad
291 2210 357 2250 eam
380 2211 443 2251 rem
459 2191 531 2250 facit
552 2193 611 2251 iam
635 2199 707 2250 ante
730 2190 1047 2268 territaoonscientia,
1070 2208 1138 2267 quac

227 2280 337 2333 atauo
359 2273 472 2333 iudicio
492 2274 636 2333 damnata
658 2281 722 2349 est,
754 2279 785 2332 et
811 2268 907 2351 pudet
935 2291 1058 2350 quoqne
1079 2292 1136 2332 eam

228 2355 352 2415 admissi
380 2359 508 2434 peccati.
558 2356 615 2416 Est
645 2363 746 2415 autem
776 2362 839 2415 tum
869 2374 983 2435 magna
1016 2356 1136 2414 fenestra

227 2437 361 2499 Satanae
382 2438 421 2498 ad
443 2439 634 2498 exercendos
657 2458 714 2498 nos
737 2444 863 2516 aperta,
885 2439 1014 2498 rimatur
1035 2439 1136 2510 omnia,

227 2536 283 2581 nos
312 2529 415 2601 urget,
451 2528 578 2601 peccata
605 2540 728 2600 quoque
755 2521 849 2600 longe
882 2522 1027 2600 graviora
1057 2527 1136 2599 atque

227 2610 298 2663 sunt
333 2603 429 2684 fingit,
472 2603 512 2663 Et
547 2606 638 2663 mirus
661 2604 770 2663 artifex
793 2604 898 2663 omnia
920 2605 1057 2664 omnium
1080 2623 1134 2683 pec

227 2694 374 2764 catorum,
397 2688 447 2766 qui
469 2706 601 2764 unquam
621 2688 757 2758 luerunt,
780 2686 924 2766 exempla
946 2693 1020 2747 ante
1043 2686 1135 2747 oculos

228 2770 328 2848 ponit,
352 2769 462 2850 redigit
483 2771 512 2828 in
539 2771 718 2829 memoriam
741 2768 862 2829 illorum
886 2770 974 2829 triste
995 2768 1133 2837 iudicium,

227 2852 278 2992 qui
310 2850 349 2911 ob
377 2852 470 2931 longe
499 2851 616 2911 leviora
643 2857 773 2931 peccata
802 2858 928 2911 aeterno
961 2858 1059 2912 morte
1078 2861 1134 2911 sunt

248 2935 372 2994 amnati.

308 3015 410 3077 Efficit
432 3026 533 3076 autem
556 3017 603 3076 his
626 3017 863 3094 tentationibus,
895 3025 926 3076 ut
960 3023 1015 3076 aut
1041 3016 1132 3096 despc

228 3100 347 3159 ratione
374 3100 473 3158 victus
496 3101 614 3159 animus
637 3099 832 3175 succumbat,
866 3107 920 3159 out
948 3107 1057 3160 contra
1089 3099 1132 3158 Dei

226 3181 415 3242 voluntatem
446 3185 578 3242 retinere
606 3183 700 3242 vitam
731 3184 847 3262 cupiat,
881 3192 914 3242 ut
943 3182 1056 3243 oblitus
1090 3181 1132 3240 [lei

227 3283 333 3340 parere
355 3264 422 3325 Deo
446 3265 537 3338 nolit,
568 3273 598 3324 et
624 3266 738 3325 invitus
760 3271 889 3325 mortem
915 3265 1018 3326 obeat.
1060 3264 1132 3324 Prae

227 3347 317 3424 cipue
339 3356 440 3406 autem
468 3354 530 3407 tum
555 3347 606 3408 illa
629 3347 732 3409 solent
755 3349 905 3426 accidere,
928 3368 997 3407 cum
1022 3365 1132 3427 persua·

227 3427 279 3488 det
301 3429 357 3489 sibi
385 3429 479 3490 homo
508 3431 714 3490 necessariam
738 3439 769 3490 et
789 3431 893 3490 utilem
916 3431 998 3491 hanc
1020 3430 1058 3490 de
1079 3446 1134 3509 pec

228 3517 298 3570 cato
321 3513 538 3592 cogitationem
562 3532 639 3574 esse.
684 3513 784 3573 Sentit
804 3515 884 3575 enim
908 3534 942 3574 se
963 3514 1134 3593 imparatum

225 3599 256 3651 at
291 3593 329 3652 ad
365 3602 492 3656 mortem
521 3597 582 3654 iam
614 3596 804 3656 subeundam
834 3597 912 3656 adeo
935 3617 999 3657 non
1021 3598 1135 3656 instruc

225 3681 304 3751 tum,
341 3684 374 3735 ut
401 3677 505 3737 omnia
532 3678 586 3738 illa
616 3678 699 3740 bona
723 3698 834 3758 opera,
864 3699 944 3758 quae
973 3680 1135 3760 pervitam

220 3757 346 3841 fecerit,
371 3766 437 3823 tum
458 3767 665 3843 peccalorum
683 3761 801 3818 latitem
813 3760 968 3829 induant„
983 3770 1019 3815 et
1033 3767 1146 3827 Quam

215 3845 322 3930 abest,
349 3854 384 3912 ut
403 3845 540 3930 aliquod
562 3845 605 3905 de
623 3842 691 3903 'illis
707 3836 1019 3916 ιιφειεηιιιιιιιὶιιιιιΣ
1031 3839 1076 3886 xm,
1087 3833 1172 3885 enum
