2709 4417
481 343 635 411 allotsnis
654 349 779 412 excepta.
902 336 904 341 ’
1048 340 1093 409 ‚55

247 527 410 607 Loquetur
432 525 465 589 S.
487 546 569 607 papa
588 533 620 589 et
639 547 715 591 mar.
737 527 921 606 honustus,
951 529 1002 607 qui
1031 546 1093 595 non

174 608 445 694 aquadringentis
477 612 564 675 annis
591 611 786 692 frigidissima
807 612 940 673 Decreta
967 631 1094 692 compa·

178 696 239 774 suit
259 694 317 757 sed
341 712 361 753 a
384 692 468 753 mille
481 700 513 755 et
533 692 760 775 quadringentis
782 695 869 755 annis
890 695 934 755 ita
954 697 1094 757 intonat:

179 778 379 841 scomma
407 775 550 847 Romana
571 783 602 837 et
623 778 796 857 apostolica
818 778 950 839 ecclesia
970 797 1033 839 non
1055 777 1095 839 ah

180 860 345 942 apostolis,
369 856 425 920 sed
446 856 486 919 ah
507 860 574 939 ipso
596 860 731 921 Domino
754 869 784 921 et
805 860 966 923 salvatore
989 868 1095 923 nostro

183 945 336 1024 primatum
374 940 520 1012 obtinuit,
551 943 629 1003 sicut
649 942 684 1003 B.
706 943 796 1003 Petro
827 944 971 1023 apostolo
1005 943 1095 1005 dixit:

184 1028 220 1089 Tu
241 1046 273 1089 es
295 1026 417 1101 Petrus,
442 1032 472 1084 et
493 1044 585 1104 super
604 1026 686 1087 hanc
713 1034 831 1105 petram
845 1035 912 1088 etc.
944 1026 984 1087 Et
1004 1025 1097 1089 infra:

186 1110 374 1171 llaecautem
387 1107 661 1187 apostolieasedes
684 1116 818 1188 caputet
831 1108 935 1185 cardo,
957 1117 990 1169 ut
1010 1129 1097 1189 prae-

188 1194 267 1255 latum
285 1198 343 1270 est,
365 1190 543 1269 aDomino‚
566 1198 597 1253 et
613 1210 675 1253 non
698 1191 737 1251 ab
760 1192 827 1252 aliis
850 1193 1017 1254 constituta
1039 1202 1095 1254 est.
1140 1252 1142 1257 .

187 1275 407 1338 Transierantur
422 1273 451 1347 ¹)
467 1272 545 1343 haec
558 1274 652 1336 verba
665 1293 733 1335 can.
748 1274 953 1335 sacrosancta
964 1277 1013 1339 22.
1028 1275 1097 1345 dist.

254 1357 302 1419 lta
323 1356 354 1419 S.
377 1354 540 1417 Marcellus
561 1359 591 1419 4.
610 1364 682 1419 ante
703 1356 882 1417 Silvestrum
906 1376 972 1417 can.
993 1357 1097 1438 Roga·

188 1461 257 1519 mus,
275 1441 327 1503 24.
350 1458 380 1519 q.
403 1442 430 1501 1.
464 1438 569 1501 scribit
593 1440 756 1520 Episcopis
780 1439 998 1516 antiochenis,
1026 1441 1098 1502 licat

186 1525 272 1604 prima
293 1520 385 1583 sedes
407 1520 497 1582 fuerit
517 1522 600 1602 apud
622 1522 841 1599 Antiochiam,
862 1524 1015 1602 posterius
1036 1523 1098 1584 Dn-

187 1609 259 1668 mino
280 1605 408 1668 iubente
430 1605 559 1665 Romam
583 1605 728 1666 translata
750 1612 805 1665 est
829 1603 880 1666 sio
902 1606 934 1667 B.
957 1605 1056 1667 Julius
1068 1609 1097 1671 3.

187 1708 211 1769 q.
228 1692 256 1754 6.
285 1707 352 1749 can.
380 1687 414 1749 B.
436 1686 560 1763 Petrus,
589 1708 608 1748 a
635 1688 756 1750 Christo
779 1695 907 1749 testatur
935 1689 1097 1750 ecclesiam

187 1766 352 1835 Romanam
374 1768 488 1831 hahere
508 1772 691 1852 primatum,
715 1778 745 1831 et
767 1790 836 1832 esse
858 1781 950 1851 caput
970 1772 1097 1833 aliarum

189 1855 386 1917 eeclesiarum.
503 1890 506 1895 -

259 1936 312 2000 Sic
332 1935 474 2015 Pelagius
503 1954 584 2015 papa
613 1954 677 1997 non
708 1955 727 1995 a
748 1935 979 2016 quadringentis
1000 1937 1099 2015 annis,

188 2020 234 2083 scd
252 2039 316 2081 non
340 2018 419 2079 entis
442 2024 473 2078 et
494 2018 543 2081 28.
566 2017 596 2079 S.
619 2018 740 2077 Petrum
761 2025 883 2080 secutus
906 2019 1099 2098 sententiam,

188 2103 269 2165 ruha
291 2039 421 2163 Christi:
453 2098 493 2161 lit
519 2120 611 2180 super
639 2100 721 2161 hane
750 2108 869 2181 petram
903 2112 960 2165 etc.
989 2101 1098 2163 eodem

189 2185 269 2248 morlo
309 2186 439 2263 accepit
466 2180 554 2261 Hinc¹
583 2185 662 2243 inter
688 2182 849 2245 damnatos
880 2192 911 2247 et
938 2176 1100 2263 pestiferos

189 2287 297 2331 errores
316 2264 617 2333 JohannisViclrleff
637 2265 798 2327 damnatus
820 2274 867 2327 est
888 2275 920 2329 et
939 2267 1006 2327 ille:
1029 2267 1100 2329 Non

190 2358 227 2413 est
251 2350 291 2411 de
319 2349 504 2410 necessitate
531 2348 637 2408 salutis
672 2348 797 2409 credere
817 2350 907 2411 Rom.
938 2349 1099 2411 ecclesiam

191 2453 247 2495 esse
269 2451 444 2513 supremam
466 2433 546 2490 inter
567 2432 653 2491 alias.
677 2429 729 2492 Sic
749 2434 828 2492 inter
849 2433 1026 2512 pestilentes
1047 2432 1101 2492 Jo-

191 2517 288 2578 hannis
309 2515 394 2575 lluss
417 2532 534 2574 errores
556 2514 609 2575 illa
630 2533 754 2593 quoque
776 2522 1025 2575 connumeratur:
1048 2516 1102 2575 Pe·

191 2608 242 2660 tros
262 2618 327 2659 non
342 2603 389 2658 est
411 2615 468 2656 nec
489 2596 544 2655 luit
559 2603 651 2676 caput
663 2596 821 2658 Romanae
835 2597 993 2658 Ecclesiae
1006 2597 1037 2660 S.
1055 2616 1103 2657 ca·

191 2682 323 2747 thelicae.
344 2679 385 2741 Et
395 2679 490 2741 alius:
509 2678 579 2740 Non
591 2687 639 2740 est
655 2680 788 2741 scintilla
797 2682 1006 2760 apparentiae,
1020 2680 1103 2759 quod

191 2770 323 2845 oporteat
353 2782 421 2823 esse
451 2782 543 2822 unum
574 2770 665 2842 caput
700 2764 731 2823 in
765 2763 972 2843 spiritualibus
993 2782 1104 2843 regens

193 2847 365 2924 ecclesiam,
405 2844 489 2924 quod
510 2863 633 2927 semper
653 2846 685 2905 in
708 2845 857 2907 militante
879 2846 1011 2907 ecclesia
1033 2866 1104 2907 con·

194 2936 332 2991 versetur.

263 3010 319 3073 Et:
342 3010 405 3075 lata
419 3009 538 3091 papalis
560 3008 692 3090 dignitas
712 3010 871 3073 aCaesare
892 3011 1027 3072 inolevit.
1049 3010 1103 3073 lle:

196 3096 286 3177 Papae
307 3093 476 3175 praefectio
505 3098 536 3153 et
562 3092 712 3156 institutio
745 3113 764 3153 a
787 3094 922 3155 Caesare
943 3095 1106 3154 emanavit.

197 3178 234 3239 lta
250 3176 427 3239 Bonifatius
456 3176 484 3238 8.
517 3174 661 3237 haereses
689 3176 899 3237 condemnans
926 3176 1106 3256 Lugdunen-

201 3262 264 3321 sium
295 3266 403 3321 contra
425 3277 563 3327 errorem.
580 3277 685 3320 eorum
708 3258 863 3337 decernit,
897 3278 966 3321 esse
996 3259 1035 3319 de
1056 3278 1107 3321 ne·

203 3344 330 3404 cessitate
353 3342 479 3418 salutis,
507 3359 629 3400 omnem
663 3341 826 3403 humanam
850 3349 1019 3403 creaturam
1041 3341 1108 3403 sub-

205 3445 259 3487 esse
278 3426 369 3487 Rom.
391 3421 542 3485 Pontifici.
566 3424 607 3485 Ut
627 3443 720 3503 super
740 3427 801 3487 hoe
822 3425 951 3486 hahetur
974 3423 1110 3486 decreta-

146 3514 154 3577 }
207 3509 248 3569 lis:
273 3508 372 3571 Unam
405 3512 563 3583 sanctam,
600 3506 712 3569 Johan.
735 3527 857 3586 quoque
887 3511 937 3571 22.
958 3507 1109 3569 haeresim

146 3630 160 3707 d
209 3591 312 3665 hersilii
333 3589 472 3651 Paduani
495 3589 723 3669 condemnans,
749 3591 830 3652 hunc
856 3609 982 3670 quoque
1008 3609 1110 3670 repro-

202 3838 398 3955 'sst200803015
419 3888 485 3949 Μ.
507 3894 565 3952 R:
585 3902 843 3965 mutuabuntur.
873 3894 911 3927 ’·“’
