<?xml version="1.0" encoding="UTF-8"?>
<!DOCTYPE html PUBLIC "-//W3C//DTD XHTML 1.0 Transitional//EN"
    "http://www.w3.org/TR/xhtml1/DTD/xhtml1-transitional.dtd">
<html xmlns="http://www.w3.org/1999/xhtml" xml:lang="en" lang="en">
 <head>
  <title>
</title>
<meta http-equiv="Content-Type" content="text/html;charset=utf-8" />
  <meta name='ocr-system' content='tesseract 3.04.00' />
  <meta name='ocr-capabilities' content='ocr_page ocr_carea ocr_par ocr_line ocrx_word'/>
</head>
<body>
  <div class='ocr_page' id='page_1' title='image "./operalatinavari00schmgoog_0223.png"; bbox 0 0 2709 4417; ppageno 0'>
   <div class='ocr_carea' id='block_1_1' title="bbox 393 333 1108 426">
    <p class='ocr_par' dir='ltr' id='par_1_1' title="bbox 393 333 1108 426">
     <span class='ocr_line' id='line_1_1' title="bbox 393 333 1108 426; baseline 0 -16"><span class='ocrx_word' id='word_1_1' title='bbox 393 362 398 367; x_wconf 86' lang='lat'>&#39;</span> <span class='ocrx_word' id='word_1_2' title='bbox 479 333 515 410; x_wconf 79' lang='lat' dir='ltr'>¹a</span> <span class='ocrx_word' id='word_1_3' title='bbox 532 357 653 412; x_wconf 73' lang='lat' dir='ltr'>Notariis</span> <span class='ocrx_word' id='word_1_4' title='bbox 671 363 796 426; x_wconf 83' lang='lat' dir='ltr'>excepta.</span> <span class='ocrx_word' id='word_1_5' title='bbox 1045 352 1108 421; x_wconf 82' lang='lat'>211</span> 
     </span>
    </p>
   </div>
   <div class='ocr_carea' id='block_1_2' title="bbox 199 539 1204 3951">
    <p class='ocr_par' dir='ltr' id='par_1_2' title="bbox 199 539 1204 1685">
     <span class='ocr_line' id='line_1_2' title="bbox 272 539 1109 622; baseline 0.005 -24"><span class='ocrx_word' id='word_1_6' title='bbox 272 539 461 619; x_wconf 85' lang='lat' dir='ltr'>Respondes</span> <span class='ocrx_word' id='word_1_7' title='bbox 484 547 515 602; x_wconf 86' lang='lat' dir='ltr'>et</span> <span class='ocrx_word' id='word_1_8' title='bbox 541 541 610 603; x_wconf 92' lang='lat' dir='ltr'>dico</span> <span class='ocrx_word' id='word_1_9' title='bbox 633 540 715 620; x_wconf 91' lang='lat' dir='ltr'>duo,</span> <span class='ocrx_word' id='word_1_10' title='bbox 751 540 881 622; x_wconf 89' lang='lat' dir='ltr'>primum</span> <span class='ocrx_word' id='word_1_11' title='bbox 911 560 961 602; x_wconf 89' lang='lat' dir='ltr'>me</span> <span class='ocrx_word' id='word_1_12' title='bbox 989 542 1109 602; x_wconf 86' lang='lat' dir='ltr'>nescire</span> 
     </span>
     <span class='ocr_line' id='line_1_3' title="bbox 199 623 1107 703; baseline 0.004 -23"><span class='ocrx_word' id='word_1_13' title='bbox 199 623 338 700; x_wconf 88' lang='lat' dir='ltr'>usquein</span> <span class='ocrx_word' id='word_1_14' title='bbox 360 623 542 684; x_wconf 81' lang='lat' dir='ltr'>hodiernum</span> <span class='ocrx_word' id='word_1_15' title='bbox 565 624 658 703; x_wconf 88' lang='lat' dir='ltr'>diem,</span> <span class='ocrx_word' id='word_1_16' title='bbox 680 644 719 684; x_wconf 90' lang='lat' dir='ltr'>an</span> <span class='ocrx_word' id='word_1_17' title='bbox 742 626 892 685; x_wconf 78' lang='lat' dir='ltr'><strong>coartatio</strong></span> <span class='ocrx_word' id='word_1_18' title='bbox 914 625 1000 685; x_wconf 90' lang='lat' dir='ltr'>istius</span> <span class='ocrx_word' id='word_1_19' title='bbox 1022 626 1107 685; x_wconf 87' lang='lat' dir='ltr'>iuris-</span> 
     </span>
     <span class='ocr_line' id='line_1_4' title="bbox 201 705 1108 789; baseline 0.004 -25"><span class='ocrx_word' id='word_1_20' title='bbox 201 705 331 765; x_wconf 74' lang='lat' dir='ltr'>dictionis</span> <span class='ocrx_word' id='word_1_21' title='bbox 359 706 467 768; x_wconf 86' lang='lat' dir='ltr'>feoerit</span> <span class='ocrx_word' id='word_1_22' title='bbox 497 708 575 786; x_wconf 90' lang='lat' dir='ltr'>hoc,</span> <span class='ocrx_word' id='word_1_23' title='bbox 609 706 692 788; x_wconf 91' lang='lat' dir='ltr'>quod</span> <span class='ocrx_word' id='word_1_24' title='bbox 721 708 948 789; x_wconf 73' lang='lat' dir='ltr'>praetenditur,</span> <span class='ocrx_word' id='word_1_25' title='bbox 981 708 1108 787; x_wconf 87' lang='lat' dir='ltr'>seilicet,</span> 
     </span>
     <span class='ocr_line' id='line_1_5' title="bbox 202 788 1204 869; baseline 0.003 -22"><span class='ocrx_word' id='word_1_26' title='bbox 202 789 347 848; x_wconf 90' lang='lat' dir='ltr'>criminum</span> <span class='ocrx_word' id='word_1_27' title='bbox 372 788 620 869; x_wconf 85' lang='lat' dir='ltr'>detestationem,</span> <span class='ocrx_word' id='word_1_28' title='bbox 643 799 674 852; x_wconf 89' lang='lat' dir='ltr'>et</span> <span class='ocrx_word' id='word_1_29' title='bbox 696 790 886 852; x_wconf 89' lang='lat' dir='ltr'>confusionis</span> <span class='ocrx_word' id='word_1_30' title='bbox 908 791 1105 852; x_wconf 88' lang='lat' dir='ltr'>ablationem.</span> <span class='ocrx_word' id='word_1_31' title='bbox 1202 828 1204 833; x_wconf 90' lang='lat'><em>-</em></span> 
     </span>
     <span class='ocr_line' id='line_1_6' title="bbox 204 872 1109 954; baseline 0.003 -22"><span class='ocrx_word' id='word_1_32' title='bbox 204 872 259 932; x_wconf 82' lang='lat' dir='ltr'>Hoc</span> <span class='ocrx_word' id='word_1_33' title='bbox 280 879 395 932; x_wconf 89' lang='lat' dir='ltr'>certum</span> <span class='ocrx_word' id='word_1_34' title='bbox 409 881 457 935; x_wconf 88' lang='lat' dir='ltr'>est</span> <span class='ocrx_word' id='word_1_35' title='bbox 477 873 572 954; x_wconf 85' lang='lat' dir='ltr'>longe</span> <span class='ocrx_word' id='word_1_36' title='bbox 587 876 687 935; x_wconf 88' lang='lat' dir='ltr'>secius</span> <span class='ocrx_word' id='word_1_37' title='bbox 709 876 865 953; x_wconf 87' lang='lat' dir='ltr'>evenisse,</span> <span class='ocrx_word' id='word_1_38' title='bbox 887 893 958 935; x_wconf 90' lang='lat' dir='ltr'>uam</span> <span class='ocrx_word' id='word_1_39' title='bbox 980 881 1109 954; x_wconf 69' lang='lat' dir='ltr'>peccatu</span> 
     </span>
     <span class='ocr_line' id='line_1_7' title="bbox 207 956 1108 1039; baseline 0.002 -24"><span class='ocrx_word' id='word_1_40' title='bbox 207 956 380 1016; x_wconf 74' lang='lat' dir='ltr'>crassissima</span> <span class='ocrx_word' id='word_1_41' title='bbox 402 957 494 1017; x_wconf 88' lang='lat' dir='ltr'>etiam</span> <span class='ocrx_word' id='word_1_42' title='bbox 507 956 646 1018; x_wconf 84' lang='lat' dir='ltr'>ridentur</span> <span class='ocrx_word' id='word_1_43' title='bbox 665 959 696 1018; x_wconf 90' lang='lat' dir='ltr'>in</span> <span class='ocrx_word' id='word_1_44' title='bbox 715 958 881 1018; x_wconf 89' lang='lat' dir='ltr'>maioribus</span> <span class='ocrx_word' id='word_1_45' title='bbox 905 958 1014 1036; x_wconf 86' lang='lat' dir='ltr'>curiis,¹</span> <span class='ocrx_word' id='word_1_46' title='bbox 1029 974 1108 1039; x_wconf 85' lang='lat' dir='ltr'>quaa</span> 
     </span>
     <span class='ocr_line' id='line_1_8' title="bbox 208 1039 1108 1121; baseline 0.003 -24"><span class='ocrx_word' id='word_1_47' title='bbox 208 1039 377 1117; x_wconf 89' lang='lat' dir='ltr'>inpropriis</span> <span class='ocrx_word' id='word_1_48' title='bbox 412 1040 568 1120; x_wconf 90' lang='lat' dir='ltr'>parochiis</span> <span class='ocrx_word' id='word_1_49' title='bbox 603 1048 733 1121; x_wconf 81' lang='lat' dir='ltr'>possent</span> <span class='ocrx_word' id='word_1_50' title='bbox 764 1041 968 1120; x_wconf 74' lang='lat' dir='ltr'>pulcherrime</span> <span class='ocrx_word' id='word_1_51' title='bbox 995 1041 1108 1120; x_wconf 84' lang='lat' dir='ltr'>puniri,</span> 
     </span>
     <span class='ocr_line' id='line_1_9' title="bbox 209 1122 1108 1204; baseline 0.003 -24"><span class='ocrx_word' id='word_1_52' title='bbox 209 1123 228 1181; x_wconf 88' lang='lat' dir='ltr'>si</span> <span class='ocrx_word' id='word_1_53' title='bbox 244 1128 376 1180; x_wconf 86' lang='lat' dir='ltr'>servatus</span> <span class='ocrx_word' id='word_1_54' title='bbox 390 1130 473 1182; x_wconf 90' lang='lat' dir='ltr'>esset</span> <span class='ocrx_word' id='word_1_55' title='bbox 489 1122 610 1204; x_wconf 88' lang='lat' dir='ltr'>modus,</span> <span class='ocrx_word' id='word_1_56' title='bbox 633 1142 724 1203; x_wconf 91' lang='lat' dir='ltr'>quem</span> <span class='ocrx_word' id='word_1_57' title='bbox 745 1125 941 1184; x_wconf 87' lang='lat' dir='ltr'>instituerunt</span> <span class='ocrx_word' id='word_1_58' title='bbox 961 1124 1108 1203; x_wconf 90' lang='lat' dir='ltr'>apostoli,</span> 
     </span>
     <span class='ocr_line' id='line_1_10' title="bbox 211 1206 1108 1287; baseline 0.002 -23"><span class='ocrx_word' id='word_1_59' title='bbox 211 1211 233 1264; x_wconf 90' lang='lat' dir='ltr'>et</span> <span class='ocrx_word' id='word_1_60' title='bbox 250 1214 443 1265; x_wconf 88' lang='lat' dir='ltr'>servaverunt</span> <span class='ocrx_word' id='word_1_61' title='bbox 466 1206 495 1266; x_wconf 82' lang='lat' dir='ltr'>S.</span> <span class='ocrx_word' id='word_1_62' title='bbox 519 1207 625 1267; x_wconf 87' lang='lat' dir='ltr'>Patres</span> <span class='ocrx_word' id='word_1_63' title='bbox 649 1226 746 1286; x_wconf 89' lang='lat' dir='ltr'>usque</span> <span class='ocrx_word' id='word_1_64' title='bbox 768 1213 840 1287; x_wconf 85' lang='lat' dir='ltr'>post</span> <span class='ocrx_word' id='word_1_65' title='bbox 861 1207 1011 1266; x_wconf 89' lang='lat' dir='ltr'>Nicenum</span> <span class='ocrx_word' id='word_1_66' title='bbox 1034 1225 1108 1266; x_wconf 91' lang='lat' dir='ltr'>con·</span> 
     </span>
     <span class='ocr_line' id='line_1_11' title="bbox 211 1287 1108 1370; baseline 0 -22"><span class='ocrx_word' id='word_1_67' title='bbox 211 1287 306 1366; x_wconf 82' lang='lat' dir='ltr'>cilium,</span> <span class='ocrx_word' id='word_1_68' title='bbox 341 1287 392 1348; x_wconf 89' lang='lat' dir='ltr'>ubi</span> <span class='ocrx_word' id='word_1_69' title='bbox 414 1288 571 1349; x_wconf 89' lang='lat' dir='ltr'>definitum</span> <span class='ocrx_word' id='word_1_70' title='bbox 595 1296 658 1369; x_wconf 90' lang='lat' dir='ltr'>est,</span> <span class='ocrx_word' id='word_1_71' title='bbox 681 1295 713 1370; x_wconf 82' lang='lat' dir='ltr'>et</span> <span class='ocrx_word' id='word_1_72' title='bbox 732 1290 828 1370; x_wconf 85' lang='lat' dir='ltr'>longe</span> <span class='ocrx_word' id='word_1_73' title='bbox 849 1296 922 1369; x_wconf 90' lang='lat' dir='ltr'>post</span> <span class='ocrx_word' id='word_1_74' title='bbox 943 1296 1108 1366; x_wconf 89' lang='lat' dir='ltr'>servatum,</span> 
     </span>
     <span class='ocr_line' id='line_1_12' title="bbox 212 1370 1110 1453; baseline 0.002 -23"><span class='ocrx_word' id='word_1_75' title='bbox 212 1378 235 1430; x_wconf 88' lang='lat' dir='ltr'>ut</span> <span class='ocrx_word' id='word_1_76' title='bbox 254 1370 409 1431; x_wconf 86' lang='lat' dir='ltr'>dioeceses</span> <span class='ocrx_word' id='word_1_77' title='bbox 437 1391 500 1432; x_wconf 93' lang='lat' dir='ltr'>non</span> <span class='ocrx_word' id='word_1_78' title='bbox 531 1374 803 1453; x_wconf 82' lang='lat' dir='ltr'>permiscerentur,</span> <span class='ocrx_word' id='word_1_79' title='bbox 839 1381 871 1433; x_wconf 92' lang='lat' dir='ltr'>et</span> <span class='ocrx_word' id='word_1_80' title='bbox 899 1374 1110 1452; x_wconf 87' lang='lat' dir='ltr'>unusquisque</span> 
     </span>
     <span class='ocr_line' id='line_1_13' title="bbox 212 1454 1108 1536; baseline 0 -22"><span class='ocrx_word' id='word_1_81' title='bbox 212 1454 363 1533; x_wconf 83' lang='lat' dir='ltr'>poeniteret</span> <span class='ocrx_word' id='word_1_82' title='bbox 373 1456 406 1514; x_wconf 95' lang='lat' dir='ltr'>in</span> <span class='ocrx_word' id='word_1_83' title='bbox 428 1473 484 1515; x_wconf 91' lang='lat' dir='ltr'>sua</span> <span class='ocrx_word' id='word_1_84' title='bbox 504 1454 650 1517; x_wconf 87' lang='lat' dir='ltr'>dioecesi.</span> <span class='ocrx_word' id='word_1_85' title='bbox 672 1456 720 1516; x_wconf 87' lang='lat' dir='ltr'>De</span> <span class='ocrx_word' id='word_1_86' title='bbox 742 1475 803 1536; x_wconf 85' lang='lat' dir='ltr'>quo</span> <span class='ocrx_word' id='word_1_87' title='bbox 826 1461 928 1516; x_wconf 81' lang='lat' dir='ltr'>exstat</span> <span class='ocrx_word' id='word_1_88' title='bbox 949 1474 1018 1516; x_wconf 92' lang='lat' dir='ltr'>cum</span> <span class='ocrx_word' id='word_1_89' title='bbox 1032 1456 1108 1515; x_wconf 88' lang='lat' dir='ltr'>-aiiis</span> 
     </span>
     <span class='ocr_line' id='line_1_14' title="bbox 213 1536 1110 1619; baseline 0.002 -23"><span class='ocrx_word' id='word_1_90' title='bbox 213 1536 434 1615; x_wconf 86' lang='lat' dir='ltr'>praeclarissima</span> <span class='ocrx_word' id='word_1_91' title='bbox 465 1539 598 1617; x_wconf 86' lang='lat' dir='ltr'>epistola</span> <span class='ocrx_word' id='word_1_92' title='bbox 619 1539 765 1619; x_wconf 78' lang='lat' dir='ltr'>Cypriani</span> <span class='ocrx_word' id='word_1_93' title='bbox 787 1539 826 1599; x_wconf 87' lang='lat' dir='ltr'>ad</span> <span class='ocrx_word' id='word_1_94' title='bbox 849 1539 1024 1599; x_wconf 80' lang='lat' dir='ltr'>Comelinm</span> <span class='ocrx_word' id='word_1_95' title='bbox 1046 1539 1110 1598; x_wconf 88' lang='lat' dir='ltr'>Ro·</span> 
     </span>
     <span class='ocr_line' id='line_1_15' title="bbox 213 1619 588 1685; baseline 0.011 -7"><span class='ocrx_word' id='word_1_96' title='bbox 213 1638 312 1679; x_wconf 89' lang='lat' dir='ltr'>nauum</span> <span class='ocrx_word' id='word_1_97' title='bbox 333 1619 515 1681; x_wconf 88' lang='lat' dir='ltr'>Pontificem</span> <span class='ocrx_word' id='word_1_98' title='bbox 537 1621 588 1685; x_wconf 86' lang='grc' dir='ltr'>ΠΙ.</span> 
     </span>
    </p>

    <p class='ocr_par' dir='ltr' id='par_1_3' title="bbox 213 1702 1194 2531">
     <span class='ocr_line' id='line_1_16' title="bbox 273 1702 1110 1785; baseline 0.004 -24"><span class='ocrx_word' id='word_1_99' title='bbox 273 1702 348 1785; x_wconf 87' lang='lat' dir='ltr'>Nam</span> <span class='ocrx_word' id='word_1_100' title='bbox 370 1722 439 1763; x_wconf 93' lang='lat' dir='ltr'>cum</span> <span class='ocrx_word' id='word_1_101' title='bbox 461 1710 609 1763; x_wconf 89' lang='lat' dir='ltr'>statutum</span> <span class='ocrx_word' id='word_1_102' title='bbox 632 1704 671 1763; x_wconf 87' lang='lat' dir='ltr'>ait</span> <span class='ocrx_word' id='word_1_103' title='bbox 702 1703 740 1764; x_wconf 89' lang='lat' dir='ltr'>ab</span> <span class='ocrx_word' id='word_1_104' title='bbox 762 1702 904 1764; x_wconf 91' lang='lat' dir='ltr'>omnibus</span> <span class='ocrx_word' id='word_1_105' title='bbox 934 1703 1041 1780; x_wconf 90' lang='lat' dir='ltr'>nobis,</span> <span class='ocrx_word' id='word_1_106' title='bbox 1078 1710 1110 1764; x_wconf 86' lang='lat' dir='ltr'>et</span> 
     </span>
     <span class='ocr_line' id='line_1_17' title="bbox 214 1787 1110 1866; baseline 0.003 -23"><span class='ocrx_word' id='word_1_107' title='bbox 214 1803 319 1863; x_wconf 85' lang='lat' dir='ltr'>aequum</span> <span class='ocrx_word' id='word_1_108' title='bbox 342 1787 382 1846; x_wconf 87' lang='lat' dir='ltr'>sit</span> <span class='ocrx_word' id='word_1_109' title='bbox 392 1787 507 1865; x_wconf 85' lang='lat' dir='ltr'>pariter</span> <span class='ocrx_word' id='word_1_110' title='bbox 522 1793 553 1847; x_wconf 91' lang='lat' dir='ltr'>et</span> <span class='ocrx_word' id='word_1_111' title='bbox 571 1789 693 1866; x_wconf 86' lang='lat' dir='ltr'>iustum,</span> <span class='ocrx_word' id='word_1_112' title='bbox 716 1795 749 1845; x_wconf 90' lang='lat' dir='ltr'>ut</span> <span class='ocrx_word' id='word_1_113' title='bbox 767 1789 1003 1865; x_wconf 90' lang='lat' dir='ltr'>uniuscuiusque</span> <span class='ocrx_word' id='word_1_114' title='bbox 1016 1805 1110 1847; x_wconf 88' lang='lat' dir='ltr'>causa</span> 
     </span>
     <span class='ocr_line' id='line_1_18' title="bbox 213 1868 1108 1950; baseline 0.003 -24"><span class='ocrx_word' id='word_1_115' title='bbox 213 1868 257 1926; x_wconf 89' lang='lat' dir='ltr'>iilic</span> <span class='ocrx_word' id='word_1_116' title='bbox 274 1868 428 1947; x_wconf 88' lang='lat' dir='ltr'>audiatur,</span> <span class='ocrx_word' id='word_1_117' title='bbox 451 1870 502 1929; x_wconf 91' lang='lat' dir='ltr'>ubi</span> <span class='ocrx_word' id='word_1_118' title='bbox 524 1878 572 1930; x_wconf 84' lang='lat' dir='ltr'>est</span> <span class='ocrx_word' id='word_1_119' title='bbox 591 1871 706 1929; x_wconf 89' lang='lat' dir='ltr'>crimen</span> <span class='ocrx_word' id='word_1_120' title='bbox 728 1869 905 1949; x_wconf 88' lang='lat' dir='ltr'>admissum,</span> <span class='ocrx_word' id='word_1_121' title='bbox 928 1875 960 1930; x_wconf 86' lang='lat' dir='ltr'>et</span> <span class='ocrx_word' id='word_1_122' title='bbox 981 1869 1108 1950; x_wconf 84' lang='lat' dir='ltr'>singulis</span> 
     </span>
     <span class='ocr_line' id='line_1_19' title="bbox 214 1952 1110 2033; baseline 0.002 -23"><span class='ocrx_word' id='word_1_123' title='bbox 214 1952 364 2029; x_wconf 87' lang='lat' dir='ltr'>pastoribus</span> <span class='ocrx_word' id='word_1_124' title='bbox 386 1954 490 2031; x_wconf 86' lang='lat' dir='ltr'>portio</span> <span class='ocrx_word' id='word_1_125' title='bbox 515 1954 617 2033; x_wconf 88' lang='lat' dir='ltr'>gregis</span> <span class='ocrx_word' id='word_1_126' title='bbox 646 1955 685 2012; x_wconf 87' lang='lat' dir='ltr'>sit</span> <span class='ocrx_word' id='word_1_127' title='bbox 700 1953 877 2032; x_wconf 85' lang='lat' dir='ltr'>adscripta,</span> <span class='ocrx_word' id='word_1_128' title='bbox 909 1971 1000 2031; x_wconf 90' lang='lat' dir='ltr'>quam</span> <span class='ocrx_word' id='word_1_129' title='bbox 1022 1959 1110 2033; x_wconf 83' lang='lat' dir='ltr'>regat</span> 
     </span>
     <span class='ocr_line' id='line_1_20' title="bbox 214 2035 1109 2116; baseline 0.006 -25"><span class='ocrx_word' id='word_1_130' title='bbox 214 2036 397 2114; x_wconf 86' lang='lat' dir='ltr'>unusquisque</span> <span class='ocrx_word' id='word_1_131' title='bbox 419 2042 451 2094; x_wconf 90' lang='lat' dir='ltr'>et</span> <span class='ocrx_word' id='word_1_132' title='bbox 463 2035 622 2116; x_wconf 83' lang='lat' dir='ltr'>gubernet,</span> <span class='ocrx_word' id='word_1_133' title='bbox 643 2037 794 2096; x_wconf 86' lang='lat' dir='ltr'>rationem</span> <span class='ocrx_word' id='word_1_134' title='bbox 808 2037 855 2095; x_wconf 90' lang='lat' dir='ltr'>sui</span> <span class='ocrx_word' id='word_1_135' title='bbox 877 2045 963 2095; x_wconf 88' lang='lat' dir='ltr'>actus</span> <span class='ocrx_word' id='word_1_136' title='bbox 976 2035 1109 2096; x_wconf 88' lang='lat' dir='ltr'>Domino</span> 
     </span>
     <span class='ocr_line' id='line_1_21' title="bbox 213 2116 1109 2199; baseline 0.006 -25"><span class='ocrx_word' id='word_1_137' title='bbox 213 2116 375 2194; x_wconf 85' lang='lat' dir='ltr'>redditurus,</span> <span class='ocrx_word' id='word_1_138' title='bbox 412 2125 536 2198; x_wconf 87' lang='lat' dir='ltr'>oportet</span> <span class='ocrx_word' id='word_1_139' title='bbox 556 2121 661 2197; x_wconf 88' lang='lat' dir='ltr'>utique</span> <span class='ocrx_word' id='word_1_140' title='bbox 684 2138 756 2196; x_wconf 88' lang='lat' dir='ltr'>eos,</span> <span class='ocrx_word' id='word_1_141' title='bbox 789 2119 896 2197; x_wconf 90' lang='lat' dir='ltr'>quibus</span> <span class='ocrx_word' id='word_1_142' title='bbox 918 2137 1109 2199; x_wconf 86' lang='lat' dir='ltr'>praesumus,</span> 
     </span>
     <span class='ocr_line' id='line_1_22' title="bbox 215 2202 1194 2282; baseline 0.004 -25"><span class='ocrx_word' id='word_1_143' title='bbox 215 2217 260 2258; x_wconf 92' lang='lat' dir='ltr'>nou</span> <span class='ocrx_word' id='word_1_144' title='bbox 285 2202 539 2281; x_wconf 88' lang='lat' dir='ltr'>circumcursare,</span> <span class='ocrx_word' id='word_1_145' title='bbox 578 2221 636 2262; x_wconf 87' lang='lat' dir='ltr'>nec</span> <span class='ocrx_word' id='word_1_146' title='bbox 664 2203 880 2282; x_wconf 88' lang='lat' dir='ltr'>episcoporum</span> <span class='ocrx_word' id='word_1_147' title='bbox 909 2202 1107 2263; x_wconf 89' lang='lat' dir='ltr'>concordiam</span> <span class='ocrx_word' id='word_1_148' title='bbox 1189 2215 1194 2225; x_wconf 63' lang='lat'>‘</span> 
     </span>
     <span class='ocr_line' id='line_1_23' title="bbox 214 2282 1108 2346; baseline 0.004 -6"><span class='ocrx_word' id='word_1_149' title='bbox 214 2282 406 2344; x_wconf 86' lang='lat' dir='ltr'>cohaerentem</span> <span class='ocrx_word' id='word_1_150' title='bbox 429 2304 484 2344; x_wconf 89' lang='lat' dir='ltr'>sua</span> <span class='ocrx_word' id='word_1_151' title='bbox 506 2285 639 2346; x_wconf 89' lang='lat' dir='ltr'>subdola</span> <span class='ocrx_word' id='word_1_152' title='bbox 659 2297 691 2345; x_wconf 87' lang='lat' dir='ltr'>et</span> <span class='ocrx_word' id='word_1_153' title='bbox 712 2284 813 2344; x_wconf 88' lang='lat' dir='ltr'>fallaci</span> <span class='ocrx_word' id='word_1_154' title='bbox 844 2286 1015 2345; x_wconf 85' lang='lat' dir='ltr'>temeritate</span> <span class='ocrx_word' id='word_1_155' title='bbox 1037 2303 1108 2345; x_wconf 95' lang='lat' dir='ltr'>con-</span> 
     </span>
     <span class='ocr_line' id='line_1_24' title="bbox 214 2363 1109 2447; baseline 0.004 -24"><span class='ocrx_word' id='word_1_156' title='bbox 214 2363 293 2442; x_wconf 82' lang='lat' dir='ltr'>fidere,</span> <span class='ocrx_word' id='word_1_157' title='bbox 316 2367 371 2426; x_wconf 90' lang='lat' dir='ltr'>sed</span> <span class='ocrx_word' id='word_1_158' title='bbox 395 2387 488 2447; x_wconf 84' lang='lat' dir='ltr'>agere</span> <span class='ocrx_word' id='word_1_159' title='bbox 509 2369 715 2442; x_wconf 19' lang='lat' dir='ltr'>iiiicloausam</span> <span class='ocrx_word' id='word_1_160' title='bbox 743 2387 839 2445; x_wconf 89' lang='lat' dir='ltr'>suam,</span> <span class='ocrx_word' id='word_1_161' title='bbox 861 2368 911 2429; x_wconf 92' lang='lat' dir='ltr'>ubi</span> <span class='ocrx_word' id='word_1_162' title='bbox 935 2374 966 2428; x_wconf 88' lang='lat' dir='ltr'>et</span> <span class='ocrx_word' id='word_1_163' title='bbox 987 2386 1109 2436; x_wconf 75' lang='lat' dir='ltr'>accusa</span> 
     </span>
     <span class='ocr_line' id='line_1_25' title="bbox 213 2449 1025 2531; baseline 0.007 -25"><span class='ocrx_word' id='word_1_164' title='bbox 213 2455 274 2508; x_wconf 88' lang='lat' dir='ltr'>tores</span> <span class='ocrx_word' id='word_1_165' title='bbox 294 2449 407 2510; x_wconf 87' lang='lat' dir='ltr'>habere</span> <span class='ocrx_word' id='word_1_166' title='bbox 431 2458 463 2509; x_wconf 88' lang='lat' dir='ltr'>et</span> <span class='ocrx_word' id='word_1_167' title='bbox 484 2457 579 2510; x_wconf 91' lang='lat' dir='ltr'>testes</span> <span class='ocrx_word' id='word_1_168' title='bbox 596 2453 643 2510; x_wconf 89' lang='lat' dir='ltr'>sui</span> <span class='ocrx_word' id='word_1_169' title='bbox 665 2452 801 2511; x_wconf 82' lang='lat' dir='ltr'>criminis</span> <span class='ocrx_word' id='word_1_170' title='bbox 826 2452 946 2531; x_wconf 88' lang='lat' dir='ltr'>possint</span> <span class='ocrx_word' id='word_1_171' title='bbox 968 2458 1025 2513; x_wconf 90' lang='lat' dir='ltr'>etc.</span> 
     </span>
    </p>

    <p class='ocr_par' dir='ltr' id='par_1_4' title="bbox 214 2531 1107 2861">
     <span class='ocr_line' id='line_1_26' title="bbox 274 2531 1105 2614; baseline 0.002 -24"><span class='ocrx_word' id='word_1_172' title='bbox 274 2531 420 2611; x_wconf 86' lang='lat' dir='ltr'>Loquitur</span> <span class='ocrx_word' id='word_1_173' title='bbox 431 2534 512 2593; x_wconf 90' lang='lat' dir='ltr'>enim</span> <span class='ocrx_word' id='word_1_174' title='bbox 535 2533 575 2593; x_wconf 92' lang='lat' dir='ltr'>de</span> <span class='ocrx_word' id='word_1_175' title='bbox 586 2535 634 2611; x_wconf 89' lang='lat' dir='ltr'>iis,</span> <span class='ocrx_word' id='word_1_176' title='bbox 645 2535 709 2613; x_wconf 65' lang='lat' dir='ltr'>oui</span> <span class='ocrx_word' id='word_1_177' title='bbox 720 2536 752 2593; x_wconf 91' lang='lat' dir='ltr'>in</span> <span class='ocrx_word' id='word_1_178' title='bbox 763 2534 867 2594; x_wconf 82' lang='lat' dir='ltr'>Africa</span> <span class='ocrx_word' id='word_1_179' title='bbox 888 2539 1105 2614; x_wconf 86' lang='lat' dir='ltr'>peccaverunt,</span> 
     </span>
     <span class='ocr_line' id='line_1_27' title="bbox 214 2614 1107 2686; baseline 0.004 -15"><span class='ocrx_word' id='word_1_180' title='bbox 214 2620 235 2672; x_wconf 85' lang='lat' dir='ltr'>st</span> <span class='ocrx_word' id='word_1_181' title='bbox 250 2614 282 2673; x_wconf 93' lang='lat' dir='ltr'>ad</span> <span class='ocrx_word' id='word_1_182' title='bbox 303 2616 476 2676; x_wconf 88' lang='lat' dir='ltr'>Romanum</span> <span class='ocrx_word' id='word_1_183' title='bbox 498 2615 677 2677; x_wconf 85' lang='lat' dir='ltr'>Pontificem</span> <span class='ocrx_word' id='word_1_184' title='bbox 701 2617 877 2677; x_wconf 79' lang='lat' dir='ltr'>Cornelium</span> <span class='ocrx_word' id='word_1_185' title='bbox 901 2623 1107 2686; x_wconf 72' lang='lat' dir='ltr'>cucurrerant,</span> 
     </span>
     <span class='ocr_line' id='line_1_28' title="bbox 214 2695 1106 2781; baseline 0.003 -27"><span class='ocrx_word' id='word_1_186' title='bbox 214 2695 241 2755; x_wconf 80' lang='lat' dir='ltr'>dt</span> <span class='ocrx_word' id='word_1_187' title='bbox 257 2698 295 2757; x_wconf 90' lang='lat' dir='ltr'>sic</span> <span class='ocrx_word' id='word_1_188' title='bbox 315 2706 402 2777; x_wconf 87' lang='lat' dir='ltr'>patet</span> <span class='ocrx_word' id='word_1_189' title='bbox 435 2718 506 2759; x_wconf 91' lang='lat' dir='ltr'>usus</span> <span class='ocrx_word' id='word_1_190' title='bbox 535 2701 708 2780; x_wconf 85' lang='lat' dir='ltr'>primitivae</span> <span class='ocrx_word' id='word_1_191' title='bbox 730 2700 880 2760; x_wconf 88' lang='lat' dir='ltr'>ecclesiae</span> <span class='ocrx_word' id='word_1_192' title='bbox 916 2699 1106 2781; x_wconf 85' lang='lat' dir='ltr'>deligendis</span> 
     </span>
     <span class='ocr_line' id='line_1_29' title="bbox 214 2781 1097 2861; baseline 0.007 -24"><span class='ocrx_word' id='word_1_193' title='bbox 214 2781 398 2860; x_wconf 77' lang='lat' dir='ltr'>stsoIvendis</span> <span class='ocrx_word' id='word_1_194' title='bbox 421 2781 644 2861; x_wconf 88' lang='lat' dir='ltr'>peccatoribus.</span> <span class='ocrx_word' id='word_1_195' title='bbox 1094 2794 1097 2805; x_wconf 90' lang='grc'><em>·</em></span> 
     </span>
    </p>

    <p class='ocr_par' dir='ltr' id='par_1_5' title="bbox 213 2863 1108 3608">
     <span class='ocr_line' id='line_1_30' title="bbox 272 2863 1108 2945; baseline 0.001 -23"><span class='ocrx_word' id='word_1_196' title='bbox 272 2863 345 2923; x_wconf 82' lang='lat' dir='ltr'>Cum</span> <span class='ocrx_word' id='word_1_197' title='bbox 367 2871 486 2942; x_wconf 86' lang='lat' dir='ltr'>autem,</span> <span class='ocrx_word' id='word_1_198' title='bbox 520 2874 552 2924; x_wconf 92' lang='lat' dir='ltr'>ut</span> <span class='ocrx_word' id='word_1_199' title='bbox 575 2866 744 2945; x_wconf 87' lang='lat' dir='ltr'>Apostolus</span> <span class='ocrx_word' id='word_1_200' title='bbox 779 2867 847 2928; x_wconf 83' lang='lat' dir='ltr'>Aet.</span> <span class='ocrx_word' id='word_1_201' title='bbox 881 2869 930 2928; x_wconf 81' lang='lat'>20.</span> <span class='ocrx_word' id='word_1_202' title='bbox 961 2864 1108 2941; x_wconf 81' lang='lat' dir='ltr'>ostendit,</span> 
     </span>
     <span class='ocr_line' id='line_1_31' title="bbox 213 2943 1107 3030; baseline 0.007 -28"><span class='ocrx_word' id='word_1_203' title='bbox 213 2943 272 3005; x_wconf 89' lang='lat' dir='ltr'>idem</span> <span class='ocrx_word' id='word_1_204' title='bbox 293 2948 331 3007; x_wconf 91' lang='lat' dir='ltr'>sit</span> <span class='ocrx_word' id='word_1_205' title='bbox 353 2950 518 3028; x_wconf 88' lang='lat' dir='ltr'>episcopus</span> <span class='ocrx_word' id='word_1_206' title='bbox 543 2955 573 3009; x_wconf 92' lang='lat' dir='ltr'>et</span> <span class='ocrx_word' id='word_1_207' title='bbox 584 2947 753 3030; x_wconf 86' lang='lat' dir='ltr'>presbyter,</span> <span class='ocrx_word' id='word_1_208' title='bbox 776 2957 807 3008; x_wconf 87' lang='lat' dir='ltr'>et</span> <span class='ocrx_word' id='word_1_209' title='bbox 828 2947 866 3007; x_wconf 89' lang='lat' dir='ltr'>ad</span> <span class='ocrx_word' id='word_1_210' title='bbox 882 2949 941 3009; x_wconf 83' lang='lat' dir='ltr'>Tit.</span> <span class='ocrx_word' id='word_1_211' title='bbox 967 2953 992 3011; x_wconf 92' lang='lat'>1.</span> <span class='ocrx_word' id='word_1_212' title='bbox 1016 2967 1107 3027; x_wconf 87' lang='lat' dir='ltr'>quae-</span> 
     </span>
     <span class='ocr_line' id='line_1_32' title="bbox 214 3025 1108 3111; baseline 0.006 -26"><span class='ocrx_word' id='word_1_213' title='bbox 214 3025 267 3088; x_wconf 84' lang='lat' dir='ltr'>libet</span> <span class='ocrx_word' id='word_1_214' title='bbox 287 3031 393 3090; x_wconf 86' lang='lat' dir='ltr'>civitas</span> <span class='ocrx_word' id='word_1_215' title='bbox 429 3050 517 3090; x_wconf 91' lang='lat' dir='ltr'>suum</span> <span class='ocrx_word' id='word_1_216' title='bbox 539 3032 721 3111; x_wconf 89' lang='lat' dir='ltr'>episcopum</span> <span class='ocrx_word' id='word_1_217' title='bbox 754 3031 867 3091; x_wconf 87' lang='lat' dir='ltr'>habere</span> <span class='ocrx_word' id='word_1_218' title='bbox 901 3031 1014 3092; x_wconf 88' lang='lat' dir='ltr'>debeat</span> <span class='ocrx_word' id='word_1_219' title='bbox 1043 3033 1108 3090; x_wconf 87' lang='lat' dir='ltr'>iure</span> 
     </span>
     <span class='ocr_line' id='line_1_33' title="bbox 215 3108 1108 3194; baseline 0.006 -26"><span class='ocrx_word' id='word_1_220' title='bbox 215 3108 309 3192; x_wconf 86' lang='lat' dir='ltr'>divino,</span> <span class='ocrx_word' id='word_1_221' title='bbox 347 3113 442 3193; x_wconf 87' lang='lat' dir='ltr'>longe</span> <span class='ocrx_word' id='word_1_222' title='bbox 471 3114 573 3174; x_wconf 83' lang='lat' dir='ltr'>utilior</span> <span class='ocrx_word' id='word_1_223' title='bbox 596 3125 680 3175; x_wconf 87' lang='lat' dir='ltr'>esset</span> <span class='ocrx_word' id='word_1_224' title='bbox 700 3115 740 3175; x_wconf 85' lang='lat' dir='ltr'>ad</span> <span class='ocrx_word' id='word_1_225' title='bbox 763 3115 958 3194; x_wconf 87' lang='lat' dir='ltr'>corripienda</span> <span class='ocrx_word' id='word_1_226' title='bbox 979 3122 1108 3194; x_wconf 91' lang='lat' dir='ltr'>peccata</span> 
     </span>
     <span class='ocr_line' id='line_1_34' title="bbox 215 3194 1108 3277; baseline 0.008 -27"><span class='ocrx_word' id='word_1_227' title='bbox 215 3194 308 3274; x_wconf 88' lang='lat' dir='ltr'>nodus,</span> <span class='ocrx_word' id='word_1_228' title='bbox 332 3198 357 3255; x_wconf 90' lang='lat' dir='ltr'>si</span> <span class='ocrx_word' id='word_1_229' title='bbox 381 3196 509 3275; x_wconf 87' lang='lat' dir='ltr'>quilibet</span> <span class='ocrx_word' id='word_1_230' title='bbox 530 3197 676 3259; x_wconf 86' lang='lat' dir='ltr'>sacerdos</span> <span class='ocrx_word' id='word_1_231' title='bbox 698 3200 729 3257; x_wconf 93' lang='lat' dir='ltr'>in</span> <span class='ocrx_word' id='word_1_232' title='bbox 752 3217 807 3258; x_wconf 89' lang='lat' dir='ltr'>sua</span> <span class='ocrx_word' id='word_1_233' title='bbox 828 3198 975 3277; x_wconf 87' lang='lat' dir='ltr'>parochia</span> <span class='ocrx_word' id='word_1_234' title='bbox 991 3198 1108 3276; x_wconf 26' lang='lat' dir='ltr'>*ligaret</span> 
     </span>
     <span class='ocr_line' id='line_1_35' title="bbox 214 3279 1107 3362; baseline 0.007 -29"><span class='ocrx_word' id='word_1_235' title='bbox 214 3282 237 3334; x_wconf 89' lang='lat' dir='ltr'>et</span> <span class='ocrx_word' id='word_1_236' title='bbox 250 3279 376 3346; x_wconf 75' lang='lat' dir='ltr'>solueret</span> <span class='ocrx_word' id='word_1_237' title='bbox 398 3282 619 3358; x_wconf 88' lang='lat' dir='ltr'>poenitentem.</span> <span class='ocrx_word' id='word_1_238' title='bbox 664 3280 755 3355; x_wconf 74' lang='lat' dir='ltr'>Quod</span> <span class='ocrx_word' id='word_1_239' title='bbox 767 3283 940 3362; x_wconf 88' lang='lat' dir='ltr'>exemplum</span> <span class='ocrx_word' id='word_1_240' title='bbox 960 3286 1107 3342; x_wconf 78' lang='lat' dir='ltr'>monstra</span> 
     </span>
     <span class='ocr_line' id='line_1_36' title="bbox 215 3358 1107 3442; baseline 0.007 -26"><span class='ocrx_word' id='word_1_241' title='bbox 215 3358 443 3442; x_wconf 82' lang='lat' dir='ltr'>vitApostolus,</span> <span class='ocrx_word' id='word_1_242' title='bbox 482 3368 510 3426; x_wconf 86' lang='lat'>1.</span> <span class='ocrx_word' id='word_1_243' title='bbox 533 3362 673 3426; x_wconf 82' lang='lat' dir='ltr'>Corinth.</span> <span class='ocrx_word' id='word_1_244' title='bbox 696 3367 730 3442; x_wconf 80' lang='lat'>5,</span> <span class='ocrx_word' id='word_1_245' title='bbox 763 3363 815 3423; x_wconf 92' lang='lat' dir='ltr'>ubi</span> <span class='ocrx_word' id='word_1_246' title='bbox 849 3382 916 3424; x_wconf 88' lang='lat' dir='ltr'>oum</span> <span class='ocrx_word' id='word_1_247' title='bbox 940 3360 1107 3424; x_wconf 83' lang='lat' dir='ltr'>Oon‘nthiis</span> 
     </span>
     <span class='ocr_line' id='line_1_37' title="bbox 214 3444 1105 3526; baseline 0.002 -23"><span class='ocrx_word' id='word_1_248' title='bbox 214 3459 336 3519; x_wconf 84' lang='lat' dir='ltr'>praesens</span> <span class='ocrx_word' id='word_1_249' title='bbox 359 3448 466 3526; x_wconf 86' lang='lat' dir='ltr'>spiritu</span> <span class='ocrx_word' id='word_1_250' title='bbox 489 3445 613 3506; x_wconf 77' lang='lat' dir='ltr'>tradidit</span> <span class='ocrx_word' id='word_1_251' title='bbox 633 3447 828 3507; x_wconf 80' lang='lat' dir='ltr'>fornicarium</span> <span class='ocrx_word' id='word_1_252' title='bbox 851 3455 987 3525; x_wconf 86' lang='lat' dir='ltr'>satanae,</span> <span class='ocrx_word' id='word_1_253' title='bbox 1011 3444 1105 3506; x_wconf 85' lang='lat' dir='ltr'>obiur-</span> 
     </span>
     <span class='ocr_line' id='line_1_38' title="bbox 214 3528 715 3608; baseline -0.004 -16"><span class='ocrx_word' id='word_1_254' title='bbox 214 3542 270 3602; x_wconf 64' lang='lat' dir='ltr'>gans</span> <span class='ocrx_word' id='word_1_255' title='bbox 291 3528 372 3607; x_wconf 94' lang='lat' dir='ltr'>quod</span> <span class='ocrx_word' id='word_1_256' title='bbox 393 3530 453 3608; x_wconf 87' lang='lat' dir='ltr'>ipsi</span> <span class='ocrx_word' id='word_1_257' title='bbox 474 3548 537 3590; x_wconf 92' lang='lat' dir='ltr'>non</span> <span class='ocrx_word' id='word_1_258' title='bbox 560 3529 715 3590; x_wconf 78' lang='lat' dir='ltr'>fecissent.</span> 
     </span>
    </p>

    <p class='ocr_par' dir='ltr' id='par_1_6' title="bbox 199 3610 1151 3951">
     <span class='ocr_line' id='line_1_39' title="bbox 275 3610 1106 3691; baseline -0.002 -19"><span class='ocrx_word' id='word_1_259' title='bbox 275 3610 341 3686; x_wconf 77' lang='lat' dir='ltr'>Quo</span> <span class='ocrx_word' id='word_1_260' title='bbox 370 3631 446 3672; x_wconf 84' lang='lat' dir='ltr'>vero</span> <span class='ocrx_word' id='word_1_261' title='bbox 480 3614 561 3690; x_wconf 91' lang='lat' dir='ltr'>iure,</span> <span class='ocrx_word' id='word_1_262' title='bbox 599 3619 652 3672; x_wconf 89' lang='lat' dir='ltr'>aut</span> <span class='ocrx_word' id='word_1_263' title='bbox 686 3630 747 3691; x_wconf 85' lang='lat' dir='ltr'>qua</span> <span class='ocrx_word' id='word_1_264' title='bbox 779 3613 934 3673; x_wconf 87' lang='lat' dir='ltr'>ecclesiae</span> <span class='ocrx_word' id='word_1_265' title='bbox 959 3610 1106 3670; x_wconf 83' lang='lat' dir='ltr'>felicitate</span> 
     </span>
     <span class='ocr_line' id='line_1_40' title="bbox 213 3687 1112 3779; baseline 0.004 -31"><span class='ocrx_word' id='word_1_266' title='bbox 213 3687 247 3750; x_wconf 88' lang='lat' dir='ltr'>hia</span> <span class='ocrx_word' id='word_1_267' title='bbox 263 3695 369 3754; x_wconf 85' lang='lat' dir='ltr'>modus</span> <span class='ocrx_word' id='word_1_268' title='bbox 398 3694 503 3754; x_wconf 76' lang='lat' dir='ltr'>divino</span> <span class='ocrx_word' id='word_1_269' title='bbox 529 3697 596 3755; x_wconf 88' lang='lat' dir='ltr'>iure</span> <span class='ocrx_word' id='word_1_270' title='bbox 623 3698 833 3779; x_wconf 80' lang='lat' dir='ltr'>praescriptus</span> <span class='ocrx_word' id='word_1_271' title='bbox 871 3701 904 3757; x_wconf 78' lang='lat' dir='ltr'>et</span> <span class='ocrx_word' id='word_1_272' title='bbox 928 3694 964 3754; x_wconf 82' lang='lat' dir='ltr'>iu</span> <span class='ocrx_word' id='word_1_273' title='bbox 990 3699 1112 3754; x_wconf 83' lang='lat' dir='ltr'>tantum</span> 
     </span>
     <span class='ocr_line' id='line_1_41' title="bbox 200 3774 1129 3864; baseline 0.01 -35"><span class='ocrx_word' id='word_1_274' title='bbox 200 3776 299 3861; x_wconf 73' lang='lat' dir='ltr'>tenpus</span> <span class='ocrx_word' id='word_1_275' title='bbox 331 3774 497 3835; x_wconf 82' lang='lat' dir='ltr'>roboratus</span> <span class='ocrx_word' id='word_1_276' title='bbox 518 3780 560 3837; x_wconf 87' lang='lat' dir='ltr'>sit</span> <span class='ocrx_word' id='word_1_277' title='bbox 579 3779 761 3864; x_wconf 76' lang='lat' dir='ltr'>sublatus,</span> <span class='ocrx_word' id='word_1_278' title='bbox 779 3782 920 3846; x_wconf 90' lang='lat' dir='ltr'>viderint</span> <span class='ocrx_word' id='word_1_279' title='bbox 946 3779 1014 3845; x_wconf 69' lang='lat' dir='ltr'>ads.</span> <span class='ocrx_word' id='word_1_280' title='bbox 1053 3777 1129 3861; x_wconf 58' lang='lat' dir='ltr'>dago</span> 
     </span>
     <span class='ocr_line' id='line_1_42' title="bbox 199 3850 1151 3951; baseline -0.004 -22"><span class='ocrx_word' id='word_1_281' title='bbox 199 3850 293 3908; x_wconf 69' lang='lat' dir='ltr'>uidem</span> <span class='ocrx_word' id='word_1_282' title='bbox 312 3872 509 3930; x_wconf 53' lang='lat' dir='ltr'>”effrenos</span> <span class='ocrx_word' id='word_1_283' title='bbox 519 3880 671 3948; x_wconf 84' lang='lat' dir='ltr'>possum,</span> <span class='ocrx_word' id='word_1_284' title='bbox 691 3872 772 3951; x_wconf 88' lang='lat' dir='ltr'>quia</span> <span class='ocrx_word' id='word_1_285' title='bbox 786 3871 831 3934; x_wconf 83' lang='lat' dir='ltr'>ad</span> <span class='ocrx_word' id='word_1_286' title='bbox 841 3869 980 3934; x_wconf 85' lang='lat' dir='ltr'>ocuium</span> <span class='ocrx_word' id='word_1_287' title='bbox 997 3863 1151 3927; x_wconf 74' lang='lat' dir='ltr'>ridemus</span> 
     </span>
    </p>
   </div>
   <div class='ocr_carea' id='block_1_3' title="bbox 854 3957 929 4024">
    <p class='ocr_par' dir='ltr' id='par_1_7' title="bbox 854 3957 929 4024">
     <span class='ocr_line' id='line_1_43' title="bbox 854 3957 929 4024; baseline -0.027 0"><span class='ocrx_word' id='word_1_288' title='bbox 854 3957 929 4024; x_wconf 73' lang='lat' dir='ltr'>tu*</span> 
     </span>
    </p>
   </div>
   <div class='ocr_carea' id='block_1_4' title="bbox 0 0 1372 4417">
    <p class='ocr_par' dir='ltr' id='par_1_8' title="bbox 0 0 1372 4417">
     <span class='ocr_line' id='line_1_44' title="bbox 0 0 1372 4417; baseline 0 0"><span class='ocrx_word' id='word_1_289' title='bbox 0 0 1372 4417; x_wconf 95' lang='lat' dir='ltr'> </span> 
     </span>
    </p>
   </div>
  </div>
 </body>
</html>
