<?xml version="1.0" encoding="UTF-8"?>
<!DOCTYPE html PUBLIC "-//W3C//DTD XHTML 1.0 Transitional//EN"
    "http://www.w3.org/TR/xhtml1/DTD/xhtml1-transitional.dtd">
<html xmlns="http://www.w3.org/1999/xhtml" xml:lang="en" lang="en">
 <head>
  <title>
</title>
<meta http-equiv="Content-Type" content="text/html;charset=utf-8" />
  <meta name='ocr-system' content='tesseract 3.04.00' />
  <meta name='ocr-capabilities' content='ocr_page ocr_carea ocr_par ocr_line ocrx_word'/>
</head>
<body>
  <div class='ocr_page' id='page_1' title='image "./operalatinavari00schmgoog_0364.png"; bbox 0 0 2709 4417; ppageno 0'>
   <div class='ocr_carea' id='block_1_1' title="bbox 273 347 970 435">
    <p class='ocr_par' dir='ltr' id='par_1_1' title="bbox 273 347 970 435">
     <span class='ocr_line' id='line_1_1' title="bbox 273 347 970 435; baseline -0.003 -29"><span class='ocrx_word' id='word_1_1' title='bbox 273 347 336 416; x_wconf 82' lang='lat'>352</span> <span class='ocrx_word' id='word_1_2' title='bbox 507 350 600 405; x_wconf 85' lang='lat' dir='ltr'>Rescl.</span> <span class='ocrx_word' id='word_1_3' title='bbox 621 353 648 403; x_wconf 87' lang='lat' dir='ltr'>t.</span> <span class='ocrx_word' id='word_1_4' title='bbox 667 367 751 420; x_wconf 84' lang='lat' dir='ltr'>snper</span> <span class='ocrx_word' id='word_1_5' title='bbox 768 350 970 435; x_wconf 83' lang='lat' dir='ltr'>Propositione</span> 
     </span>
    </p>
   </div>
   <div class='ocr_carea' id='block_1_2' title="bbox 276 501 1219 3165">
    <p class='ocr_par' dir='ltr' id='par_1_2' title="bbox 276 501 1219 2518">
     <span class='ocr_line' id='line_1_2' title="bbox 276 501 1219 621; baseline 0.001 -21"><span class='ocrx_word' id='word_1_6' title='bbox 276 539 345 601; x_wconf 87' lang='lat' dir='ltr'>ditis</span> <span class='ocrx_word' id='word_1_7' title='bbox 368 540 430 598; x_wconf 88' lang='lat' dir='ltr'>suis</span> <span class='ocrx_word' id='word_1_8' title='bbox 453 538 597 600; x_wconf 85' lang='lat' dir='ltr'>dixerunt</span> <span class='ocrx_word' id='word_1_9' title='bbox 617 528 769 621; x_wconf 82' lang='lat' dir='ltr'>personae</span> <span class='ocrx_word' id='word_1_10' title='bbox 793 538 1000 618; x_wconf 88' lang='lat' dir='ltr'>loquentium,</span> <span class='ocrx_word' id='word_1_11' title='bbox 1024 547 1056 599; x_wconf 87' lang='lat' dir='ltr'>at</span> <span class='ocrx_word' id='word_1_12' title='bbox 1076 539 1178 601; x_wconf 76' lang='lat' dir='ltr'>aliare</span> <span class='ocrx_word' id='word_1_13' title='bbox 1216 501 1219 589; x_wconf 90' lang='lat' dir='ltr'>l</span> 
     </span>
     <span class='ocr_line' id='line_1_3' title="bbox 276 629 1007 685; baseline -0.003 -3"><span class='ocrx_word' id='word_1_14' title='bbox 276 629 366 682; x_wconf 87' lang='lat' dir='ltr'>outae</span> <span class='ocrx_word' id='word_1_15' title='bbox 388 630 467 685; x_wconf 85' lang='lat' dir='ltr'>sunt.</span> <span class='ocrx_word' id='word_1_16' title='bbox 1002 663 1007 668; x_wconf 84' lang='lat'>-</span> 
     </span>
     <span class='ocr_line' id='line_1_4' title="bbox 359 703 1177 784; baseline 0.001 -20"><span class='ocrx_word' id='word_1_17' title='bbox 359 703 551 784; x_wconf 74' lang='lat' dir='ltr'><strong>Quamquam</strong></span> <span class='ocrx_word' id='word_1_18' title='bbox 571 704 610 764; x_wconf 92' lang='lat' dir='ltr'>de</span> <span class='ocrx_word' id='word_1_19' title='bbox 632 705 691 765; x_wconf 88' lang='lat' dir='ltr'>hac</span> <span class='ocrx_word' id='word_1_20' title='bbox 712 704 906 765; x_wconf 89' lang='lat' dir='ltr'>subiectione</span> <span class='ocrx_word' id='word_1_21' title='bbox 918 704 1029 764; x_wconf 91' lang='lat' dir='ltr'>Petrus</span> <span class='ocrx_word' id='word_1_22' title='bbox 1050 703 1177 784; x_wconf 81' lang='lat' dir='ltr'>hocloco</span> 
     </span>
     <span class='ocr_line' id='line_1_5' title="bbox 277 786 1176 866; baseline -0.001 -18"><span class='ocrx_word' id='word_1_23' title='bbox 277 806 340 848; x_wconf 92' lang='lat' dir='ltr'>non</span> <span class='ocrx_word' id='word_1_24' title='bbox 368 788 524 866; x_wconf 91' lang='lat' dir='ltr'>loquatur,</span> <span class='ocrx_word' id='word_1_25' title='bbox 557 806 635 866; x_wconf 86' lang='lat' dir='ltr'>quaa</span> <span class='ocrx_word' id='word_1_26' title='bbox 666 797 772 848; x_wconf 92' lang='lat' dir='ltr'>mutua</span> <span class='ocrx_word' id='word_1_27' title='bbox 803 786 979 847; x_wconf 89' lang='lat' dir='ltr'>humilitate</span> <span class='ocrx_word' id='word_1_28' title='bbox 1014 788 1129 866; x_wconf 88' lang='lat' dir='ltr'>spiritus</span> <span class='ocrx_word' id='word_1_29' title='bbox 1153 789 1176 847; x_wconf 90' lang='lat' dir='ltr'>in</span> 
     </span>
     <span class='ocr_line' id='line_1_6' title="bbox 277 868 1178 950; baseline 0 -20"><span class='ocrx_word' id='word_1_30' title='bbox 277 870 456 930; x_wconf 84' lang='lat' dir='ltr'>Christianis</span> <span class='ocrx_word' id='word_1_31' title='bbox 479 877 602 949; x_wconf 88' lang='lat' dir='ltr'>regnat,</span> <span class='ocrx_word' id='word_1_32' title='bbox 636 870 692 930; x_wconf 88' lang='lat' dir='ltr'>sed</span> <span class='ocrx_word' id='word_1_33' title='bbox 723 871 762 931; x_wconf 91' lang='lat' dir='ltr'>de</span> <span class='ocrx_word' id='word_1_34' title='bbox 790 889 841 943; x_wconf 89' lang='lat' dir='ltr'>ea,</span> <span class='ocrx_word' id='word_1_35' title='bbox 876 888 939 948; x_wconf 87' lang='lat' dir='ltr'>qua</span> <span class='ocrx_word' id='word_1_36' title='bbox 960 868 1178 950; x_wconf 87' lang='lat' dir='ltr'>subiiciebantur</span> 
     </span>
     <span class='ocr_line' id='line_1_7' title="bbox 277 951 1219 1036; baseline 0.001 -23"><span class='ocrx_word' id='word_1_37' title='bbox 277 954 413 1032; x_wconf 80' lang='lat' dir='ltr'>profanis</span> <span class='ocrx_word' id='word_1_38' title='bbox 435 953 671 1032; x_wconf 88' lang='lat' dir='ltr'>magistratibus,</span> <span class='ocrx_word' id='word_1_39' title='bbox 695 951 905 1032; x_wconf 84' lang='lat' dir='ltr'>praesidibus,</span> <span class='ocrx_word' id='word_1_40' title='bbox 929 951 1096 1030; x_wconf 91' lang='lat' dir='ltr'>iudicibus,</span> <span class='ocrx_word' id='word_1_41' title='bbox 1114 970 1174 1031; x_wconf 86' lang='lat' dir='ltr'>quos</span> <span class='ocrx_word' id='word_1_42' title='bbox 1218 1028 1219 1036; x_wconf 8' lang='grc' dir='ltr'>ἵ</span> 
     </span>
     <span class='ocr_line' id='line_1_8' title="bbox 277 1034 1219 1116; baseline 0 -20"><span class='ocrx_word' id='word_1_43' title='bbox 277 1042 415 1116; x_wconf 82' lang='lat' dir='ltr'>potestas</span> <span class='ocrx_word' id='word_1_44' title='bbox 446 1035 578 1094; x_wconf 84' lang='lat' dir='ltr'>Romani</span> <span class='ocrx_word' id='word_1_45' title='bbox 606 1036 726 1115; x_wconf 88' lang='lat' dir='ltr'>imperii</span> <span class='ocrx_word' id='word_1_46' title='bbox 756 1034 964 1095; x_wconf 78' lang='lat' dir='ltr'>ordinaverat.</span> <span class='ocrx_word' id='word_1_47' title='bbox 1008 1035 1093 1094; x_wconf 91' lang='lat' dir='ltr'>Hanc</span> <span class='ocrx_word' id='word_1_48' title='bbox 1111 1037 1172 1096; x_wconf 77' lang='lat' dir='ltr'>emm</span> <span class='ocrx_word' id='word_1_49' title='bbox 1218 1108 1219 1111; x_wconf 7' lang='grc' dir='ltr'><strong>Ἴ</strong></span> 
     </span>
     <span class='ocr_line' id='line_1_9' title="bbox 277 1118 1219 1203; baseline -0.001 -25"><span class='ocrx_word' id='word_1_50' title='bbox 277 1119 526 1178; x_wconf 88' lang='lat' dir='ltr'>constitutionem</span> <span class='ocrx_word' id='word_1_51' title='bbox 557 1126 650 1178; x_wconf 89' lang='lat' dir='ltr'>vocat</span> <span class='ocrx_word' id='word_1_52' title='bbox 678 1118 785 1178; x_wconf 84' lang='lat' dir='ltr'>Petrus</span> <span class='ocrx_word' id='word_1_53' title='bbox 821 1125 995 1178; x_wconf 87' lang='lat' dir='ltr'>creaturam</span> <span class='ocrx_word' id='word_1_54' title='bbox 1025 1118 1172 1196; x_wconf 84' lang='lat' dir='ltr'>humanam,</span> <span class='ocrx_word' id='word_1_55' title='bbox 1217 1140 1219 1203; x_wconf 65' lang='lat' dir='ltr'>j</span> 
     </span>
     <span class='ocr_line' id='line_1_10' title="bbox 277 1200 1219 1279; baseline 0.001 -20"><span class='ocrx_word' id='word_1_56' title='bbox 277 1200 358 1278; x_wconf 93' lang='lat' dir='ltr'>quod</span> <span class='ocrx_word' id='word_1_57' title='bbox 382 1220 436 1279; x_wconf 90' lang='lat' dir='ltr'>per</span> <span class='ocrx_word' id='word_1_58' title='bbox 457 1200 597 1260; x_wconf 90' lang='lat' dir='ltr'>homines</span> <span class='ocrx_word' id='word_1_59' title='bbox 620 1209 760 1261; x_wconf 80' lang='lat' dir='ltr'>creentur</span> <span class='ocrx_word' id='word_1_60' title='bbox 782 1202 803 1258; x_wconf 95' lang='lat' dir='ltr'>ii</span> <span class='ocrx_word' id='word_1_61' title='bbox 825 1203 1034 1279; x_wconf 77' lang='lat' dir='ltr'>magistratus.</span> <span class='ocrx_word' id='word_1_62' title='bbox 1075 1201 1112 1260; x_wconf 83' lang='lat' dir='ltr'>At</span> <span class='ocrx_word' id='word_1_63' title='bbox 1134 1201 1170 1262; x_wconf 87' lang='lat' dir='ltr'>bic</span> <span class='ocrx_word' id='word_1_64' title='bbox 1213 1214 1219 1267; x_wconf 79' lang='grc' dir='ltr'>’.ζ</span> 
     </span>
     <span class='ocr_line' id='line_1_11' title="bbox 277 1281 1170 1362; baseline 0.001 -19"><span class='ocrx_word' id='word_1_65' title='bbox 277 1281 474 1343; x_wconf 85' lang='lat' dir='ltr'>decretalista</span> <span class='ocrx_word' id='word_1_66' title='bbox 500 1302 558 1342; x_wconf 89' lang='lat' dir='ltr'>uec</span> <span class='ocrx_word' id='word_1_67' title='bbox 587 1283 739 1345; x_wconf 89' lang='lat' dir='ltr'>vocabula</span> <span class='ocrx_word' id='word_1_68' title='bbox 761 1283 938 1362; x_wconf 75' lang='lat' dir='ltr'>Scripturas</span> <span class='ocrx_word' id='word_1_69' title='bbox 973 1283 1121 1362; x_wconf 88' lang='lat' dir='ltr'>intelligit,</span> <span class='ocrx_word' id='word_1_70' title='bbox 1148 1293 1170 1344; x_wconf 90' lang='lat' dir='ltr'>et</span> 
     </span>
     <span class='ocr_line' id='line_1_12' title="bbox 277 1365 1169 1444; baseline 0 -18"><span class='ocrx_word' id='word_1_71' title='bbox 277 1365 371 1427; x_wconf 89' lang='lat' dir='ltr'>audet</span> <span class='ocrx_word' id='word_1_72' title='bbox 392 1385 459 1425; x_wconf 87' lang='lat' dir='ltr'>eam</span> <span class='ocrx_word' id='word_1_73' title='bbox 482 1367 684 1444; x_wconf 85' lang='lat' dir='ltr'>interpretari.</span> <span class='ocrx_word' id='word_1_74' title='bbox 724 1366 802 1426; x_wconf 81' lang='lat' dir='ltr'>Esse</span> <span class='ocrx_word' id='word_1_75' title='bbox 823 1372 929 1425; x_wconf 91' lang='lat' dir='ltr'>autem</span> <span class='ocrx_word' id='word_1_76' title='bbox 952 1373 1115 1426; x_wconf 89' lang='lat' dir='ltr'>creaturam</span> <span class='ocrx_word' id='word_1_77' title='bbox 1132 1365 1169 1426; x_wconf 85' lang='lat' dir='ltr'>hu</span> 
     </span>
     <span class='ocr_line' id='line_1_13' title="bbox 278 1446 1169 1530; baseline 0 -22"><span class='ocrx_word' id='word_1_78' title='bbox 278 1467 400 1508; x_wconf 88' lang='lat' dir='ltr'>manam</span> <span class='ocrx_word' id='word_1_79' title='bbox 426 1447 473 1516; x_wconf 74' lang='lat' dir='ltr'>tid</span> <span class='ocrx_word' id='word_1_80' title='bbox 495 1449 576 1527; x_wconf 91' lang='lat' dir='ltr'>quod</span> <span class='ocrx_word' id='word_1_81' title='bbox 600 1446 681 1530; x_wconf 84' lang='lat' dir='ltr'>dixi)</span> <span class='ocrx_word' id='word_1_82' title='bbox 708 1450 858 1528; x_wconf 89' lang='lat' dir='ltr'>potuisset</span> <span class='ocrx_word' id='word_1_83' title='bbox 878 1448 1052 1528; x_wconf 89' lang='lat' dir='ltr'>intelligere</span> <span class='ocrx_word' id='word_1_84' title='bbox 1074 1449 1169 1520; x_wconf 75' lang='lat' dir='ltr'>(siun</span> 
     </span>
     <span class='ocr_line' id='line_1_14' title="bbox 278 1531 1168 1610; baseline -0.001 -18"><span class='ocrx_word' id='word_1_85' title='bbox 278 1550 401 1592; x_wconf 89' lang='lat' dir='ltr'>sensum</span> <span class='ocrx_word' id='word_1_86' title='bbox 424 1531 514 1607; x_wconf 87' lang='lat' dir='ltr'>Petri,</span> <span class='ocrx_word' id='word_1_87' title='bbox 540 1550 629 1609; x_wconf 90' lang='lat' dir='ltr'>quam</span> <span class='ocrx_word' id='word_1_88' title='bbox 652 1551 738 1591; x_wconf 89' lang='lat' dir='ltr'>suam</span> <span class='ocrx_word' id='word_1_89' title='bbox 754 1532 956 1592; x_wconf 83' lang='lat' dir='ltr'>ambitionem</span> <span class='ocrx_word' id='word_1_90' title='bbox 974 1531 1168 1610; x_wconf 77' lang='lat' dir='ltr'>quaesivissetj</span> 
     </span>
     <span class='ocr_line' id='line_1_15' title="bbox 278 1612 1170 1693; baseline -0.002 -19"><span class='ocrx_word' id='word_1_91' title='bbox 278 1634 318 1674; x_wconf 87' lang='lat' dir='ltr'>ex</span> <span class='ocrx_word' id='word_1_92' title='bbox 346 1633 420 1673; x_wconf 86' lang='lat' dir='ltr'>mox</span> <span class='ocrx_word' id='word_1_93' title='bbox 448 1612 659 1692; x_wconf 76' lang='lat' dir='ltr'>sequentibus,</span> <span class='ocrx_word' id='word_1_94' title='bbox 692 1614 742 1674; x_wconf 92' lang='lat' dir='ltr'>ubi</span> <span class='ocrx_word' id='word_1_95' title='bbox 780 1614 886 1673; x_wconf 88' lang='lat' dir='ltr'>Petrus</span> <span class='ocrx_word' id='word_1_96' title='bbox 922 1613 1101 1674; x_wconf 89' lang='lat' dir='ltr'>distribuens</span> <span class='ocrx_word' id='word_1_97' title='bbox 1131 1633 1170 1693; x_wconf 86' lang='lat' dir='ltr'>per</span> 
     </span>
     <span class='ocr_line' id='line_1_16' title="bbox 279 1695 1169 1776; baseline 0 -20"><span class='ocrx_word' id='word_1_98' title='bbox 279 1696 414 1776; x_wconf 85' lang='lat' dir='ltr'>singula,</span> <span class='ocrx_word' id='word_1_99' title='bbox 449 1715 527 1774; x_wconf 89' lang='lat' dir='ltr'>quae</span> <span class='ocrx_word' id='word_1_100' title='bbox 555 1697 584 1754; x_wconf 90' lang='lat' dir='ltr'>in</span> <span class='ocrx_word' id='word_1_101' title='bbox 609 1697 794 1757; x_wconf 80' lang='lat' dir='ltr'>collectione</span> <span class='ocrx_word' id='word_1_102' title='bbox 816 1695 946 1772; x_wconf 81' lang='lat' dir='ltr'>dixerat,</span> <span class='ocrx_word' id='word_1_103' title='bbox 970 1716 1003 1755; x_wconf 90' lang='lat' dir='ltr'>se</span> <span class='ocrx_word' id='word_1_104' title='bbox 1022 1697 1114 1776; x_wconf 90' lang='lat' dir='ltr'>ipsum</span> <span class='ocrx_word' id='word_1_105' title='bbox 1133 1715 1169 1756; x_wconf 83' lang='lat' dir='ltr'>er·</span> 
     </span>
     <span class='ocr_line' id='line_1_17' title="bbox 279 1777 1219 1859; baseline 0 -21"><span class='ocrx_word' id='word_1_106' title='bbox 279 1781 376 1859; x_wconf 91' lang='lat' dir='ltr'>ponit,</span> <span class='ocrx_word' id='word_1_107' title='bbox 401 1779 501 1856; x_wconf 88' lang='lat' dir='ltr'>Omni,</span> <span class='ocrx_word' id='word_1_108' title='bbox 523 1781 657 1857; x_wconf 87' lang='lat' dir='ltr'>inquam,</span> <span class='ocrx_word' id='word_1_109' title='bbox 681 1777 848 1858; x_wconf 86' lang='lat' dir='ltr'>creaturae,</span> <span class='ocrx_word' id='word_1_110' title='bbox 871 1781 937 1838; x_wconf 88' lang='lat' dir='ltr'>sive</span> <span class='ocrx_word' id='word_1_111' title='bbox 960 1780 1035 1859; x_wconf 87' lang='lat' dir='ltr'>regi,</span> <span class='ocrx_word' id='word_1_112' title='bbox 1057 1781 1116 1838; x_wconf 86' lang='lat' dir='ltr'>sive</span> <span class='ocrx_word' id='word_1_113' title='bbox 1134 1779 1170 1838; x_wconf 89' lang='lat' dir='ltr'>du·</span> <span class='ocrx_word' id='word_1_114' title='bbox 1215 1851 1219 1856; x_wconf 27' lang='lat'>·</span> 
     </span>
     <span class='ocr_line' id='line_1_18' title="bbox 279 1861 1172 1940; baseline -0.002 -17"><span class='ocrx_word' id='word_1_115' title='bbox 279 1861 381 1938; x_wconf 89' lang='lat' dir='ltr'>cibus,</span> <span class='ocrx_word' id='word_1_116' title='bbox 404 1863 490 1940; x_wconf 90' lang='lat' dir='ltr'>quasi</span> <span class='ocrx_word' id='word_1_117' title='bbox 512 1862 611 1923; x_wconf 89' lang='lat' dir='ltr'>dicat:</span> <span class='ocrx_word' id='word_1_118' title='bbox 653 1862 727 1922; x_wconf 92' lang='lat' dir='ltr'>ldeo</span> <span class='ocrx_word' id='word_1_119' title='bbox 758 1863 820 1922; x_wconf 87' lang='lat' dir='ltr'>dixi</span> <span class='ocrx_word' id='word_1_120' title='bbox 848 1863 932 1922; x_wconf 90' lang='lat' dir='ltr'>omni</span> <span class='ocrx_word' id='word_1_121' title='bbox 961 1870 1126 1940; x_wconf 90' lang='lat' dir='ltr'>creaturae,</span> <span class='ocrx_word' id='word_1_122' title='bbox 1151 1870 1172 1921; x_wconf 88' lang='lat' dir='ltr'>et</span> 
     </span>
     <span class='ocr_line' id='line_1_19' title="bbox 280 1943 1172 2022; baseline -0.002 -17"><span class='ocrx_word' id='word_1_123' title='bbox 280 1943 421 2005; x_wconf 87' lang='lat' dir='ltr'>omnibus</span> <span class='ocrx_word' id='word_1_124' title='bbox 450 1944 607 2004; x_wconf 91' lang='lat' dir='ltr'>hominum</span> <span class='ocrx_word' id='word_1_125' title='bbox 644 1945 888 2005; x_wconf 88' lang='lat' dir='ltr'>ordinationibus</span> <span class='ocrx_word' id='word_1_126' title='bbox 919 1945 1044 2021; x_wconf 88' lang='lat' dir='ltr'>subiici,</span> <span class='ocrx_word' id='word_1_127' title='bbox 1074 1965 1110 2004; x_wconf 91' lang='lat' dir='ltr'>ne</span> <span class='ocrx_word' id='word_1_128' title='bbox 1135 1946 1172 2022; x_wconf 87' lang='lat' dir='ltr'>qui</span> 
     </span>
     <span class='ocr_line' id='line_1_20' title="bbox 280 2025 1173 2107; baseline -0.001 -20"><span class='ocrx_word' id='word_1_129' title='bbox 280 2034 414 2087; x_wconf 87' lang='lat' dir='ltr'>vestrum</span> <span class='ocrx_word' id='word_1_130' title='bbox 448 2046 481 2087; x_wconf 88' lang='lat' dir='ltr'>se</span> <span class='ocrx_word' id='word_1_131' title='bbox 517 2025 663 2086; x_wconf 90' lang='lat' dir='ltr'>adversus</span> <span class='ocrx_word' id='word_1_132' title='bbox 703 2029 836 2088; x_wconf 87' lang='lat' dir='ltr'>minores</span> <span class='ocrx_word' id='word_1_133' title='bbox 873 2027 1031 2107; x_wconf 85' lang='lat' dir='ltr'>praesides</span> <span class='ocrx_word' id='word_1_134' title='bbox 1063 2027 1173 2104; x_wconf 86' lang='lat' dir='ltr'>elevent,</span> 
     </span>
     <span class='ocr_line' id='line_1_21' title="bbox 279 2109 1173 2191; baseline 0 -22"><span class='ocrx_word' id='word_1_135' title='bbox 279 2111 365 2189; x_wconf 89' lang='lat' dir='ltr'>quasi</span> <span class='ocrx_word' id='word_1_136' title='bbox 400 2109 612 2170; x_wconf 90' lang='lat' dir='ltr'>tantummodo</span> <span class='ocrx_word' id='word_1_137' title='bbox 644 2112 710 2191; x_wconf 86' lang='lat' dir='ltr'>regi</span> <span class='ocrx_word' id='word_1_138' title='bbox 731 2111 985 2190; x_wconf 85' lang='lat' dir='ltr'>obtemperaturi,</span> <span class='ocrx_word' id='word_1_139' title='bbox 1019 2110 1072 2170; x_wconf 93' lang='lat' dir='ltr'>sed</span> <span class='ocrx_word' id='word_1_140' title='bbox 1100 2112 1173 2170; x_wconf 87' lang='lat' dir='ltr'>etiam</span> 
     </span>
     <span class='ocr_line' id='line_1_22' title="bbox 279 2192 1174 2271; baseline -0.001 -18"><span class='ocrx_word' id='word_1_141' title='bbox 279 2194 379 2253; x_wconf 89' lang='lat' dir='ltr'>missis</span> <span class='ocrx_word' id='word_1_142' title='bbox 402 2192 439 2252; x_wconf 90' lang='lat' dir='ltr'>ab</span> <span class='ocrx_word' id='word_1_143' title='bbox 463 2211 511 2268; x_wconf 86' lang='lat' dir='ltr'>eo,</span> <span class='ocrx_word' id='word_1_144' title='bbox 535 2192 615 2269; x_wconf 90' lang='lat' dir='ltr'>data,</span> <span class='ocrx_word' id='word_1_145' title='bbox 638 2194 738 2271; x_wconf 87' lang='lat' dir='ltr'>facite,</span> <span class='ocrx_word' id='word_1_146' title='bbox 763 2196 894 2271; x_wconf 87' lang='lat' dir='ltr'>servate,</span> <span class='ocrx_word' id='word_1_147' title='bbox 918 2212 998 2271; x_wconf 90' lang='lat' dir='ltr'>quae</span> <span class='ocrx_word' id='word_1_148' title='bbox 1019 2193 1125 2269; x_wconf 90' lang='lat' dir='ltr'>danda,</span> <span class='ocrx_word' id='word_1_149' title='bbox 1143 2193 1174 2252; x_wconf 87' lang='lat' dir='ltr'>la-</span> 
     </span>
     <span class='ocr_line' id='line_1_23' title="bbox 280 2275 1175 2355; baseline -0.002 -20"><span class='ocrx_word' id='word_1_150' title='bbox 280 2275 407 2351; x_wconf 90' lang='lat' dir='ltr'>cienda,</span> <span class='ocrx_word' id='word_1_151' title='bbox 441 2275 593 2335; x_wconf 88' lang='lat' dir='ltr'>servanda</span> <span class='ocrx_word' id='word_1_152' title='bbox 616 2285 700 2355; x_wconf 73' lang='lat' dir='ltr'>suut,</span> <span class='ocrx_word' id='word_1_153' title='bbox 730 2276 886 2354; x_wconf 88' lang='lat' dir='ltr'>quomodo</span> <span class='ocrx_word' id='word_1_154' title='bbox 915 2277 1025 2336; x_wconf 89' lang='lat' dir='ltr'>Roma.</span> <span class='ocrx_word' id='word_1_155' title='bbox 1052 2281 1100 2340; x_wconf 78' lang='lat'>13:</span> <span class='ocrx_word' id='word_1_156' title='bbox 1132 2275 1175 2335; x_wconf 81' lang='lat' dir='ltr'>Cui</span> 
     </span>
     <span class='ocr_line' id='line_1_24' title="bbox 278 2357 1176 2437; baseline -0.002 -19"><span class='ocrx_word' id='word_1_157' title='bbox 278 2358 443 2435; x_wconf 90' lang='lat' dir='ltr'>bonorem,</span> <span class='ocrx_word' id='word_1_158' title='bbox 467 2357 634 2436; x_wconf 68' lang='lat' dir='ltr'>honorem,</span> <span class='ocrx_word' id='word_1_159' title='bbox 656 2361 704 2418; x_wconf 90' lang='lat' dir='ltr'>cui</span> <span class='ocrx_word' id='word_1_160' title='bbox 718 2361 869 2437; x_wconf 89' lang='lat' dir='ltr'>timorem,</span> <span class='ocrx_word' id='word_1_161' title='bbox 891 2361 1050 2437; x_wconf 72' lang='lat' dir='ltr'>timorem,</span> <span class='ocrx_word' id='word_1_162' title='bbox 1076 2360 1120 2418; x_wconf 88' lang='lat' dir='ltr'>aui</span> <span class='ocrx_word' id='word_1_163' title='bbox 1140 2359 1176 2416; x_wconf 90' lang='lat' dir='ltr'>tri-</span> 
     </span>
     <span class='ocr_line' id='line_1_25' title="bbox 279 2440 579 2518; baseline 0 -17"><span class='ocrx_word' id='word_1_164' title='bbox 279 2440 402 2518; x_wconf 90' lang='lat' dir='ltr'>butum,</span> <span class='ocrx_word' id='word_1_165' title='bbox 425 2440 579 2501; x_wconf 69' lang='lat' dir='ltr'>tributum·</span> 
     </span>
    </p>

    <p class='ocr_par' dir='ltr' id='par_1_3' title="bbox 279 2523 1219 3165">
     <span class='ocr_line' id='line_1_26' title="bbox 362 2523 1178 2604; baseline -0.001 -21"><span class='ocrx_word' id='word_1_166' title='bbox 362 2524 431 2583; x_wconf 90' lang='lat' dir='ltr'>Non</span> <span class='ocrx_word' id='word_1_167' title='bbox 455 2542 529 2602; x_wconf 87' lang='lat' dir='ltr'>ergo</span> <span class='ocrx_word' id='word_1_168' title='bbox 551 2523 590 2583; x_wconf 88' lang='lat' dir='ltr'>de</span> <span class='ocrx_word' id='word_1_169' title='bbox 612 2531 751 2584; x_wconf 88' lang='lat' dir='ltr'>creatura</span> <span class='ocrx_word' id='word_1_170' title='bbox 774 2524 831 2583; x_wconf 90' lang='lat' dir='ltr'>Dei</span> <span class='ocrx_word' id='word_1_171' title='bbox 853 2524 1003 2603; x_wconf 89' lang='lat' dir='ltr'>loquitur,</span> <span class='ocrx_word' id='word_1_172' title='bbox 1035 2544 1121 2604; x_wconf 90' lang='lat' dir='ltr'>quam</span> <span class='ocrx_word' id='word_1_173' title='bbox 1144 2525 1178 2582; x_wconf 92' lang='lat' dir='ltr'>ln·</span> 
     </span>
     <span class='ocr_line' id='line_1_27' title="bbox 279 2605 1177 2686; baseline -0.002 -19"><span class='ocrx_word' id='word_1_174' title='bbox 279 2607 440 2667; x_wconf 82' lang='lat' dir='ltr'>nocentius</span> <span class='ocrx_word' id='word_1_175' title='bbox 462 2608 492 2665; x_wconf 91' lang='lat' dir='ltr'>in</span> <span class='ocrx_word' id='word_1_176' title='bbox 516 2607 577 2666; x_wconf 92' lang='lat' dir='ltr'>suis</span> <span class='ocrx_word' id='word_1_177' title='bbox 601 2605 795 2686; x_wconf 89' lang='lat' dir='ltr'>opinionibus</span> <span class='ocrx_word' id='word_1_178' title='bbox 819 2608 950 2685; x_wconf 84' lang='lat' dir='ltr'>cogitat,</span> <span class='ocrx_word' id='word_1_179' title='bbox 973 2607 1027 2668; x_wconf 90' lang='lat' dir='ltr'>sed</span> <span class='ocrx_word' id='word_1_180' title='bbox 1051 2607 1089 2667; x_wconf 90' lang='lat' dir='ltr'>de</span> <span class='ocrx_word' id='word_1_181' title='bbox 1110 2626 1177 2666; x_wconf 89' lang='lat' dir='ltr'>crea-</span> 
     </span>
     <span class='ocr_line' id='line_1_28' title="bbox 279 2689 1219 2768; baseline -0.002 -18"><span class='ocrx_word' id='word_1_182' title='bbox 279 2697 347 2750; x_wconf 89' lang='lat' dir='ltr'>tura</span> <span class='ocrx_word' id='word_1_183' title='bbox 368 2690 510 2767; x_wconf 90' lang='lat' dir='ltr'>humana,</span> <span class='ocrx_word' id='word_1_184' title='bbox 533 2699 566 2750; x_wconf 91' lang='lat' dir='ltr'>ut</span> <span class='ocrx_word' id='word_1_185' title='bbox 587 2689 681 2748; x_wconf 86' lang='lat' dir='ltr'>verba</span> <span class='ocrx_word' id='word_1_186' title='bbox 702 2709 848 2768; x_wconf 84' lang='lat' dir='ltr'>expresse</span> <span class='ocrx_word' id='word_1_187' title='bbox 870 2699 992 2767; x_wconf 91' lang='lat' dir='ltr'>sonant,</span> <span class='ocrx_word' id='word_1_188' title='bbox 1017 2691 1112 2768; x_wconf 93' lang='lat' dir='ltr'>qualis</span> <span class='ocrx_word' id='word_1_189' title='bbox 1130 2709 1180 2749; x_wconf 91' lang='lat' dir='ltr'>non</span> <span class='ocrx_word' id='word_1_190' title='bbox 1218 2750 1219 2755; x_wconf 62' lang='grc'>,</span> 
     </span>
     <span class='ocr_line' id='line_1_29' title="bbox 280 2768 1219 2853; baseline -0.004 -19"><span class='ocrx_word' id='word_1_191' title='bbox 280 2783 328 2834; x_wconf 87' lang='lat' dir='ltr'>est</span> <span class='ocrx_word' id='word_1_192' title='bbox 349 2793 465 2848; x_wconf 88' lang='lat' dir='ltr'>servus,</span> <span class='ocrx_word' id='word_1_193' title='bbox 488 2792 576 2850; x_wconf 92' lang='lat' dir='ltr'>quem</span> <span class='ocrx_word' id='word_1_194' title='bbox 601 2773 687 2831; x_wconf 91' lang='lat' dir='ltr'>timet</span> <span class='ocrx_word' id='word_1_195' title='bbox 707 2774 866 2850; x_wconf 88' lang='lat' dir='ltr'>imperium</span> <span class='ocrx_word' id='word_1_196' title='bbox 889 2773 1032 2851; x_wconf 89' lang='lat' dir='ltr'>accipere</span> <span class='ocrx_word' id='word_1_197' title='bbox 1046 2793 1133 2853; x_wconf 89' lang='lat' dir='ltr'>super</span> <span class='ocrx_word' id='word_1_198' title='bbox 1146 2791 1181 2831; x_wconf 87' lang='lat' dir='ltr'>sa·</span> <span class='ocrx_word' id='word_1_199' title='bbox 1218 2768 1219 2773; x_wconf 65' lang='grc'>’</span> 
     </span>
     <span class='ocr_line' id='line_1_30' title="bbox 280 2855 1182 2934; baseline -0.003 -18"><span class='ocrx_word' id='word_1_200' title='bbox 280 2856 430 2933; x_wconf 87' lang='lat' dir='ltr'>cerdotes,</span> <span class='ocrx_word' id='word_1_201' title='bbox 453 2856 524 2914; x_wconf 91' lang='lat' dir='ltr'>licet</span> <span class='ocrx_word' id='word_1_202' title='bbox 547 2857 651 2931; x_wconf 79' lang='lat' dir='ltr'>(iuxta</span> <span class='ocrx_word' id='word_1_203' title='bbox 672 2855 883 2934; x_wconf 75' lang='lat' dir='ltr'>evangelium)</span> <span class='ocrx_word' id='word_1_204' title='bbox 909 2857 1006 2915; x_wconf 91' lang='lat' dir='ltr'>cuivis</span> <span class='ocrx_word' id='word_1_205' title='bbox 1029 2875 1118 2916; x_wconf 88' lang='lat' dir='ltr'>servo</span> <span class='ocrx_word' id='word_1_206' title='bbox 1137 2873 1182 2915; x_wconf 86' lang='lat' dir='ltr'>nos</span> 
     </span>
     <span class='ocr_line' id='line_1_31' title="bbox 281 2938 1182 3018; baseline -0.006 -19"><span class='ocrx_word' id='word_1_207' title='bbox 281 2948 424 3018; x_wconf 88' lang='lat' dir='ltr'>oporteat</span> <span class='ocrx_word' id='word_1_208' title='bbox 445 2938 595 3013; x_wconf 88' lang='lat' dir='ltr'>submitti,</span> <span class='ocrx_word' id='word_1_209' title='bbox 618 2938 690 3016; x_wconf 92' lang='lat' dir='ltr'>quin</span> <span class='ocrx_word' id='word_1_210' title='bbox 713 2945 808 2997; x_wconf 88' lang='lat' dir='ltr'>totum</span> <span class='ocrx_word' id='word_1_211' title='bbox 832 2938 892 2998; x_wconf 82' lang='lat' dir='ltr'>bo&#39;c</span> <span class='ocrx_word' id='word_1_212' title='bbox 913 2939 1078 2999; x_wconf 87' lang='lat' dir='ltr'>verborum</span> <span class='ocrx_word' id='word_1_213' title='bbox 1102 2938 1182 2998; x_wconf 90' lang='lat' dir='ltr'>cahos</span> 
     </span>
     <span class='ocr_line' id='line_1_32' title="bbox 279 3021 1183 3098; baseline -0.002 -17"><span class='ocrx_word' id='word_1_214' title='bbox 279 3021 451 3081; x_wconf 88' lang='lat' dir='ltr'>Innocentii</span> <span class='ocrx_word' id='word_1_215' title='bbox 473 3028 503 3080; x_wconf 91' lang='lat' dir='ltr'>et</span> <span class='ocrx_word' id='word_1_216' title='bbox 526 3021 599 3079; x_wconf 90' lang='lat' dir='ltr'>nihil</span> <span class='ocrx_word' id='word_1_217' title='bbox 621 3021 694 3080; x_wconf 87' lang='lat' dir='ltr'>facit</span> <span class='ocrx_word' id='word_1_218' title='bbox 714 3021 753 3080; x_wconf 90' lang='lat' dir='ltr'>ad</span> <span class='ocrx_word' id='word_1_219' title='bbox 784 3041 863 3098; x_wconf 87' lang='lat' dir='ltr'>rem,</span> <span class='ocrx_word' id='word_1_220' title='bbox 897 3030 928 3081; x_wconf 90' lang='lat' dir='ltr'>et</span> <span class='ocrx_word' id='word_1_221' title='bbox 954 3023 1095 3082; x_wconf 90' lang='lat' dir='ltr'>inscitiae</span> <span class='ocrx_word' id='word_1_222' title='bbox 1123 3039 1183 3080; x_wconf 86' lang='lat' dir='ltr'>suae</span> 
     </span>
     <span class='ocr_line' id='line_1_33' title="bbox 281 3103 728 3165; baseline 0.004 -2"><span class='ocrx_word' id='word_1_223' title='bbox 281 3103 430 3163; x_wconf 86' lang='lat' dir='ltr'>duntaxat</span> <span class='ocrx_word' id='word_1_224' title='bbox 452 3104 627 3164; x_wconf 88' lang='lat' dir='ltr'>testimonia</span> <span class='ocrx_word' id='word_1_225' title='bbox 649 3111 728 3165; x_wconf 89' lang='lat' dir='ltr'>sunt.</span> 
     </span>
    </p>
   </div>
   <div class='ocr_carea' id='block_1_3' title="bbox 664 3240 820 3319">
    <p class='ocr_par' dir='ltr' id='par_1_4' title="bbox 664 3240 820 3319">
     <span class='ocr_line' id='line_1_34' title="bbox 664 3240 820 3319; baseline -0.006 -19"><span class='ocrx_word' id='word_1_226' title='bbox 664 3240 820 3319; x_wconf 85' lang='lat' dir='ltr'>Sequitur:</span> 
     </span>
    </p>
   </div>
   <div class='ocr_carea' id='block_1_4' title="bbox 269 3358 1220 3946">
    <p class='ocr_par' dir='ltr' id='par_1_5' title="bbox 280 3358 1187 3688">
     <span class='ocr_line' id='line_1_35' title="bbox 362 3358 1187 3438; baseline -0.002 -20"><span class='ocrx_word' id='word_1_227' title='bbox 362 3358 452 3433; x_wconf 75' lang='lat' dir='ltr'>Quod</span> <span class='ocrx_word' id='word_1_228' title='bbox 474 3366 576 3418; x_wconf 89' lang='lat' dir='ltr'>autem</span> <span class='ocrx_word' id='word_1_229' title='bbox 598 3358 749 3436; x_wconf 85' lang='lat' dir='ltr'>sequitur,</span> <span class='ocrx_word' id='word_1_230' title='bbox 771 3359 836 3417; x_wconf 88' lang='lat' dir='ltr'>sive</span> <span class='ocrx_word' id='word_1_231' title='bbox 857 3358 921 3436; x_wconf 88' lang='lat' dir='ltr'>regi</span> <span class='ocrx_word' id='word_1_232' title='bbox 944 3365 1089 3437; x_wconf 87' lang='lat' dir='ltr'>tanquam</span> <span class='ocrx_word' id='word_1_233' title='bbox 1112 3378 1187 3438; x_wconf 90' lang='lat' dir='ltr'>prae·</span> 
     </span>
     <span class='ocr_line' id='line_1_36' title="bbox 280 3440 1187 3523; baseline -0.006 -19"><span class='ocrx_word' id='word_1_234' title='bbox 280 3443 419 3520; x_wconf 88' lang='lat' dir='ltr'>callenti,</span> <span class='ocrx_word' id='word_1_235' title='bbox 451 3461 512 3502; x_wconf 90' lang='lat' dir='ltr'>non</span> <span class='ocrx_word' id='word_1_236' title='bbox 536 3460 697 3519; x_wconf 85' lang='lat' dir='ltr'>negamus,</span> <span class='ocrx_word' id='word_1_237' title='bbox 731 3441 803 3519; x_wconf 94' lang='lat' dir='ltr'>quin</span> <span class='ocrx_word' id='word_1_238' title='bbox 832 3440 1000 3519; x_wconf 90' lang='lat' dir='ltr'>praecellat</span> <span class='ocrx_word' id='word_1_239' title='bbox 1033 3442 1187 3523; x_wconf 89' lang='lat' dir='ltr'>imperator</span> 
     </span>
     <span class='ocr_line' id='line_1_37' title="bbox 280 3523 1187 3605; baseline -0.004 -19"><span class='ocrx_word' id='word_1_240' title='bbox 280 3527 311 3586; x_wconf 95' lang='lat' dir='ltr'>in</span> <span class='ocrx_word' id='word_1_241' title='bbox 335 3524 570 3605; x_wconf 88' lang='lat' dir='ltr'>temporalibus,</span> <span class='ocrx_word' id='word_1_242' title='bbox 603 3523 673 3583; x_wconf 87' lang='lat' dir='ltr'>illos</span> <span class='ocrx_word' id='word_1_243' title='bbox 702 3523 867 3600; x_wconf 86' lang='lat' dir='ltr'>duntaxat,</span> <span class='ocrx_word' id='word_1_244' title='bbox 901 3525 953 3601; x_wconf 93' lang='lat' dir='ltr'>qui</span> <span class='ocrx_word' id='word_1_245' title='bbox 981 3524 1021 3583; x_wconf 92' lang='lat' dir='ltr'>ab</span> <span class='ocrx_word' id='word_1_246' title='bbox 1046 3543 1084 3584; x_wconf 92' lang='lat' dir='ltr'>eo</span> <span class='ocrx_word' id='word_1_247' title='bbox 1107 3524 1187 3583; x_wconf 88' lang='lat' dir='ltr'>susci·</span> 
     </span>
     <span class='ocr_line' id='line_1_38' title="bbox 281 3607 580 3688; baseline -0.01 -20"><span class='ocrx_word' id='word_1_248' title='bbox 281 3611 368 3688; x_wconf 90' lang='lat' dir='ltr'>piunt</span> <span class='ocrx_word' id='word_1_249' title='bbox 391 3607 580 3687; x_wconf 86' lang='lat' dir='ltr'>temporalia.</span> 
     </span>
    </p>

    <p class='ocr_par' dir='ltr' id='par_1_6' title="bbox 269 3689 1220 3946">
     <span class='ocr_line' id='line_1_39' title="bbox 363 3689 1187 3769; baseline -0.004 -19"><span class='ocrx_word' id='word_1_250' title='bbox 363 3691 420 3750; x_wconf 89' lang='lat' dir='ltr'>Hic</span> <span class='ocrx_word' id='word_1_251' title='bbox 443 3692 467 3750; x_wconf 94' lang='lat' dir='ltr'>si</span> <span class='ocrx_word' id='word_1_252' title='bbox 499 3709 644 3769; x_wconf 89' lang='lat' dir='ltr'>quaeras,</span> <span class='ocrx_word' id='word_1_253' title='bbox 678 3708 738 3768; x_wconf 89' lang='lat' dir='ltr'>qua</span> <span class='ocrx_word' id='word_1_254' title='bbox 764 3691 929 3750; x_wconf 88' lang='lat' dir='ltr'>autoritate</span> <span class='ocrx_word' id='word_1_255' title='bbox 968 3689 1095 3749; x_wconf 88' lang='lat' dir='ltr'>verbum</span> <span class='ocrx_word' id='word_1_256' title='bbox 1116 3689 1187 3748; x_wconf 90' lang='lat' dir='ltr'>Petri</span> 
     </span>
     <span class='ocr_line' id='line_1_40' title="bbox 275 3771 1192 3856; baseline -0.015 -16"><span class='ocrx_word' id='word_1_257' title='bbox 275 3777 322 3840; x_wconf 75' lang='lat' dir='ltr'>sic</span> <span class='ocrx_word' id='word_1_258' title='bbox 347 3782 479 3856; x_wconf 85' lang='lat' dir='ltr'>coartet,</span> <span class='ocrx_word' id='word_1_259' title='bbox 501 3782 533 3836; x_wconf 85' lang='lat' dir='ltr'>et</span> <span class='ocrx_word' id='word_1_260' title='bbox 555 3771 640 3854; x_wconf 88' lang='lat' dir='ltr'>quod</span> <span class='ocrx_word' id='word_1_261' title='bbox 652 3771 797 3832; x_wconf 76' lang='lat' dir='ltr'>omnibus</span> <span class='ocrx_word' id='word_1_262' title='bbox 807 3771 924 3828; x_wconf 74' lang='lat' dir='ltr'>dictum</span> <span class='ocrx_word' id='word_1_263' title='bbox 943 3777 1006 3842; x_wconf 66' lang='lat' dir='ltr'>est,</span> <span class='ocrx_word' id='word_1_264' title='bbox 1020 3771 1066 3826; x_wconf 76' lang='lat' dir='ltr'>ab</span> <span class='ocrx_word' id='word_1_265' title='bbox 1081 3771 1192 3843; x_wconf 75' lang='lat' dir='ltr'>aliopos</span> 
     </span>
     <span class='ocr_line' id='line_1_41' title="bbox 269 3846 1220 3946; baseline -0.023 -21"><span class='ocrx_word' id='word_1_266' title='bbox 269 3863 434 3929; x_wconf 87' lang='lat' dir='ltr'>duntaxat</span> <span class='ocrx_word' id='word_1_267' title='bbox 445 3863 641 3946; x_wconf 82' lang='lat' dir='ltr'>depravator</span> <span class='ocrx_word' id='word_1_268' title='bbox 656 3860 767 3934; x_wconf 79' lang='lat' dir='ltr'>aptet,</span> <span class='ocrx_word' id='word_1_269' title='bbox 782 3848 1006 3927; x_wconf 67' lang='lat' dir='ltr'>respondeum.</span> <span class='ocrx_word' id='word_1_270' title='bbox 1031 3847 1125 3902; x_wconf 63' lang='lat' dir='ltr'>nixas</span> <span class='ocrx_word' id='word_1_271' title='bbox 1137 3846 1220 3903; x_wconf 49' lang='lat' dir='ltr'>abiu,</span> 
     </span>
    </p>
   </div>
   <div class='ocr_carea' id='block_1_5' title="bbox 0 0 1368 4417">
    <p class='ocr_par' dir='ltr' id='par_1_7' title="bbox 0 0 1368 4417">
     <span class='ocr_line' id='line_1_42' title="bbox 0 0 1368 4417; baseline 0 0"><span class='ocrx_word' id='word_1_272' title='bbox 0 0 1368 4417; x_wconf 95' lang='lat' dir='ltr'> </span> 
     </span>
    </p>
   </div>
  </div>
 </body>
</html>
