2709 4417
456 355 528 411 ulit
548 355 583 413 ds
602 359 740 425 potestate
758 357 882 425 i’spca.·.
1060 353 1123 425 319

202 537 293 617 ipsas
314 540 346 601 iu
367 539 427 603 hac
446 559 480 600 re
508 540 670 603 formatum
694 547 751 603 est
793 540 842 601 Ex
874 541 911 603 iis
943 541 1004 601 iam
1031 540 1121 603 facile

204 626 265 698 εει,
285 621 421 685 Decreta
441 625 510 717 ipsa
530 623 675 703 iudicare,
698 643 789 703 quam
805 621 1032 700 infirmitersua
1053 644 1121 703 pro·

204 701 293 766 bent.
338 704 429 783 Quod
449 713 484 767 ut
505 705 618 766 clarum
643 707 763 785 inciam,
784 707 903 785 aliquot
925 706 1054 768 adduco.

290 787 412 849 Primus
432 796 480 850 est
492 787 555 850 Leo
577 789 645 849 dist.
662 793 708 853 19.
730 808 756 852 c.
780 791 824 849 lta
837 790 988 850 Dominus
1007 796 1122 865 noster,

205 868 322 949 iuquit:
344 871 435 933 iesus
459 870 595 932 Christus
623 872 748 933 humani
778 874 901 955 generis
923 873 1057 935 salvator
1078 873 1122 935 iu·

209 953 318 1033 stituit,
341 961 375 1015 ut
396 955 517 1032 veritus,
539 973 618 1033 quse
640 962 732 1015 antea
752 954 829 1034 legis
852 962 883 1015 et
904 955 1120 1034 prophetarum

207 1037 378 1114 praeconio
400 1037 631 1114 continebatur,
664 1057 719 1117 per
741 1037 843 1098 tubam
866 1038 1067 1116 apostolicam
1090 1039 1123 1099 in

209 1119 342 1179 salutem
365 1121 571 1181 universitatis
594 1122 701 1198 exiret,
723 1122 801 1181 sicut
821 1121 965 1200 scriptum
989 1129 1053 1181 est:
1088 1121 1122 1180 ln

209 1219 333 1262 omnem
356 1211 467 1263 terram
489 1203 586 1263 exivit
606 1222 701 1264 sonus
713 1222 829 1283 eorum,
851 1211 883 1263 et
898 1205 929 1262 in
946 1202 1022 1263 fines
1040 1203 1122 1265 orbis

209 1290 309 1349 terrae
331 1284 553 1348 verbosorum.
597 1283 657 1346 Sed
674 1285 762 1345 huius
784 1287 916 1346 muneris
930 1293 1122 1349 sacramenta

208 1367 248 1427 ita
269 1367 424 1429 Dominus
444 1367 484 1429 cd
508 1368 643 1429 omnium
666 1369 877 1448 apostolorum
901 1367 1034 1429 officium
1056 1388 1121 1449 per-

208 1451 306 1511 tinere
321 1451 429 1529 voluit,
447 1452 519 1511 utin
531 1451 707 1513 beatissimo
726 1451 816 1513 Petro
840 1453 974 1513 omnium
999 1459 1118 1531 aposto-

208 1531 305 1592 lorum
317 1553 437 1595 summo
449 1530 657 1613 principaliter
667 1533 844 1613 collocaret,
859 1543 892 1593 ut
904 1535 942 1595 ab
956 1537 1035 1614 ipso,
1051 1552 1122 1613 qua

207 1615 229 1676 si
241 1635 264 1675 a
286 1617 421 1694 quodam
435 1618 544 1696 capite,
567 1615 650 1677 donc
666 1633 726 1677 sua
746 1617 831 1679 velut
850 1619 881 1677 in
904 1636 1015 1696 corpus
1029 1635 1121 1677 omne

205 1696 409 1778 diffunderet,
443 1706 477 1760 ut
503 1706 657 1761 exsortem
681 1718 715 1761 se
735 1700 920 1780 intelligeret
941 1700 1036 1760 divini
1058 1719 1121 1780 my-

204 1783 291 1843 sterii
305 1801 385 1861 esse,
408 1785 457 1861 qui
471 1801 492 1841 o
503 1782 584 1843 Petri
600 1782 755 1844 soliditate
765 1783 932 1845 recederet.
963 1783 1048 1843 Haec
1059 1782 1121 1845 ille.

289 1863 377 1941 Quis,
400 1864 545 1941 obsecro,
567 1884 629 1925 non
652 1866 736 1926 videt
758 1870 896 1927 sanctum
920 1874 951 1926 et
972 1865 1121 1927 eruditum

199 1946 289 2007 hunc
310 1949 410 2008 virum
432 1948 566 2007 humana
587 1952 733 2027 passum?
764 1948 843 2009 Nam
866 1951 892 2009 si
914 1968 969 2028 per
990 1947 1124 2009 solidita·

200 2036 268 2090 tem
292 2030 374 2091 Petri
395 2031 538 2110 intelligit
560 2029 662 2110 iidem,
685 2050 746 2110 qua
766 2031 872 2092 Petrus
886 2031 1037 2091 Christum
1050 2050 1121 2093 con-

199 2112 306 2173 fessus
329 2121 377 2175 est
396 2113 501 2175 Matth.
518 2115 575 2192 lu,
597 2123 680 2174 recte
695 2121 727 2175 et
741 2114 920 2194 evangelice
933 2114 1015 2176 dicit.
1037 2114 1122 2175 Haec

201 2197 290 2257 enim
311 2194 391 2257 fides
414 2204 462 2257 est
486 2204 588 2276 petra,
621 2217 641 2257 a
662 2216 723 2276 qua
745 2197 851 2259 Petrus
872 2217 985 2257 nomen
1009 2197 1119 2259 habet:

200 2299 220 2338 a
233 2297 299 2357 qua
315 2281 366 2358 qui
379 2280 550 2357 recesserit,
565 2281 673 2341 merito
684 2299 793 2341 exsors
806 2288 854 2341 est
866 2280 959 2341 divini
975 2281 1120 2360 mysterii.

201 2362 338 2440 Verum,
361 2363 386 2422 si
408 2382 463 2442 per
484 2361 671 2423 soliditatem
693 2363 773 2424 Petri
796 2363 938 2444 intelligit
958 2362 1122 2425 iurisdicti-

202 2463 300 2505 onem
323 2451 356 2505 st
376 2446 653 2524 potestatem-Petri
672 2453 705 2507 et
717 2447 849 2507 Romani
871 2445 1036 2526 pontilicis,
1058 2446 1121 2524 qui·
1167 2450 1174 2462 ’

204 2527 284 2589 libet
305 2527 396 2589 facile
417 2529 515 2607 capit,
538 2528 620 2607 quod
642 2527 737 2589 verbo
763 2529 915 2609 evangelii
937 2529 1070 2589 abutitur
1091 2535 1122 2589 et

201 2609 329 2673 fallitur.
371 2610 483 2672 Nonne
505 2612 758 2691 omuasapostoli
771 2612 893 2675 fuerunt
911 2613 942 2672 in
966 2611 1121 2673 soliditate

204 2693 309 2772 Petri,
330 2702 361 2754 ct
382 2700 485 2755 temen
506 2694 562 2754 sub
580 2695 721 2755 Romana
743 2695 874 2756 ecclesia
897 2714 959 2755 non
981 2694 1121 2757 fuerunt?

204 2775 235 2840 Β.
260 2775 435 2856 Stephanus
462 2784 494 2837 et
524 2777 577 2838 alii
605 2777 739 2839 aPaulo
768 2779 1016 2858 persecutionem
1039 2779 1122 2858 passi

203 2860 235 2919 in
257 2858 415 2920 soliditate
425 2859 506 2920 Petri
527 2860 656 2938 fuerunt,
680 2867 844 2940 antequam
853 2862 1002 2922 Romana
1025 2860 1121 2922 eccle-

204 2943 250 3002 sia
270 2941 367 3004 fieret.
413 2943 531 3003 Deinde
554 2943 661 3005 eadem
676 2944 800 3005 humani
818 2944 946 3004 affectus
972 2943 1119 3005 labilitate

204 3024 279 3085 dicit
314 3026 343 3085 in
379 3026 522 3105 apostolo
556 3027 645 3087 Petro
686 3028 896 3107 principaliter
934 3027 1119 3087 collocatum

205 3127 315 3168 munus
329 3108 471 3184 docendi,
493 3109 617 3169 trahens
638 3109 677 3170 ad
691 3110 875 3190 singularem
889 3111 1019 3189 Petrum,
1036 3109 1119 3189 quod

205 3191 360 3270 Propheta
374 3190 483 3271 plurali
499 3199 529 3252 et
541 3192 705 3255 indiscreto
718 3213 844 3255 numero
867 3192 997 3274 dixit*):
1020 3193 1120 3255 Sonus

205 3293 311 3337 eorum
335 3282 366 3334 et
387 3274 481 3335 verba
501 3294 616 3337 eorum.

284 3357 347 3419 Sed
367 3365 397 3418 et
418 3358 479 3418 hoc
500 3359 660 3419 manifeste
682 3358 793 3419 laisum
815 3365 882 3437 est,
907 3358 989 3438 quod
1011 3358 1118 3418 Petrus

205 3448 298 3521 caput
318 3442 359 3501 sit
380 3441 473 3501 totius
497 3443 651 3522 corporis,
673 3461 693 3501 a
714 3460 774 3520 quo
798 3443 880 3505 dona
901 3462 960 3503 suo
982 3440 1118 3501 Christus

205 3524 233 3583 in
256 3543 351 3585 omne
384 3543 496 3598 corpus
534 3523 697 3601 diffundat,
731 3527 789 3585 nisi
818 3525 968 3605 intelligat
1000 3529 1119 3603 partem

205 3607 372 3686 ecclesiae,
405 3625 484 3686 quse
512 3606 645 3668 docente
666 3608 757 3670 Petro
785 3608 904 3669 erudita
926 3615 989 3685 est,
1019 3615 1052 3666 ut
1073 3614 1121 3669 est

203 3689 313 3753 letina
333 3697 366 3753 et
382 3689 582 3753 occidentalis
594 3691 736 3753 ecelesia.
778 3692 855 3752 Nam
870 3692 961 3752 etiam
975 3709 1029 3771 per
1041 3689 1119 3751 alios
1172 3768 1174 3773 Ι

228 3875 261 3939 ·)
278 3875 351 3926 sni.
372 3856 417 3932 ie.
