2709 4417
213 353 278 418 488
502 348 656 402 mammo
674 346 735 400 rou.
754 344 832 398 near

215 535 514 615 Vuittembergeusis
536 532 710 611 Philippus
749 549 864 612 graeoe
897 532 930 591 et
957 530 1055 591 latine
1075 551 1138 593 sans

216 640 280 683 non
309 618 469 689 indoctus
508 615 672 695 epistolam
704 614 815 691 edere,
849 634 903 675 me
935 613 1090 675 lacessam
1114 624 1138 676 et

217 703 357 787 pluribus
384 663 563 761 nominibus
597 716 723 758 causam
750 718 814 759 uon
844 716 969 772 meam,
1005 696 1060 757 sed
1078 697 1139 759 fidei

220 786 404 859 obscurare
439 790 472 842 el
494 781 628 843 officinm
658 780 773 860 quod
764 801 797 841 ιιι
819 781 1004 841 Parisiense
1025 781 1138 841 contuli·

218 888 286 931 mus
308 830 460 940 Studium,
481 863 538 924 sibi
559 884 718 943 usurpare.
757 864 814 925 oui
835 861 917 933 ut¹i
943 861 1138 940 respondeam

218 971 260 1030 op
261 971 298 1010 us
317 956 374 1024 est,
396 967 458 1009 uon
471 966 541 1006 mea
557 945 682 1025 quidem
697 966 802 1023 causa,
818 946 876 1007 sed
890 945 1087 1025 simplicium,
1107 965 1139 1006 ne

219 1032 344 1093 mellitis
364 1030 467 1090 verbis
489 1028 690 1102 seducantur,
725 1031 808 1090 aut
798 1050 830 1089 ιιι
855 1047 983 1089 errores
1006 1029 1139 1108 praecipi

219 1122 329 1177 tentur
371 1112 549 1172 Percurram
573 1119 677 1172 antem
698 1111 888 1192 Epistolium
914 1112 1001 1185 eius
1024 1130 1078 1190 per
1096 1130 1139 1171 no

219 1196 299 1257 tulas
323 1195 432 1256 obiter.
474 1193 545 1254 Nou
568 1196 755 1273 gravabere
785 1196 827 1254 mi
849 1195 972 1268 lector,
1002 1200 1034 1253 et
1053 1194 1139 1253 tantil

219 1281 281 1339 lum
304 1278 454 1356 temporis
476 1278 521 1337 eis
544 1277 754 1354 ponderandis
777 1276 936 1357 impende.

312 1365 347 1429 l)
379 1358 490 1420 Scribit
527 1359 706 1440 Philippus,
752 1380 801 1420 me
840 1364 1009 1420 causatum
1048 1377 1139 1418 coram

218 1442 415 1504 illustrissimi
453 1441 604 1522 Principis
636 1442 822 1522 designatis
857 1441 961 1502 videri
1003 1440 1075 1500 milri
1107 1462 1138 1500 ex

220 1528 285 1586 iure
307 1524 528 1602 disputantium
551 1543 630 1600 esse
654 1545 693 1586 ue
714 1525 891 1586 dictaretur.
935 1524 973 1584 ln
996 1521 1059 1584 hoc
1077 1523 1138 1583 milri

219 1608 331 1669 falsum
360 1606 521 1682 abscribit
555 1610 702 1687 quoniam
730 1608 820 1668 huius
842 1625 1005 1684 nunquam
1029 1608 1137 1666 memini

220 1689 304 1771 apud
328 1689 527 1769 designatos,
555 1709 677 1770 semper
699 1690 763 1751 dixi
784 1691 858 1751 mihi
887 1708 953 1756 non
978 1688 1138 1768 displicere,

221 1780 254 1833 ut
274 1773 388 1833 notarii
410 1773 600 1850 exciperent.
643 1773 806 1849 Privatim,
833 1774 956 1842 fateor,
981 1772 1060 1848 dixi,
1086 1772 1138 1832 lan·

215 1874 369 1936 guescere
391 1855 526 1914 animum
549 1854 735 1933 disputantis
758 1875 845 1916 mora
866 1855 959 1934 styli,
999 1860 1032 1914 et
1052 1854 1136 1913 aciem

221 1939 331 1998 mentis
359 1956 421 1997 non
444 1936 524 1997 adeo
547 1939 670 2010 conari,
703 1939 782 1998 sicut
802 1937 1028 2012 disputationis
1048 1937 1137 1997 fervor

219 2021 376 2100 exigeret3
398 2025 493 2079 testes
516 2027 588 2080 sunt
602 2019 755 2100 designati
776 2020 815 2080 ab
840 2019 1051 2079 illustrissimo
1063 2019 1136 2079 Duce

220 2111 252 2162 et
273 2103 368 2163 totius
388 2102 603 2163 Universitatis
626 2103 796 2165 consilium.

303 2187 340 2255 2)
366 2186 412 2245 De
440 2185 538 2245 libero
562 2184 687 2244 arbitrio
710 2186 752 2245 ait
784 2187 1004 2264 propositum,
1038 2204 1074 2243 an
1104 2184 1136 2244 de

222 2287 361 2346 congruo
384 2285 575 2327 emereamur
597 2269 736 2347 gratiam.
771 2268 840 2328 Hoc
852 2287 921 2326 cum
944 2267 998 2345 agi
1013 2265 1134 2329 deberet.

220 2352 362 2429 impingit
383 2350 476 2424 mihi,
513 2349 670 2426 quomodo
693 2350 731 2411 ad
754 2350 846 2410 aliam
870 2351 1032 2409 materiam
1054 2349 1134 2428 plane

220 2431 351 2492 alienam
380 2431 419 2491 ab
447 2433 587 2491 instituto
610 2431 791 2492 Carlestadii
821 2452 890 2492 eum
914 2432 1074 2505 traxerim,
1101 2452 1133 2490 an

222 2515 341 2574 scilieet
361 2513 430 2573 sola
451 2516 550 2593 gratia
570 2514 685 2574 efficiat
707 2515 821 2576 bonum
845 2515 948 2594 opus?
971 2513 1069 2588 Quam
1091 2535 1134 2573 au·

220 2606 280 2657 tem
303 2595 499 2676 impudenter
520 2597 581 2657 hoc
600 2597 708 2666 faciat,
738 2597 865 2658 cuilibet·
887 2605 935 2656 est
959 2595 1081 2656 obvium
1102 2596 1133 2655 le-

220 2681 303 2758 genti
340 2679 571 2739 conclusionem
616 2698 716 2739 meam
758 2681 932 2758 septimam.
976 2678 1066 2739 Errat
1091 2680 1133 2756 qui

220 2761 347 2822 liberum
370 2762 525 2823 arbitrium
558 2762 691 2822 hominis
719 2770 813 2841 negat
841 2761 1002 2822 dominum
1023 2768 1133 2821 actuum

219 2843 370 2919 hominis,
402 2864 441 2903 ex
464 2863 524 2915 eo3
558 2847 629 2921 quia
650 2846 750 2923 ipsum
773 2845 888 2905 habeat
909 2862 944 2903 se
973 2845 1074 2903 active
1102 2843 1134 2902 ad

220 2925 348 2999 malum,
382 2926 420 2986 ad
449 2926 563 2987 bonum
586 2945 660 2989 vero
693 2934 810 2987 tautum
833 2928 973 3006 passive:
1010 2933 1041 2986 et
1061 2925 1135 2985 nulla

221 3008 382 3069 conolucio
410 3009 513 3068 sonuit
543 3009 583 3069 de
616 3011 725 3070 merito
749 3011 885 3089 congrui.
930 3007 1012 3082 Quid
1042 3014 1134 3068 autem

220 3090 307 3151 lieret
340 3090 379 3150 de
407 3091 532 3152 homine
560 3091 694 3152 faciente
717 3091 798 3172 quod
820 3094 851 3151 in
876 3098 998 3168 esest
1032 3093 1063 3150 in
1083 3090 1135 3149 line

220 3174 306 3249 qrrasi
330 3172 562 3250 disputavimus

154 3328 164 3338 ·
303 3256 521 3315 Audaculust
509 3263 632 3335 tamen,
666 3259 745 3317 sicut
774 3277 835 3316 non
866 3264 914 3316 est
936 3234 1136 3316 rev'eritusll.

219 3337 380 3398 llrasmum
403 3336 569 3398 iudicare
561 3359 590 3398 ιιι
614 3303 687 3400 riori
710 3339 900 3399 Testamenti
924 3337 1081 3415 editione
1101 3338 1138 3398 ita

219 3425 250 3477 et
272 3420 322 3480 hic
342 3419 452 3480 iudicis
476 3428 578 3497 partes
600 3423 743 3498 assumit,
766 3421 917 3483 deliniens
940 3423 1067 3481 stetisse
1087 3419 1137 3480 sal·

220 3520 287 3561 vam
322 3502 514 3563 Oarlestadio
551 3505 745 3566 seutentiam.
796 3505 864 3565 Hoc
898 3503 981 3578 seio,
1022 3504 1138 3565 demum

219 3582 379 3645 admisisse
402 3585 623 3646 Garlestadium
653 3587 844 3648 voluntatem
866 3586 985 3647 habere
1008 3587 1139 3648 activita

218 3676 278 3725 tem
302 3667 340 3726 ad
361 3667 476 3728 bonum
501 3688 587 3748 opus.
626 3671 667 3730 At
689 3689 748 3749 ego
766 3669 840 3729 nihil
858 3669 1008 3744 decerno,
1031 3668 1138 3730 etenim

218 3789 531 3798 ——.......-------.-»—-
539 3793 565 3797 --
575 3792 597 3797 .,.
613 3792 617 3796 .
639 3791 644 3796 .

289 3861 323 3937 1)
345 3861 383 3920 ln
401 3861 453 3922 ed.
465 3861 588 3932 arigim:
604 3855 656 3924 ιιι·Ὶ
667 3858 704 3907 iu
721 3850 841 3902 adden.
856 3852 887 3897 et
901 3845 1172 3908 mmmmm.
