2709 4417
487 349 506 385 ι
522 334 644 388 Ποινῆς
662 341 787 403 excepta.
1041 330 1104 399 193

199 537 222 577 ta
250 515 347 579 homo
382 537 402 578 a
428 523 578 597 peceato,
612 536 674 599 quo
701 520 906 599 praesentiam
933 518 1042 580 iudioit
1074 525 1106 579 et

199 619 303 662 ioenas
327 602 445 664 metuit.
487 601 527 683 Et
547 603 646 662 intra:
681 602 784 663 Bonus
814 609 863 664 est
881 604 940 663 iste
961 603 1106 664 timaret

199 683 276 762 rtilis,
302 684 377 745 lieet
398 683 596 762 insufficiens,
618 704 673 765 per
694 704 785 765 quem
806 686 952 765 paulatim
975 685 1102 745 lit-oon-

199 766 315 828 uetudo
338 768 481 829 institiae.
504 767 589 828 Beda
609 786 733 848 quoque
747 771 890 848 exponit:
911 769 1033 830 Initium
1056 787 1104 828 sa·

199 851 319 912 rientiae
340 852 432 911 tiumr
455 850 589 932 Domini,
611 851 731 912 soilioet
749 852 878 913 servilis.

266 933 371 1009 Quare
391 933 476 994 aliud
497 944 624 1014 quaerat
645 935 703 996 sibi
724 937 937 1015 patrocinium,
960 943 991 996 et
1011 934 1103 994 aliam

199 1016 238 1076 let
258 1018 462 1095 solutionem,
485 1019 629 1096 quoniam
653 1018 713 1078 ista
734 1018 765 1082 S.
788 1018 926 1079 Patribus
948 1037 1011 1080 non
1032 1037 1105 1079 oon-

199 1100 303 1163 arsat.
325 1100 417 1176 Quod
438 1101 464 1161 si
486 1100 564 1163 nolit
588 1100 677 1162 dietis
695 1101 876 1163 Senatorum
898 1109 989 1181 stare,
1011 1100 1105 1161 habe·

199 1183 231 1243 iit
249 1183 416 1257 adversum
433 1203 467 1243 se
490 1202 598 1247 saurae
618 1183 793 1264 Scripturas
815 1186 912 1247 looos.
934 1185 1012 1245 Nam
1034 1183 1105 1245 dum

199 1269 275 1327 imur
295 1267 420 1331 Domini
442 1273 490 1326 est
510 1269 628 1329 initium
651 1269 845 1347 sapientiae,
873 1267 974 1329 adhue
995 1268 1105 1327 caritas

199 1350 260 1411 ’oris
280 1350 368 1430 pellit
389 1348 548 1428 timorem,
583 1350 638 1411 sed
662 1353 755 1419 timor
775 1351 876 1412 filialis
898 1353 984 1411 iuxta
1006 1349 1104 1411 David

199 1453 222 1491 n
240 1440 393 1493 aeteruum
419 1441 588 1513 permanet,
612 1435 695 1494 etin
718 1434 853 1495 seculum
875 1434 980 1496 seouli.
1003 1432 1105 1508 Quare

199 1516 263 1574 alius
285 1523 332 1576 est
354 1517 454 1594 timor,
477 1535 538 1595 quo
561 1517 714 1596 sapientia
735 1519 906 1596 iniioiatur,
938 1517 1016 1577 alius
1049 1523 1110 1593 est,-

199 1599 239 1677 qui
259 1618 326 1659 oum
347 1606 438 1660 auota
452 1608 621 1679 permanet.
645 1600 734 1661 Unde
756 1620 825 1662 oum
846 1599 1033 1661 reverendus
1053 1599 1108 1657 Pa·

199 1689 236 1741 ter
253 1689 345 1763 negat
373 1684 515 1743 timorem
539 1682 686 1743 inducere
708 1685 884 1763 caritatem,
907 1701 1052 1762 expresse
1075 1680 1107 1742 fl.

199 1765 358 1844 Augustino
379 1765 578 1843 contradidit,
601 1767 651 1846 qui
673 1767 705 1826 in
729 1767 800 1827 looo
823 1767 957 1847 allegato
979 1766 1040 1826 hoo
1061 1770 1105 1825 to-

199 1849 328 1926 tumuit,
357 1850 498 1909 timorem
520 1850 639 1911 scilieet
665 1849 808 1910 servilem
830 1869 899 1909 esse
920 1850 1037 1910 initium
1061 1867 1106 1908 sa·

199 1932 339 2012 pientiae,
368 1938 399 1992 et
427 1952 483 2015 per
505 1933 664 1993 caritatem
686 1934 796 1994 iterum
819 1932 942 2013 expelli.
972 1930 1106 1993 Subscri·

200 2012 235 2073 tit
257 2017 426 2075 sententiae
461 2016 704 2095 Augustinianae
737 2014 899 2077 mellifluus
935 2012 1107 2075 Beruardus

201 2096 251 2158 Ser.
271 2101 319 2163 52.
342 2118 435 2178 super
456 2098 609 2179 Cautiois,
631 2118 722 2180 quem
746 2100 902 2160 brevitatis
922 2098 1022 2181 grstia
1044 2117 1106 2157 non

201 2179 313 2244 adduco.
336 2181 398 2243 Sed
421 2184 513 2242 etiam
536 2182 604 2262 plus
627 2182 709 2261 dieo,
731 2184 889 2243 caritatem
913 2201 974 2241 non
989 2181 1033 2241 sio
1054 2200 1105 2240 ex·

204 2263 297 2342 pellere
331 2267 489 2343 timorem,
524 2267 603 2325 siout
637 2285 730 2325 unum
760 2264 990 2347 incompatibile
1011 2262 1104 2343 aliud,

204 2347 242 2406 sed
260 2366 403 2408 suooessu
437 2349 476 2409 ad
512 2350 794 2429 augmentationem
816 2350 933 2430 gratiae
956 2348 1049 2407 minui
1073 2346 1107 2407 ti·

205 2450 298 2491 norem
320 2432 485 2512 servilem,
513 2443 545 2492 et
572 2439 662 2492 aueta
694 2433 795 2512 gratia
816 2434 958 2493 timorem
980 2432 1106 2494 omnino

204 2515 300 2576 suerri.

263 2597 458 2680 Nacratem,
497 2596 579 2678 quod
601 2596 795 2678 ponderabat
827 2598 918 2658 hodie
940 2600 978 2659 D.
1002 2596 1111 2657 Pater:

202 2679 285 2741 Timor
307 2681 453 2759 Domini,
481 2701 544 2742 non
578 2683 670 2741 timor
696 2701 818 2761 poenae
848 2690 896 2742 eat
922 2682 1039 2742 initium
1061 2699 1108 2740 aa·

201 2764 334 2843 pientiae,
361 2765 508 2843 quoniam
538 2772 571 2824 et
602 2765 694 2824 timor
714 2784 836 2845 poenae
858 2775 890 2825 et
911 2768 1002 2825 timor
1023 2782 1108 2823 reve·

201 2849 297 2907 tentiae
331 2852 460 2926 uterque
482 2856 529 2908 est
549 2848 697 2927 Domini,
733 2857 765 2909 et
786 2856 914 2929 uterque
935 2856 983 2909 est
1005 2866 1023 2906 a
1047 2846 1105 2905 Do-

201 2931 275 2990 mino.
297 2928 374 2991 Sola
395 2930 497 2991 media
518 2930 644 2990 timendi
666 2939 737 2991 sunt
758 2930 890 3012 diversa,
915 2938 947 2992 ut
969 2929 1054 2991 Beda
1075 2938 1107 2989 et

200 3012 238 3071 alii
256 3032 310 3093 per
328 3012 567 3094 longobardum
590 3012 705 3074 induoti
728 3020 886 3093 testantur,
909 3018 1031 3097 praeter
1047 3011 1106 3071 Au-

199 3099 336 3173 gustinum
363 3098 447 3175 prius
476 3099 610 3160 citatum.
651 3097 692 3156 Et
723 3100 798 3158 satis
831 3099 850 3158 li
874 3106 926 3159 uet
946 3118 985 3158 ex
1009 3095 1108 3155 verbis

200 3176 301 3265 Christi,
324 3182 349 3240 si
372 3179 448 3240 nihil
468 3179 550 3240 aliud
573 3179 766 3259 haberemus,
787 3116 893 3241 Meldi.
920 3183 970 3245 10:
1005 3177 1108 3239 Nolite

201 3262 288 3324 linere
314 3282 393 3341 eos,
427 3266 479 3344 qui
510 3264 657 3324 oooiduut
677 3283 805 3345 corpus,
840 3267 971 3328 animam
1006 3270 1107 3322 autent

202 3365 248 3406 non
266 3354 397 3428 possunt
418 3347 578 3424 occidere,
607 3346 662 3408 sed
685 3351 787 3428 potius
809 3350 914 3409 timete
936 3366 1022 3424 eum,
1057 3343 1107 3423 qui
1183 3352 1187 3361 “

203 3438 286 3506 potest
305 3433 442 3490 animam
471 3438 504 3492 et
523 3450 636 3509 oorpus
657 3431 786 3511 perdere
808 3434 838 3492 in
860 3431 1043 3512 gehennam.
1075 3428 1107 3488 Si

203 3515 264 3573 enim
287 3516 378 3575 timor
397 3515 518 3575 servilis
539 3521 625 3575 esset
643 3515 849 3593 damnabilis,
871 3515 950 3573 siout
970 3512 1044 3571 disis
1064 3528 1108 3570 re·

204 3597 332 3657 verendus
354 3597 456 3675 Pater,
478 3616 532 3657 eur
543 3598 682 3659 Christus
703 3618 761 3659 nos
783 3598 821 3658 ad
844 3616 913 3658 eum
938 3594 1108 3655 invitaret?

205 3685 228 3738 et
242 3682 439 3760 Augustinum
462 3688 495 3740 et
513 3682 592 3741 alios
619 3683 664 3741 its
691 3682 901 3758 intellexisse,
928 3677 1053 3739 eoum
1076 3677 1107 3735 iu

199 3760 316 3818 *idaiam
337 3781 463 3837 eorum,
488 3782 620 3841 quonam
644 3770 802 3836 intererit,

239 3839 374 3917 ¹¹¹⁹¹¹P⁶f
396 3844 494 3924 Ml,
524 3847 755 3921 smnustioos
779 3872 902 3922 ornnes
925 3842 1151 3919 minaeum,

199 3946 814 4029 wopau.msretutni.p.vollu.
938 3951 983 4016 m
