2709 4417
399 390 402 397 ,
436 323 439 327 ’
519 347 675 403 susam
694 354 819 434 napa
1062 346 1125 416 186

288 539 455 616 Postremo,
479 555 629 618 expressa
649 545 699 600 ert
719 539 773 599 illa
788 539 952 620 Augustini
963 540 1125 619 sententia,

216 629 324 706 praeter
345 622 487 701 superius
507 619 653 701 allegata,
676 622 727 683 ubi
749 629 851 683 tamen
874 623 1042 704 purgatorii
1063 641 1125 683 me-

217 707 300 784 minit,
321 705 479 765 sententia
498 709 546 765 est
565 705 632 766 eius
656 724 724 785 cap.
736 707 765 770 3.
787 705 826 766 de
848 706 909 766 ilde
931 705 1124 767 adPetrnm:

214 790 339 868 Tempus
356 785 537 866 acquirendi
560 789 652 848 vitam
675 795 832 849 aeternam
860 791 892 849 in
917 790 976 849 ista
1008 795 1125 850 tantum

213 873 267 933 rita
277 871 360 932 Deus
370 869 549 931 hominibus
559 869 652 935 dedit.
676 869 883 952 Hieronymus
899 891 1022 951 quoque
1034 872 1086 933 lib.
1095 875 1124 937 3.

212 973 295 1034 ruper
320 952 398 1014 illud
424 952 467 1013 ad
489 950 589 1016 Galat.
611 957 644 1018 6:
690 954 904 1035 Unusquisque
934 968 1011 1016 onus
1038 975 1124 1016 suum

211 1036 364 1119 portabit„
379 1034 536 1113 ostendit,
567 1038 726 1115 quomodo
753 1038 894 1099 homines
927 1039 1041 1099 meritis
1063 1039 1125 1099 suis

209 1123 340 1181 inventur
360 1120 393 1179 in
415 1119 477 1180 hac
498 1120 571 1196 vita,
593 1120 760 1181 sedvooati
782 1127 854 1181 ante
877 1120 1019 1198 tribunal,
1042 1121 1124 1200 quod

208 1202 239 1264 ht
249 1203 285 1263 ,in
299 1209 411 1279 morte,
433 1210 507 1262 tunc
523 1220 582 1262 nec
598 1203 668 1281 Job,
685 1204 830 1280 neoNoe,
852 1223 911 1264 nec
924 1204 1035 1264 Daniel
1056 1224 1125 1284 pos-

210 1287 262 1347 sint
291 1291 382 1349 stare.
404 1303 461 1363 pro
485 1302 640 1363 quoquam
670 1286 725 1347 sed
756 1289 964 1366 unusquisque
992 1288 1126 1367 portabit

210 1387 280 1430 onus
300 1367 502 1427 suumuam
517 1375 551 1426 ut
571 1369 699 1447 pulchre
721 1370 754 1430 B.
776 1369 948 1430 Bernardue
963 1369 1072 1446 docet,
1093 1371 1125 1430 in

210 1452 349 1530 cuiusque
370 1450 504 1510 hominis
526 1460 624 1512 morte
653 1454 844 1532 particulare.
858 1453 912 1514 fist
932 1452 971 1513 de
992 1453 1125 1528 eojndi·

211 1535 292 1609 dum,
314 1532 400 1612 quod
421 1532 487 1593 fieri
509 1552 572 1594 non
594 1543 712 1614 posset,
733 1537 759 1596 si
781 1536 882 1596 adhuc
891 1537 1052 1597 terminum
1073 1536 1125 1596 hs·

210 1617 289 1679 beret
308 1617 421 1676 merita
442 1635 498 1675 sua
519 1618 550 1675 in
572 1620 748 1698 purgatorio
772 1617 985 1695 cumulandi,⁸
1001 1626 1033 1678 et
1057 1638 1125 1700 gra·

211 1701 274 1761 tiam
295 1698 452 1779 augendi,
490 1701 579 1778 quia,
609 1708 642 1761 ut
663 1721 720 1780 per
741 1701 922 1782 prophetam
944 1701 1125 1762 Zachariam

212 1784 321 1861 iuquit,
343 1780 529 1860 adaequabit
549 1784 678 1860 gratiam
701 1787 833 1864 gratiae,
856 1785 985 1865 gretiam
1007 1784 1124 1864 glorias

214 1865 309 1927 reddet
339 1867 372 1924 in
402 1866 603 1945 proportione
631 1866 669 1927 ad
698 1869 829 1947 gratiam
866 1867 945 1930 fidei.
985 1866 1125 1942 Quodsi

215 1950 291 2009 dam
315 1948 495 2008 testimonia
514 1948 573 2008 illa
589 1968 651 2009 non
674 1960 778 2010 essent
798 1950 842 2010 ita
861 1951 960 2027 clara,
982 1969 1061 2029 quae
1082 1957 1124 2010 ta·

215 2050 271 2092 uren
293 2039 367 2090 aunt
388 2031 602 2110 apertissima,
630 2032 693 2091 hoc
723 2052 816 2093 unum
839 2033 966 2094 deberet
985 2051 1126 2094 reveren·

216 2113 273 2174 dum
294 2114 419 2173 Patrem
440 2115 470 2173 in
494 2115 655 2193 proposito
687 2115 873 2195 absterrere,
904 2114 987 2193 quod
1008 2114 1124 2177 theolo-

215 2216 259 2276 gus
281 2195 400 2274 absque
422 2196 599 2276 theologico
621 2197 821 2259 fundamento
845 2219 900 2278 pro
922 2218 979 2259 suo
1000 2198 1124 2259 arbitrio

214 2298 264 2341 non
287 2281 425 2340 existens
446 2278 554 2358 iudex,
576 2299 634 2340 nec
654 2279 763 2341 iudicis
782 2300 937 2358 assessor,
966 2281 1124 2342 animabus

213 2361 385 2422 exeuntibus
398 2364 559 2421 terminum
577 2363 714 2423 merendi
727 2364 793 2424 vult
802 2364 999 2444 prolongare.
1024 2362 1126 2438 Quare

210 2444 305 2523 quoad
326 2446 417 2512 istam
440 2445 619 2524 particulam
642 2446 889 2506 concludendum
912 2446 1040 2523 videtur,
1063 2447 1126 2505 ani·

209 2546 268 2589 mas
295 2529 328 2587 in
350 2528 528 2607 purgatorio
553 2530 631 2589 ‘satis
659 2530 725 2608 pati
753 2537 785 2589 et
812 2531 933 2609 purgari
955 2549 974 2589 a
995 2528 1124 2606 delictis,

206 2610 257 2671 sed
280 2611 432 2672 maiorem
454 2612 582 2689 gratiam
606 2631 667 2670 non
693 2613 810 2672 mereri.

286 2693 336 2753 De
362 2692 504 2753 secundo
528 2694 703 2772 principali,
736 2713 797 2773 quo
819 2703 926 2773 negat,
955 2695 1073 2754 animas
1095 2695 1125 2753 in

204 2777 384 2857 purgatorio
412 2795 482 2836 esse
510 2782 609 2836 certas
632 2775 670 2836 de
692 2778 806 2850 salute,
838 2777 899 2837 hoc
920 2779 1028 2836 iterum
1051 2776 1127 2837 arbi·

204 2867 266 2921 tror
288 2858 375 2919 nulla
398 2876 505 2919 sacrae
516 2856 691 2938 Scripturae
713 2861 880 2920 autoritate
901 2858 1070 2920 fundatum.
1093 2859 1127 2918 ln

204 2943 381 3022 praesentia
411 2949 527 3017 tamen,
558 2942 641 3020 quod
668 2944 730 3003 sint
751 2950 853 3002 certae
874 2941 913 3001 de
935 2942 1053 3016 salute,
1075 2941 1126 3002 ed·

205 3025 284 3086 duco
305 3023 381 3084 illud
404 3023 533 3102 Apocel.
547 3027 582 3088 5:
607 3024 675 3085 Vidi
698 3027 727 3084 in
749 3024 857 3085 dextra
878 3023 1013 3085 sedentis
1035 3042 1127 3104 supra

206 3108 349 3169 thronum
374 3113 433 3167 ete.
470 3106 509 3165 Et
530 3126 621 3166 nemo
643 3109 786 3168 inventus
808 3114 856 3168 est
876 3106 987 3188 dignus
1009 3108 1127 3187 aperire

207 3191 336 3265 librum,
365 3207 425 3249 nec
450 3190 481 3247 in
502 3189 593 3261 coelo
616 3209 674 3250 nec
697 3194 840 3260 interra,
864 3209 921 3250 nee
943 3190 1048 3250 subtus
1069 3198 1126 3250 ter·

208 3293 280 3335 ram.
303 3271 339 3332 ln
361 3271 480 3331 inferno
502 3271 671 3333 indubitate
694 3274 778 3333 nulla
799 3281 846 3333 est
868 3274 999 3353 dignitas
1018 3272 1126 3332 librum

209 3354 378 3436 aperiendi,
413 3373 507 3433 quare
542 3354 581 3415 de
608 3358 785 3436 purgatorio
816 3356 957 3434 loquitur.
1001 3355 1034 3414 ln
1065 3375 1126 3435 quo

212 3439 299 3500 mam
322 3443 395 3498 sunt
421 3436 586 3516 aliqnando
608 3437 639 3500 S.
662 3441 717 3499 viri
739 3438 891 3499 miraculis
919 3445 1126 3515 coruscantes,

213 3523 287 3587 sicut
307 3519 347 3581 ds
359 3519 387 3580 8.
402 3519 568 3582 Paschaslo
579 3527 707 3582 testatur
717 3523 751 3582 B.
762 3520 928 3602 Gregorius
948 3522 976 3582 4.
991 3520 1126 3602 dialogo,
1194 3580 1201 3595 ,

214 3609 241 3664 et
259 3603 390 3664 historia
411 3601 451 3662 de
472 3601 502 3665 S.
525 3602 672 3664 Severino
696 3604 873 3665 Coloniensi
895 3604 1053 3684 episcopo,
1075 3623 1126 3663 na-

214 3687 293 3748 tione
314 3691 418 3746 tamen
440 3684 552 3748 Sucro.
574 3685 655 3748 lllud
678 3687 760 3749 idem
782 3687 892 3749 asserit
912 3692 945 3748 et
963 3686 1056 3746 inira:
1087 3685 1126 3745 Et

204 3783 308 3825 omnes
329 3765 505 3843 mutabant,
526 3769 558 3828 in
584 3771 695 3854 coelo,
717 3775 752 3836 in
773 3780 878 3855 terra,
900 3779 934 3837 et
953 3769 1064 3835 subura
1080 3775 1143 3832 ter·

199 3861 263 3906 sm
283 3842 351 3904 Sed
369 3844 412 3905 de
424 3847 529 3913 salute
551 3858 646 3937 quasi
670 3859 908 3951 desperantes,
924 3880 999 3928 non
1018 3859 1168 3934 caum&
