2709 4417
412 355 554 427 parandus
573 357 683 411 animus
702 354 738 410 sd
756 360 884 412 mortam.
1060 351 1125 421 469

199 546 410 619 sacramenta,
444 547 476 602 et
504 541 576 622 quid
599 542 731 621 prosint,
766 543 832 620 quis
859 542 932 602 item
956 559 1061 602 eorum
1084 541 1124 601 sit

180 644 284 686 usus.
327 625 470 685 Invenies
501 631 603 684 autem
631 625 748 684 nullum
778 626 901 685 suavius
927 623 1122 704 perturbatae

200 708 411 767 eonscientiae
433 708 576 768 solatium
612 708 643 766 in
677 708 739 768 hoo
768 708 882 768 mundo
913 727 997 784 esse,
1031 725 1121 786 quam

199 797 406 852 saorementa.
450 791 485 851 In
514 790 575 849 illis
610 791 690 850 enim
720 790 816 850 habes
839 797 954 850 eertum
976 791 1033 850 Dei
1056 809 1122 849 ver·

199 871 283 949 bum,
307 872 390 952 quod
413 872 501 932 nobis
523 874 672 951 promittit
694 880 724 932 et
746 873 842 932 donat
863 873 1030 948 Christum,
1053 891 1122 931 oum

199 955 346 1016 omnibus
368 956 405 1014 iis
428 974 506 1034 quae
528 954 637 1032 habet,
670 955 752 1033 quod
774 957 870 1016 donat
892 953 980 1016 nobis
1003 963 1121 1034 partam

198 1037 331 1117 abipso
353 1040 488 1116 peceati,
513 1038 618 1097 mortis
641 1045 673 1097 et
694 1039 804 1098 interni
827 1040 997 1100 victoriam.
1042 1036 1121 1112 Quid

199 1126 323 1196 autem,
355 1121 452 1180 Deum
475 1119 697 1197 immortalem,
719 1121 823 1180 auditu
844 1121 1020 1196 iucundius,
1050 1120 1121 1198 quid

199 1210 249 1263 est
270 1203 406 1279 suavius,
429 1222 520 1282 quam
543 1201 659 1262 abolita
681 1211 712 1262 et
732 1203 852 1283 perdita
873 1223 941 1262 esse
963 1223 1019 1281 per
1037 1203 1122 1263 Chri·

199 1292 281 1345 stum
306 1292 443 1344 monstra
464 1286 525 1362 illa,
548 1292 724 1364 peecatum,
748 1293 877 1345 mortem
899 1296 930 1345 et
950 1285 1121 1345 infernum?

199 1367 298 1428 Porro
322 1387 379 1427 nos
400 1368 454 1427 illa
476 1386 597 1447 quoque
619 1388 674 1447 per
697 1368 849 1428 Christum
871 1368 1048 1445 devicimus,
1070 1366 1122 1428 ubi

199 1458 286 1510 reete
307 1457 499 1510 sacramento
521 1451 667 1510 fuerimus
690 1452 746 1511 usi.

181 1598 187 1607 Ι
285 1532 362 1592 Tum
386 1540 487 1592 autem
510 1540 593 1592 reete
616 1540 808 1593 sacramento
832 1534 892 1593 hoe
914 1539 1048 1609 utemur,
1070 1531 1121 1592 ubi

201 1614 421 1675 crediderimus
445 1635 515 1674 vera
542 1615 596 1674 illa
623 1634 712 1691 esse,
747 1635 825 1695 quae
853 1618 1047 1674 sacramenta
1067 1633 1123 1693 per

201 1698 258 1758 Dei
282 1697 407 1757 verbum
431 1697 518 1757 nohis
540 1699 730 1775 promittunt.
773 1697 842 1757 Non
865 1699 956 1777 igitur
976 1697 1036 1757 hoo
1057 1703 1121 1756 tan-

202 1790 264 1840 tum
287 1780 449 1853 faciemus,
476 1788 507 1839 ut
527 1779 596 1839 illas
618 1786 679 1839 tres
701 1782 851 1858 imagines
872 1782 902 1838 in
925 1779 1046 1839 Christo
1070 1798 1121 1838 no·
1189 1847 1192 1853 ,

202 1863 247 1922 bis
271 1860 424 1924 exhibitas
447 1868 630 1940 spectemus,
648 1861 707 1921 sed
727 1863 870 1922 addenda
891 1881 1013 1941 quoque
1035 1863 1122 1941 signa

202 1952 288 2023 sunt,
324 1964 402 2023 quae
434 1964 490 2004 nos
513 1951 613 2003 oertos
636 1951 666 2003 et
689 1963 814 2004 securos
836 1946 959 2021 faciant,
982 1944 1036 2004 ilia
1059 1962 1121 2005 om·

147 2024 151 2033 '
201 2029 252 2087 nia
275 2027 367 2088 nobis
388 2047 443 2106 per
465 2027 617 2087 Christum
640 2046 709 2087 esse
731 2028 855 2087 donate.
879 2029 979 2106 Atque
1001 2027 1051 2086 hio
1073 2045 1122 2086 ve·

201 2131 250 2171 rus
274 2119 535 2182 sacramentorum
558 2117 605 2169 ast
625 2127 708 2170 usus.

165 2210 172 2217 ·
284 2193 415 2252 Decimo
437 2197 564 2269 oetam,
586 2210 678 2271 porro
707 2211 806 2271 neque
839 2192 879 2251 de
900 2193 960 2251 hoe
981 2191 1121 2251 dubitare

192 2294 389 2354 vquemquam
413 2275 575 2352 convenit,
609 2295 660 2352 se,
694 2294 762 2333 oum
790 2276 821 2333 in
851 2275 958 2334 mortis
986 2274 1122 2352 periculo

200 2365 259 2436 est,
282 2378 348 2418 non
372 2357 470 2417 solum
494 2376 571 2431 esse,
594 2357 648 2416 sed
671 2359 717 2416 sui
740 2376 843 2416 auram
865 2376 973 2417 omnes
995 2356 1124 2436 angelos

199 2459 307 2520 agere,
330 2459 368 2499 ao
391 2439 527 2499 omnium
550 2438 730 2499 Sanctorum
753 2439 861 2499 oeulos
884 2441 913 2497 in
937 2458 971 2498 se
994 2437 1123 2498 defixos.

199 2522 281 2583 Nam
315 2524 378 2582 eius
399 2522 443 2581 rei
465 2529 690 2582 sacramentum
712 2541 834 2601 quoque
857 2528 905 2581 est
926 2524 1055 2600 signum.
1079 2521 1127 2580 Ao

200 2606 304 2685 primo
327 2603 450 2683 quidem
474 2605 531 2663 Dei
562 2611 593 2663 et
614 2604 726 2664 Christi
755 2605 835 2664 oouli
863 2605 893 2662 in
924 2611 953 2663 te
983 2610 1053 2663 sunt
1075 2602 1125 2663 de-

201 2687 292 2765 flexi,
316 2686 402 2767 ides,
426 2689 508 2765 quod
531 2693 562 2746 tu
582 2687 678 2766 ipsius
701 2687 795 2747 verbo
821 2686 937 2763 orodes,
968 2705 1005 2745 aa
1028 2705 1126 2745 saera-

202 2777 311 2830 mento
334 2770 399 2830 eius
421 2768 599 2830 adhaereas.
633 2769 709 2829 Post
730 2770 909 2848 angelorum
932 2788 969 2828 as
992 2770 1125 2828 omnium

202 2853 389 2914 Sanctorum
413 2852 493 2912 oeuli
516 2853 581 2910 sine
604 2851 697 2911 dublo
722 2858 752 2910 te
773 2852 947 2933 respiciunt.
975 2852 1022 2910 lili
1045 2853 1125 2910 enim

202 2955 315 2996 omnes
338 2954 395 2994 osu
416 2935 567 3013 integrum
590 2953 701 3012 eorpus
724 2934 876 2994 laboranti
899 2933 1034 2994 membro
1059 2932 1126 2993 sub·

204 3019 350 3093 veniunt,
385 3025 475 3095 teque
498 3017 528 3075 iu
552 3016 604 3075 ilia
626 3017 709 3075 hrota
731 3018 857 3092 mortis,
890 3018 1009 3095 peceati
1033 3023 1064 3076 et
1083 3017 1126 3074 iu-

203 3101 282 3162 ferni
305 3099 466 3171 adiuvant,
491 3105 522 3156 ut
544 3100 683 3177 superior
705 3099 819 3159 evadas
842 3119 879 3158 ae
901 3100 1015 3162 vineas.
1060 3097 1128 3158 Hoo

204 3191 312 3244 autem
335 3188 386 3242 est
404 3180 479 3240 illud
503 3182 636 3241 caritatis
659 3199 752 3260 opus,
785 3181 862 3241 haee
894 3181 947 3240 illa
975 3188 1022 3240 est
1044 3199 1127 3239 oom-

205 3267 312 3326 munio
336 3264 535 3340 Sanctorum,
571 3263 608 3322 de
633 3281 694 3341 qua
715 3264 788 3323 dicit
809 3263 982 3343 symbolum
1005 3269 1128 3342 aposto-

173 3380 182 3393 =
206 3349 311 3423 houm,
335 3365 426 3426 quam
449 3344 573 3405 eredere
595 3365 652 3405 nos
669 3348 823 3422 convenit,
847 3345 1025 3405 mirabiliter
1047 3346 1127 3403 enim

206 3437 346 3492 nostram
368 3427 460 3488 iidem
483 3427 653 3488 confirmat.

292 3513 333 3572 ht
354 3530 429 3572 sane
451 3511 501 3589 qui
523 3511 582 3571 hae
604 3510 642 3570 de
663 3531 697 3570 re
719 3511 845 3586 dubitat,
866 3512 891 3569 is
914 3529 976 3570 non
995 3510 1129 3589 periente

207 3603 403 3657 sacramento
434 3594 538 3653 altaris
563 3593 667 3656 eredit.
711 3595 743 3653 in
774 3595 827 3653 iilo
857 3595 937 3652 enim
967 3592 1028 3652 hoo
1056 3610 1129 3671 quo·

207 3698 269 3758 que
292 3676 481 3760 significatur
502 3684 533 3736 et
553 3678 753 3756 promittitur,
784 3695 853 3735 esse
882 3676 1128 3735 communionem

204 3763 399 3837 Sanctorum,
424 3760 474 3837 qui
499 3759 578 3821 vires
601 3779 693 3838 suas,
714 3778 871 3833 amorem3
889 3758 1136 3819 eonsoiationem

196 3849 231 3899 et
251 3859 344 3920 opem
366 3842 400 3901 in
424 3843 572 3907 omnihus
595 3846 749 3929 perieuhs
773 3843 815 3906 sd
836 3863 899 3906 nos
922 3835 1161 3904 oonhrmanhus
