2709 4417
524 338 542 409 ιι
559 357 679 411 Notariis
697 360 821 425 excepta
1108 350 1150 419 93

317 539 405 616 Quod
425 558 503 603 vero
525 541 666 622 egregius
687 540 724 602 D.
747 539 836 619 Doot
858 538 976 602 inducit
995 539 1110 602 Julium
1126 540 1149 602 1.

251 625 521 688 excommunicasse
542 623 706 685 Arcadium
726 624 963 703 imperatorem,
981 624 1056 684 nihil
1077 623 1151 684 facit

248 708 281 770 sd
298 727 370 771 rem.
404 708 486 769 Nam
521 715 552 768 et
572 707 748 767 Boniiacius
771 704 848 767 VIII.
877 725 969 769 ausus
992 714 1039 768 est
1059 714 1091 767 et
1115 705 1146 787 ¹)

246 811 337 872 regem
357 791 547 851 i'ranoorum
567 790 648 850 velle
670 809 688 850 e
710 787 784 850 sede
805 791 924 853 eiicere.
947 791 1018 851 Non
1039 789 1148 870 proba·

246 883 284 936 tur
301 876 347 935 ins
369 892 450 953 esse,
472 873 618 954 quidquid
641 874 730 934 Rom.
752 871 917 934 Pontifices
938 893 994 954 pro
1017 875 1150 934 bumana

244 958 397 1038 fragilitate
420 957 606 1038 quandoque
628 961 830 1018 tentaverunt.
874 957 940 1019 Nec
963 958 1071 1017 mirum
1093 963 1150 1036 est,

244 1048 359 1102 anema
390 1042 469 1102 istos
502 1042 583 1100 viros
616 1040 792 1101 ambitionis
820 1041 991 1102 tentatione
1019 1046 1150 1100 vexatos

244 1124 336 1203 bissa
359 1123 565 1204 quandoplus
578 1142 670 1202 quam
692 1122 789 1183 semel
810 1124 995 1184 sanctissimi
1016 1120 1150 1203 apostoli

244 1209 326 1268 etiam
349 1213 515 1286 praesente
536 1206 657 1267 Christo
680 1205 899 1266 laboraverunt
920 1206 1037 1269 eadem.

315 1288 408 1364 Quod
440 1289 514 1351 dicit
539 1290 688 1386 episcopo
719 1288 1003 1370 Hierosolymitauo
1047 1289 1149 1351 datam

245 1373 361 1434 honoris
382 1374 646 1454 praerogativam,
668 1378 752 1433 recta
773 1371 857 1451 dicit,
880 1372 1019 1433 sednon
1041 1371 1152 1453 probat

247 1457 398 1537 primatum
422 1457 512 1517 Rom.
536 1454 702 1534 Pontiflois,
725 1453 865 1516 saltem
856 1475 921 1516 rure
945 1454 1049 1516 divino
1072 1474 1150 1517 esse.
1195 1480 1199 1493 ¹

315 1539 418 1600 Etiam
446 1539 487 1601 ibi
511 1540 626 1619 optime
648 1538 722 1600 dicit
751 1539 892 1618 egregius
922 1539 958 1598 D.
982 1539 1033 1614 D.,
1069 1538 1151 1618 quod

248 1628 324 1684 emta
344 1622 483 1702 synodus
512 1622 596 1683 dedit
617 1623 776 1682 Romanae
797 1621 958 1681 Ecclesiae
979 1623 1151 1701 primatum,

248 1713 414 1767 sonantem
448 1705 649 1767 ressedentes
671 1703 791 1800 synodi
812 1702 882 1765 Hoc
896 1710 945 1764 est
965 1706 1044 1765 enim
1068 1703 1151 1784 quod

199 1778 218 1799 ⁸
248 1788 329 1868 volui,
351 1725 447 1868 quod)
460 1789 617 1869 synodicis
638 1789 760 1848 statutis
781 1794 813 1848 et
832 1788 990 1849 humano
982 1807 1057 1866 rnre,
1079 1805 1150 1848 con-

250 1890 327 1933 sensu
347 1870 486 1932 fidelium
508 1872 645 1953 Christi,
669 1873 719 1931 cui
739 1889 802 1932 non
824 1871 897 1931 licet
916 1871 1075 1947 resistere,
1098 1868 1152 1931 da-

250 1963 286 2015 us
304 1956 344 2015 sit
364 1939 425 2016 iste
447 1957 604 2035 primatus.
637 1919 729 2029 Quod
752 1954 841 2016 etD.
863 1953 1059 2034 Gregorius
1052 1972 1082 2013 ιιι
1105 1972 1156 2014 re·

199 2080 207 2113 :.-
250 2039 362 2119 gistro
353 2058 387 2098 ιιι
407 2038 487 2098 haec
508 2037 602 2099 verbs
622 2038 718 2097 dixit:
751 2036 851 2116 Scitis,
873 2036 957 2116 quod
978 2036 1154 2097 veneranda

199 2124 202 2163 ²
250 2121 374 2201 synodus
397 2121 659 2182 Chalcedonensis
681 2119 752 2181 huic
772 2121 964 2200 apostolicae
998 2120 1064 2180 sedi
1097 2118 1151 2182 ob·

250 2203 306 2264 ulit
334 2206 520 2285 primatum,
552 2210 584 2264 et
610 2210 715 2264 tamen
744 2204 845 2264 nullus
878 2203 1150 2283 praedecessorum

252 2306 373 2349 meorum
396 2306 530 2367 unquam
552 2289 791 2368 praesumpserit
809 2293 979 2367 acceptare.
1018 2286 1156 2347 Proinde.

203 2371 312 2443 „nibil
338 2371 428 2449 iacit,
457 2369 540 2450 quod
568 2370 709 2451 egregins
731 2371 768 2431 D.
792 2370 828 2430 D.
851 2369 944 2445 dicit,
969 2369 1151 2450 Gregorinm

206 2498 213 2513 .
252 2472 301 2515 uon
320 2455 467 2515 reiecisse
488 2455 667 2534 primatum,
690 2453 744 2514 sed
766 2454 943 2513 asseruisse.
965 2453 1061 2533 Legat
1082 2453 1150 2532 pius

199 2565 204 2601 r
253 2537 334 2598 lector
360 2536 518 2617 Epistolas
538 2536 699 2618 Gregorii,
736 2543 768 2597 et
803 2537 939 2596 inveniet
960 2535 1151 2677 ¹(drogonum

199 2648 206 2684 ι
253 2619 430 2700 prohibuisse
452 2621 624 2700 primatum,
647 2626 679 2680 et
689 2621 918 2680 oecumenicum
940 2621 1026 2700 ponti
1050 2630 1151 2678 catum

199 2742 202 2753 ·
253 2722 301 2764 non
321 2703 524 2782 vendicasse,
552 2710 586 2763 ut
606 2722 646 2764 ex
667 2720 762 2783 supra
781 2703 884 2764 relatis
908 2701 977 2764 dist.
1000 2704 1050 2767 95.
1078 2703 1152 2761 satis

210 2796 214 2837 ἑ
253 2786 447 2867 probavimus.

199 2916 202 2921 .
318 2867 368 2930 Ad
389 2869 585 2930 autoritatem
598 2868 772 2949 Augustini,
794 2867 1054 2930 adinnccentium
1062 2868 1152 2930 Rom.

203 2978 209 2983 ·
254 2951 419 3049 pcptiiioem
429 2951 559 3013 ethuius
580 2951 620 3011 ad
633 2951 719 3011 iilum
732 2951 923 3031 respondeo·
946 2951 1042 3032 Legat
1054 2950 1153 3011 lector

199 3072 205 3096 ς
254 3036 393 3115 utiusque
417 3035 519 3111 verba,
540 3040 571 3096 et
591 3034 715 3113 iudicet,
737 3053 817 3095 anne
840 3036 980 3116 egregius
996 3033 1075 3097 D.D.
1099 3051 1152 3094 no·

199 3143 203 3179 :
255 3138 295 3180 uss
315 3118 557 3216 significationes
577 3118 738 3180 vocabulis
760 3121 913 3198 imposuit

199 3226 204 3263 z
320 3204 367 3264 De
388 3203 498 3283 viginti
519 3200 638 3263 duobus
659 3203 749 3262 annis
771 3202 923 3262 ecclesiae
950 3208 1021 3261 ante
1044 3201 1153 3261 Roma·

199 3310 207 3345 :—
257 3302 311 3346 num
332 3286 424 3360 dixit
458 3304 537 3345 cum
549 3285 641 3346 Petro
662 3285 757 3345 fuisse
784 3285 961 3346 translatum
991 3285 1153 3362 primatum

199 3420 204 3430 .
199 3368 444 3446 ιιιιοιιιιιιι,
464 3368 664 3430 iortcvolens
685 3367 967 3449 hocproverbium:
990 3365 1047 3427 Ubi
1063 3385 1153 3446 papa,

199 3476 213 3513 :—
258 3451 286 3513 ibi
300 3452 405 3513 Roma.
428 3451 626 3532 Respondeo,
648 3450 825 3531 probandus
847 3458 912 3511 erat
933 3451 1079 3531 primatus
1101 3450 1153 3528 qui

199 3560 205 3597 ι
260 3536 473 3618 uansierretur,
515 3556 577 3599 non
610 3536 786 3614 translatio,
820 3554 910 3614 qnam
947 3533 1044 3595 libens
1077 3550 1153 3593 con·

211 3668 214 3697 ;
261 3622 329 3684 coda

253 3869 280 3926 1)
294 3869 327 3921 Ia
347 3873 389 3924 ed.
407 3874 471 3926 an.
492 3879 523 3927 et
539 3890 587 3945 ap.
606 3878 732 3938 Loesch.
754 3884 857 3947 deest:
876 3894 917 3945 et.
