2709 4417
227 357 292 426 360
459 358 553 414 Rssol.
574 358 600 411 t.
621 373 705 428 super
724 358 924 427 Propositions

213 567 312 622 nam,
337 553 423 703 ωηξα
444 547 524 607 inter
547 544 711 627 pontifices
734 552 766 606 et
787 563 878 626 reges
897 543 1134 626 differentiamg-

230 629 388 692 noscitur1
413 676 419 690 .

314 713 341 773 A
364 703 425 793 quo
448 711 667 792 cognoscitur?
689 731 708 771 a
728 712 836 791 glossa
856 712 920 772 hoo
941 718 1028 771 textu
1041 709 1135 790 dignis

230 797 330 874 simul
353 814 431 874 quae
454 795 540 858 dicit.
562 794 677 873 Papum
702 793 922 874 quadragesies
950 793 1064 873 septies
1083 813 1136 854 esse

232 879 381 939 maiorem
404 897 487 958 rege.
531 876 619 937 Adeo
651 878 726 937 serti
756 876 813 936 sibi
842 883 915 936 sunt
944 878 984 937 de
1012 895 1136 938 mensura

232 963 390 1039 utriusque
412 958 646 1040 magnitudinis,
669 967 700 1019 et
723 960 797 1020 solis
819 967 851 1019 et
877 959 1044 1040 pontiliois.
1084 958 1134 1020 llisi

231 1043 314 1123 quod
354 1043 403 1103 hia
436 1062 549 1121 magna
585 1043 725 1120 quaestio
767 1043 875 1103 oritur:
922 1041 1084 1117 Quomodo
1110 1045 1132 1102 in

232 1127 327 1198 veteri
370 1124 440 1205 lege
486 1143 575 1204 reges
612 1132 699 1185 erant
745 1145 838 1206 super
882 1124 1063 1205 pontifices,
1089 1127 1131 1184 nisi
1174 1187 1175 1193 χ

230 1215 304 1269 tuno
342 1227 404 1268 non
444 1207 538 1268 fuisse
574 1207 756 1284 ecelesiam,
803 1207 833 1266 id
874 1217 934 1283 est,
980 1206 1130 1268 firmamen-

231 1298 293 1367 tum
325 1289 421 1368 ooeli,
445 1289 630 1349 credendum
665 1292 720 1368 sit,
759 1290 884 1370 quando
920 1310 982 1350 una
1020 1290 1130 1352 ecclesio
1161 1296 1164 1309 '

232 1370 288 1433 Dei
322 1378 384 1446 est,
420 1372 459 1433 ab
482 1373 600 1452 origine
636 1373 739 1432 mundi
771 1373 810 1433 ad
836 1371 930 1433 finem
953 1391 1057 1450 nsque.
1084 1373 1128 1434 ded

231 1463 315 1534 esto,
345 1454 506 1519 ecelesiam
530 1454 733 1515 Christianam
754 1455 918 1537 intelligat,
953 1454 1026 1534 quid
1047 1454 1127 1516 dicet?

232 1538 298 1617 quis
327 1538 472 1597 uertiores
495 1556 551 1597 nos
579 1536 685 1612 laniet,
722 1537 768 1598 sol
798 1557 914 1598 novum
946 1559 986 1598 an
1016 1546 1126 1599 veterem

231 1619 422 1680 saoerdotem
452 1617 625 1699 significet?
684 1619 841 1698 Siquidem
875 1621 1028 1702 allegoria
1058 1620 1128 1682 dubia

231 1709 288 1780 est,
310 1709 341 1762 et
362 1701 436 1761 nihil
457 1701 584 1782 probat,
612 1703 675 1762 imo
698 1720 758 1781 qua
787 1705 908 1764 ratione
938 1715 1128 1784 compensetur

231 1787 414 1865 imperator,
448 1786 474 1844 si
506 1803 591 1844 auam
615 1791 800 1864 potestatem
824 1785 907 1845 dieat
937 1786 1062 1865 intelligi
1086 1806 1127 1865 per

231 1869 330 1928 solem
362 1868 459 1926 maius
488 1867 606 1943 lumen,
640 1872 673 1927 ut
694 1869 742 1927 cui
774 1867 914 1928 subiecta
947 1888 1002 1948 per
1021 1868 1126 1943 Pauli2]

232 1950 358 2010 verbum
380 1951 420 2009 sit
442 1950 541 2009 omnis
565 1951 676 2027 anima,
700 1949 925 2029 quantumlibet
942 1951 1113 2030 spiritualis?

259 2052 262 2056 ·
314 2031 414 2106 Quid?
437 2031 518 2110 quod
541 2031 600 2091 hae
620 2034 741 2092 ratione
771 2035 925 2112 sequitur,
946 2033 1064 2108 lulium,
1083 2033 1143 2092 Au.

231 2123 369 2196 gustum,
401 2121 432 2174 et
453 2115 531 2174 alios
554 2115 687 2195 gentiles
709 2117 912 2195 imperatores
934 2116 1027 2176 fuisse
1048 2117 1074 2174 in
1094 2135 1130 2175 eo

232 2197 341 2275 alesia,
371 2198 441 2276 quia
463 2197 584 2256 fuerunt
607 2198 706 2257 minus
736 2197 837 2258 lumen
861 2199 1022 2275 eeclesiae,
1044 2198 1131 2258 olleo

231 2279 365 2340 foetum?
407 2279 447 2339 Et
469 2278 550 2358 quod
574 2280 710 2339 festivius
734 2286 796 2360 est,
824 2280 919 2340 lulius
943 2288 974 2341 et
995 2280 1132 2361 Augustos

230 2371 317 2423 erant
339 2362 437 2421 minus
460 2362 582 2440 lumen,
607 2375 770 2441 antequam
799 2362 886 2422 lieret
916 2362 1132 2424 firmamentum.

229 2444 260 2504 id
283 2450 339 2522 est,
361 2444 503 2522 ecelesia,
525 2446 587 2505 imo
606 2453 770 2523 antequam
794 2445 932 2506 Christus
966 2455 1134 2521 nasceretur,

230 2534 323 2607 oaput
345 2534 376 2586 et
396 2534 485 2587 autor
506 2527 593 2586 huius
616 2526 817 2604 firmamenti,
839 2527 893 2587 sed
918 2536 946 2587 et
968 2528 1133 2588 universalis

229 2610 361 2670 eeclesia
383 2608 433 2668 diu
455 2609 510 2668 luit
532 2610 598 2669 sine
619 2611 679 2670 isto
702 2611 809 2671 maiori
823 2609 976 2687 luminari,
999 2618 1031 2670 et
1046 2611 1135 2670 etiam-

230 2713 300 2752 num
324 2693 422 2751 estin
446 2691 576 2752 Graeoio
599 2699 629 2751 et
652 2692 754 2770 lndia3
776 2693 820 2752 illi
841 2693 920 2754 fort-e
938 2693 1039 2752 adhuc
1059 2695 1087 2751 in
1103 2703 1135 2751 te-

230 2775 331 2835 nebris
354 2781 439 2850 sunt,
462 2774 535 2834 lieet
555 2776 586 2832 in
610 2773 803 2836 firmamento
828 2775 907 2835 ooeli
931 2777 1001 2835 sint.

312 2855 485 2918 Dolendum
507 2876 582 2916 sane
613 2858 677 2915 istis
706 2857 829 2916 ludicris
859 2866 889 2918 et
915 2859 1025 2938 nugis,
1058 2857 1137 2916 verba

179 3005 180 3009 Ἰ
231 2938 287 2997 Dei
310 2940 340 2997 in
363 2958 411 2998 res
443 2944 494 3007 lut
515 2946 624 3018 putant
667 2946 728 2998 tam
757 2941 851 2999 serias
881 2939 1078 3000 stabiliendas
1097 2938 1137 2998 de-

231 3021 370 3082 formare.
424 3021 592 3081 Faoessant
640 3041 750 3096 arvae,
786 3021 884 3103 ligura
920 3023 996 3082 nihil
1034 3022 1137 3104 probat

233 3103 370 3178 Deinde,
393 3103 541 3184 allegoria
563 3104 670 3164 horum
698 3104 860 3166 verborum
894 3112 941 3165 est
962 3106 1056 3168 haee:
1096 3104 1137 3164 Sol

231 3193 278 3246 est
301 3185 455 3262 Christus,
478 3186 550 3246 luna
579 3188 726 3261 ecelesia,
761 3188 839 3249 ooeli
870 3189 1014 3267 apostoli,
1044 3187 1137 3247 stellae

234 3268 348 3330 Sancti.
393 3269 533 3329 Potestas
555 3271 748 3349 imperatoris
778 3271 851 3330 nihil
881 3271 1015 3350 pertinet
1036 3270 1072 3331 ad
1098 3287 1135 3329 eo

231 3351 367 3428 alesiam,
389 3370 450 3412 non
474 3353 572 3430 magis
596 3371 685 3430 quam
710 3371 911 3431 quaeeunque
933 3373 983 3413 reo
1006 3353 1113 3413 mundi.

310 3433 406 3495 Nobis
429 3441 530 3493 autem
554 3436 737 3494 commissae
763 3441 835 3495 sunt
864 3454 939 3497 oves
962 3436 1089 3515 Christi,
1113 3436 1137 3494 in

231 3515 265 3575 B.
288 3515 392 3589 Petro,
419 3515 540 3576 dioente
562 3516 710 3577 Domino:
748 3517 843 3578 Posse
866 3537 941 3579 oves
963 3538 1064 3597 meas,
1086 3536 1136 3579 uon

227 3684 418 3691 ...mn—.—

287 3784 315 3848 l)
343 3783 374 3838 ln
405 3783 439 3838 ed
460 3784 521 3838 len.
556 3790 584 3836 et
605 3785 700 3836 Witts.
721 3785 897 3850 agnose-jum.
926 3782 1015 3833 ‘triu
1031 3783 1147 3842 among,

217 3863 246 3912 et
268 3858 418 3914 Wittenb.:
438 3858 527 3913 Petri.
