2709 4417
260 348 322 417 136
470 351 629 420 Disputatio
647 351 756 421 lipsiae
772 353 869 408 habits
885 368 912 407 a.
930 351 993 408 xix

261 562 355 624 quare
377 561 416 603 eo
438 542 521 623 ipso,
544 540 627 621 quod
654 559 742 602 sacra
769 543 874 603 anima
900 546 1016 603 tanturm
1049 541 1088 604 ibi
1105 564 1156 610 aare

262 627 381 703 asserit,
403 626 520 686 animas
543 632 642 686 certas
665 624 705 684 de
725 625 823 685 salute
844 624 987 686 affirmat.
1027 674 1031 683 .

343 710 507 770 Praeterea
526 709 557 768 in
581 727 701 769 canone
723 709 854 787 missae,
883 708 936 770 ubi
956 728 1014 789 pro
1034 709 1160 775 defuncte

261 795 292 855 in
315 793 493 874 purgatorio
505 794 618 870 cratin,
640 793 684 851 ita
694 791 837 852 dicimus:
859 790 1027 871 Memento,
1042 792 1162 873 Domine,

262 876 445 938 famulorum
454 882 586 952 tuorum,
608 873 660 953 qui
681 893 740 935 nos
762 879 1073 955 praecesseruntcum
1092 878 1163 958 signo

262 959 344 1037 fldsi,
365 966 397 1020 et
417 958 571 1019 dormiunt
591 958 623 1017 in
645 974 754 1018 somno
776 958 862 1037 pacis
881 964 953 1035 etc,
973 959 1049 1039 ipsis
1070 965 1100 1020 et
1117 979 1165 1022 on

263 1044 352 1104 nibus
374 1043 404 1102 in
427 1041 551 1102 Christo
574 1040 811 1119 quiescentibus.
833 1040 865 1102 si
882 1060 957 1121 ergo
978 1042 1066 1102 iuxta
1086 1061 1166 1104 saus
1192 1066 1197 1073 ·

263 1127 412 1186 tissimum
434 1124 545 1184 missae
568 1142 720 1185 canonem
741 1124 864 1184 animae
878 1125 1041 1202 quiescunt
1060 1125 1167 1188 inGlrr'a

266 1213 325 1286 sto,
348 1206 504 1286 quomodo
520 1214 650 1286 possunt
671 1226 740 1266 esse
761 1208 793 1265 in
809 1207 862 1266 tali
872 1207 1048 1269 turbatione
1069 1215 1099 1268 ot
1112 1209 1167 1270 hor·

264 1311 343 1370 rore,
365 1292 452 1371 quasi
474 1289 712 1370 desperationis,
740 1291 819 1349 siout
838 1289 979 1351 declarat
999 1291 1168 1352 reverendus

264 1376 354 1436 Pater
385 1375 416 1434 in
444 1392 499 1434 suc
521 1373 709 1453 resolutorio-
729 1370 838 1435 Goncl.
862 1375 909 1436 14.
946 1391 1044 1452 usque
1075 1373 1112 1434 ad
1131 1377 1169 1440 20.

264 1458 335 1519 Non
358 1458 439 1517 enim
460 1455 564 1532 video,
586 1455 743 1534 quomodo
765 1456 796 1514 in
820 1455 872 1515 tali
883 1456 1023 1535 horrore,
1043 1463 1170 1537 1111111111,

265 1540 460 1615 turbatione,
483 1546 514 1599 st
534 1539 621 1617 quasi
644 1538 868 1620 desperatione,
892 1557 972 1617 quae
998 1540 1102 1600 omnia
1122 1560 1171 1601 me

264 1623 378 1683 ximam
413 1622 517 1682 dicunt
551 1621 813 1700 inquietudinem,
855 1623 977 1681 animae
1009 1623 1172 1704 purgandae

265 1707 385 1787 possint
410 1704 469 1764 dici
503 1704 634 1765 dormire
656 1705 687 1764 in
710 1723 819 1764 somno
841 1705 948 1784 pacis,
981 1705 1068 1784 quod
1100 1725 1172 1786 prae·

265 1787 348 1849 dicta
376 1788 481 1848 omnia
510 1788 579 1868 paci
611 1786 822 1849 adversentur.
861 1786 922 1847 Sed
957 1794 1033 1849 tunc
1057 1808 1077 1848 a
1106 1790 1172 1858 voris

266 1871 444 1933 Christianis
459 1876 542 1930 recte
554 1870 759 1930 censebuntur
779 1871 810 1929 in
832 1888 910 1950 pace
922 1872 1091 1950 quiescere,
1113 1871 1172 1932 dun

266 1974 392 2015 securae
414 1959 597 2033 exspectant
619 1954 780 2012 terminum
794 1972 868 2014 suae
880 1955 1080 2033 purgationis.
1101 1954 1172 2018 Hace

266 2044 336 2098 sunt
356 2037 485 2118 partim,
507 2055 586 2115 quae
607 2056 657 2095 me
679 2043 862 2112 moverunt,
885 2044 914 2096 et
936 2036 1030 2097 hodie
1052 2041 1172 2116 movent,

269 2119 307 2181 ad
329 2118 569 2180 dissentiendum
591 2118 761 2179 reverendo
784 2119 887 2196 Patri,
923 2126 1049 2198 paratus
1085 2127 1171 2180 tamen

267 2210 347 2264 sture
367 2202 481 2262 iudicio
503 2208 534 2262 et
554 2202 762 2262 informationi
786 2202 926 2263 aliorum.

570 2383 876 2446 M.Luthcrus

247 2560 252 2565 ·
345 2535 416 2594 Tria
436 2554 492 2614 per
513 2535 650 2596 ordinem
673 2536 815 2616 egregius
847 2535 884 2596 Ι).
906 2536 944 2599 Ι).
972 2537 1170 2616 copiosissime

265 2625 373 2679 eontra
395 2638 444 2678 me
465 2625 645 2698 prosecutus
668 2626 724 2697 est,
745 2619 875 2698 primum
889 2637 1040 2680 canonem
1056 2619 1171 2700 Scriptu·
1211 2622 1216 2663 ἒ

265 2720 318 2760 rae
349 2700 610 2780 comprehendere
640 2701 733 2763 libros
755 2701 1035 2780 Machabaeorum,
1075 2701 1171 2771 deinde
1207 2722 1216 2779 q

263 2785 472 2865 purgatorium
507 2784 629 2863 probari
664 2786 756 2844 etiarn
792 2784 859 2843 aliis
893 2784 970 2844 locis
1001 2784 1171 2865 Scripturas,
1213 2794 1216 2849 l

264 2867 353 2927 tertio
376 2873 505 2926 conatus
527 2867 701 2946 ostendere,
724 2868 841 2926 animas
863 2884 933 2927 esse
955 2874 1055 2928 certas
1079 2867 1117 2928 de
1135 2886 1172 2926 sa·

263 2949 326 3009 lute
347 2968 411 3009 sua.
526 2955 530 2959 ’

347 3032 549 3112 Respondeo:
582 3032 629 3091 De
662 3033 767 3112 primis
790 3031 910 3092 duobus
931 3031 1017 3092 nulla
1038 3039 1087 3093 est
1106 3034 1173 3094 inter

264 3134 314 3175 me
336 3123 366 3175 et
388 3115 629 3175 dominationem
652 3134 737 3175 suam
769 3117 989 3176 controversia.
1024 3115 1099 3177 Ideo
1121 3135 1173 3177 non

265 3204 330 3259 erat
351 3217 480 3258 necesse
501 3205 547 3258 tot
568 3199 749 3258 autoritates
783 3197 929 3278 colligere
958 3198 996 3259 ad
1020 3218 1088 3260 eam
1110 3217 1174 3275 ren,

264 3299 354 3360 quam
376 3281 454 3341 forte
476 3282 664 3342 coustantius
687 3281 822 3357 affirmo,
845 3299 936 3358 quam
957 3284 1040 3362 ipse,
1079 3282 1174 3360 utqui

264 3383 314 3424 me
335 3365 413 3424 scire
435 3364 590 3443 professus
614 3365 682 3441 sim,
707 3383 776 3424 esse
797 3365 1017 3444 purgatorium.
1054 3364 1114 3426 sed
1134 3365 1176 3424 hic

265 3448 392 3507 vertitur
413 3466 535 3526 scopus,
558 3468 598 3508 an
618 3449 719 3527 possit
739 3447 862 3527 probari
884 3449 1002 3507 animas
1023 3449 1055 3507 in
1078 3466 1176 3529 purgu-

195 3591 201 3603 ,
264 3529 343 3590 toric
365 3531 484 3604 mereri,
507 3537 538 3589 et
558 3531 686 3611 gratiam
708 3531 739 3590 iu
762 3531 806 3590 eis
825 3531 941 3610 augeri,
963 3537 1066 3592 tamen
1088 3538 1175 3593 trans·

265 3630 369 3672 eamus
390 3631 444 3692 per
467 3612 613 3673 ordinem.

345 3694 448 3756 Primo
471 3695 550 3757 dixit
560 3694 779 3757 autoritatibus
790 3695 863 3754 lieri
872 3694 1013 3753 adductis
1021 3698 1177 3756 statarius-

249 3779 347 3841 ritum
372 3780 476 3844 solum
500 3783 533 3843 in
554 3782 620 3843 hac
639 3781 719 3857 vita,
739 3795 817 3856 ergo
826 3774 956 3835 excludi
969 3775 1204 3840 'intutum-ina,

238 3865 331 3946 quod
353 3868 428 3953 ipse
452 3867 612 3951 intelligit
634 3859 884 3946 purgatorium,
904 3859 939 3911 et
958 3852 1009 3909 s‘xo
1026 3855 1123 3925 apta-t
1138 3853 1217 3904 ante
