2709 4417
493 370 512 408 a
527 355 648 410 dicteriis
665 350 790 425 excepta.
1035 313 1110 420 ,179

211 559 373 643 Eutyches,
394 562 559 640 Achatius,
580 563 717 623 Joannes
740 560 1110 642 Constantinopolitsnus,

209 653 234 707 at
255 645 345 726 longo
373 651 517 726 tempore
543 647 573 705 in
606 645 770 705 schismate
798 651 1031 726 perseverantes
1053 645 1109 706 sub

209 729 330 808 dugenio
353 726 404 788 lV.
432 730 465 788 in
489 729 618 789 concilio
641 729 819 789 Florentino
842 727 1046 788 obedientiam
1068 727 1110 788 fe·

208 818 301 873 cerunt
321 811 486 890 ecclesiae,
509 813 647 890 quamvis
670 830 726 892 pro
737 812 887 892 pertinaci
909 809 1038 891 perfidia
1050 817 1109 870 sta-

208 895 249 955 tim
269 892 306 953 ad
329 895 478 954 vomitum
501 895 654 955 redierint.
693 894 837 973 Alioquin
867 894 892 953 si
915 893 1023 955 Graeci
1046 912 1107 954 non

207 978 319 1037 luissent
339 976 527 1036 schismatici
550 985 580 1037 et
595 977 752 1054 haeretici,
772 995 834 1037 non
856 976 1037 1036 haberemus
1058 976 1109 1036 de·

207 1061 337 1120 cisionem
362 1059 401 1120 de
424 1079 543 1121 summa
570 1060 631 1120 fide
654 1060 806 1120 catholica
834 1066 941 1120 0011111
962 1058 1109 1122 Graecos.

208 1142 253 1202 Vel
281 1142 361 1202 forte
390 1143 577 1202 reverendus
603 1143 693 1203 Pater
720 1143 842 1224 ignorat
862 1139 1013 1204 Thdmam
1048 1141 1101 1202 edi

208 1225 273 1285 disse
294 1224 404 1285 librum
428 1225 467 1285 de
490 1225 640 1286 erroribus
662 1225 859 1287 Graecorum

255 1307 354 1386 Addo,
378 1310 450 1387 quia
471 1301 618 1369 induxit
578 1315 671 1369 tram
694 1310 816 1388 saepius
838 1306 1109 1386 ecclesiamorien·

208 1390 285 1451 talem
307 1409 370 1450 non
394 1391 490 1451 fuisse
512 1392 680 1452 subiectam
702 1389 788 1452 Rom
812 1388 963 1468 Pontifici,
987 1388 1108 1469 111101-

208 1473 335 1554 phanium
372 1473 518 1554 Cyprium
541 1474 573 1550 ²)
610 1474 761 1555 repulisse
794 1473 824 1535 S
855 1472 1004 1552 Chrysos
1005 1490 1107 1532 omnm

209 1557 456 1637 abepiscopatu,
483 1557 564 1636 quod
586 1556 666 1617 bene
688 1556 801 1617 factum
831 1556 904 1615 dicit
923 1555 1108 1616 reverendus

209 1639 281 1700 Pater
300 1640 467 1700 autoritate
482 1639 590 1700 Niceni
612 1640 734 1700 concilii
757 1647 787 1700 et
800 1639 954 1719 Cypriani.
978 1637 1039 1699 Sed
1061 1656 1107 1698 oe-

210 1721 265 1784 uidit
284 1723 316 1781 in
339 1722 485 1801 foveam,
515 1742 604 1802 quam
636 1723 725 1800 fecit,
758 1723 901 1802 qnoniam
925 1720 955 1784 S.
978 1720 1109 1801 Chryso·

210 1805 392 1866 stumusodio
414 1807 616 1885 imperatricis
638 1806 695 1866 luit
716 1805 862 1881 deiectus,
885 1813 916 1864 et
936 1804 1108 1864 haereticus

210 1887 320 1948 lrianus
344 1888 542 1968 substitutus,
570 1906 663 1967 quem
691 1908 825 1947 summus
847 1886 990 1947 Pontifex
1012 1886 1108 1946 Julius

209 1969 349 2030 mandavit
370 1971 524 2049 recedere,
547 1979 577 2032 et
597 1971 770 2031 Johannem
790 1970 1043 2050 Chrysostomum
1065 1989 1110 2029 re·

209 2054 296 2113 stituit.
275 2052 424 2128 thod
453 2054 524 2114 dnm
546 2041 657 2114 facium
683 2072 745 2114 non
768 2060 866 2131 esset,
900 2051 999 2112 Julius
1025 2071 1109 2148 papa

205 2135 364 2197 Johannem
377 2136 629 2217 chrysostomum
642 2137 769 2197 restitui
790 2136 965 2217 praecepit,
1003 2137 1062 2194 et
1053 2155 1106 2194 1111-

203 2227 363 2316 peratorem
402 2220 688 2284 excommunicavit
667 2219 786 2281 tlta
829 2226 859 2279 et
889 2225 995 2279 contra
1029 2218 1106 2279 alios

203 2304 357 2382 episcopos
379 2302 551 2363 haereticos
574 2303 743 2383 processit,
772 2308 805 2361 nt
826 2321 888 2361 non
912 2300 1024 2377 semel,
1054 2301 1107 2360 sed
1153 2354 1156 2361 .

201 2383 293 2445 decies
315 2385 455 2446 Graecos
477 2385 515 2445 ab
539 2384 714 2447 obedientia
727 2348 817 2445 Ro'm.
840 2384 989 2445 ecclesiae
1010 2402 1108 2444 reces-

200 2468 267 2528 sisse
287 2467 435 2529 historiae
456 2468 587 2531 tradant
611 2468 671 2530 Eat
699 2487 781 2529 nunc
801 2467 986 2528 reverendus
1009 2467 1108 2542 Pater,

200 2557 226 2611 et
257 2551 342 2612 dicat
362 2551 452 2612 Rom.
474 2550 653 2613 Pontificem
681 2553 720 2614 de
749 2550 886 2611 ecelesiis
909 2551 1107 2609 orientalibus

199 2650 252 2694 non
274 2634 481 2714 disposuisse,
508 2636 557 2695 vel
578 2635 722 2697 iustificet
750 2640 812 2694 tam
834 2632 865 2696 S.
894 2632 992 2693 Patris
1014 2632 1107 2715 Chry-

199 2717 321 2778 sostomi
342 2717 505 2797 repulsam.
830 2729 850 2753 ⁶·

273 2799 401 2878 Teuti0,
433 2800 471 2860 de
493 2799 611 2860 Nicena
637 2799 757 2880 synodo
790 2817 880 2878 quam
913 2817 951 2859 ex
972 2797 1107 2860 Historia

199 2881 377 2943 scholastica
398 2882 448 2944 lib.
472 2886 520 2946 10.
543 2881 687 2962 adduxit,
721 2884 746 2942 si
767 2883 826 2941 ista
849 2890 896 2941 est
917 2883 1105 2962 constituti0,

202 2983 286 3045 quam
308 2967 339 3025 in
364 2983 420 3025 sua
439 2965 537 3026 voluit
559 2964 768 3044 conclusione,
791 2964 873 3025 bons
894 2972 950 3041 est,
972 2965 1107 3044 inquam,

201 3047 302 3110 scdad
324 3049 518 3128 propositum
537 3047 655 3128 frigida.
678 3048 746 3109 lam
764 3046 900 3128 synodus
915 3046 999 3107 nullo
1015 3048 1106 3107 etiam

200 3150 232 3192 eo
252 3139 394 3212 tempore
422 3130 559 3212 legitima
588 3130 803 3209 arbitrabatur,
834 3148 912 3210 quae
944 3149 1007 3190 non
1028 3130 1107 3192 foret

199 3214 359 3275 autoritate
380 3214 468 3276 Rom.
484 3213 639 3276 Pontilicis
662 3222 860 3295 congregata.
904 3213 950 3273 lta
971 3213 1043 3291 Leo,
1065 3216 1108 3274 ita

199 3296 365 3372 llurcellus,
387 3297 430 3357 ita
452 3297 559 3374 Julius,
582 3298 690 3376 sancti,
713 3316 775 3358 non
797 3296 897 3379 frigidi
919 3315 1018 3376 papae
1040 3317 1108 3357 san·

199 3387 311 3457 xerunt,
334 3381 416 3440 circa
438 3379 518 3440 idem
541 3387 661 3460 tempus
683 3381 832 3443 viventes.
866 3379 1108 3442 Constitutiones

199 3481 296 3523 eorum
317 3462 463 3542 leguntur
484 3461 551 3525 dist.
576 3465 624 3525 19.
647 3482 714 3524 can.
739 3462 906 3543 Synodum,
929 3470 960 3522 et
981 3482 1108 3542 sequen·

199 3545 279 3625 tibus,
303 3546 383 3606 unde
406 3546 488 3626 quod
510 3545 998 3626 PatriarchacHierosolymitano
1021 3566 1108 3626 puae·

199 3631 363 3710 rogativam
388 3628 514 3690 honoris
537 3629 697 3709 dederunt,
719 3628 772 3690 sed
796 3649 858 3691 non
879 3631 1040 3709 primatum
1064 3639 1107 3690 to·

237 3897 267 3948 1)
286 3897 317 3944 ln
334 3894 375 3946 ed.
393 3895 453 3948 an,
474 3900 504 3950 ct
517 3896 595 3966 apud
614 3893 748 3954 besech:
767 3895 951 3973 cyprianum.
