2709 4417
468 372 622 427 ellomriis
640 378 768 442 excepta
1031 364 1074 436 69

188 579 224 620 sm
245 558 369 638 impune
391 563 501 638 posset
521 555 653 618 delendi.
680 557 714 618 ln
737 563 881 637 promptu
903 561 950 617 est
971 574 1073 616 exem·

188 644 250 703 lom:
275 642 324 701 An
348 643 483 702 essentia
495 641 525 701 in
548 640 658 701 divinis
669 647 806 722 generat.
829 637 929 715 Quam
951 646 1072 700 sentcn-

188 745 226 787 sm
247 723 603 804 Richardus‘amplexus
634 723 687 784 lib.
710 722 750 783 dc
779 723 913 782 trinitate
948 723 1072 782 minime

188 807 332 887 culpatur.
354 807 395 867 At
418 806 573 867 decisione
595 820 652 886 per
674 805 845 866 Concilium
867 806 948 865 lecta
970 804 1070 865 nullus

188 911 215 951 m
236 889 301 949 sine
329 890 466 950 haeresis
489 890 663 969 suspicione
696 889 861 949 essentiam
884 888 999 948 diceret
1041 905 1071 948 e·

188 991 269 1053 crare,
291 972 384 1034 credo
406 973 436 1033 in
452 972 601 1052 capitulo:
624 972 806 1032 damnamus
827 970 996 1031 desummo
1035 971 1073 1030 ri·

188 1060 256 1120 itote.

232 1138 279 1199 Ad
303 1139 505 1219 Augustinum
527 1136 565 1197 de
586 1136 727 1218 legendis
755 1137 911 1198 canonicis
934 1133 1072 1215 Scriptu-

188 1220 370 1282 sinductum
396 1221 469 1280 nihil
492 1239 628 1295 moveor,
651 1221 796 1298 quoniam
819 1218 1018 1280 conciliorum
1041 1227 1072 1279 et

188 1323 339 1365 lmmorum
362 1302 545 1364 Pontificum
568 1303 692 1363 decreta
719 1322 779 1363 nou
803 1301 946 1362 excludit.
991 1300 1071 1376 Quid

187 1388 269 1449 omini
292 1387 352 1446 mei
375 1387 574 1447 iureconsulti
603 1387 632 1446 in
655 1404 682 1448 c.
705 1384 901 1466 significasti,
923 1383 962 1444 dc
982 1385 1071 1444 elect.

187 1469 333 1545 cuderent,
356 1470 416 1529 iam
447 1488 509 1531 non
532 1469 665 1529 memini.
701 1468 742 1527 At
767 1486 842 1528 suae
872 1466 1072 1548 professionis

187 1571 303 1614 remores
325 1552 410 1611 velut
429 1553 563 1612 institiae
585 1551 718 1612 cultures
741 1571 802 1612 non
825 1549 950 1626 dabunt,
974 1558 1007 1610 ut
1027 1568 1071 1608 ar-

187 1639 256 1713 itror,
278 1635 363 1777 lepos
384 1634 556 1714 pontificias
578 1633 769 1714 pessundari.
798 1631 888 1709 Quod
910 1650 983 1693 vero
1007 1632 1072 1692 Pla·

187 1737 257 1778 mam
280 1738 298 1778 a
322 1718 428 1796 ducit,
466 1719 554 1800 quasi
579 1717 632 1777 ille
654 1717 723 1797 plus
745 1717 800 1796 sit,
822 1734 916 1796 quam
936 1734 1072 1776 summus

188 1801 305 1877 cntilex,
328 1800 378 1860 vel
391 1800 582 1880 Augustinus
605 1799 653 1860 vel
676 1798 859 1881 Cyprianus,
883 1799 933 1877 qui
955 1799 986 1858 in
1008 1799 1073 1858 vita

189 1883 312 1944 eucdicti
341 1883 376 1944 11.
418 1890 554 1944 renarret
582 1883 797 1943 Constantium
825 1881 876 1942 IV.
916 1881 1067 1956 sanxisse,

187 1974 243 2028 bm.
279 1966 431 2025 ecclesiae
463 1966 567 2027 deberi
594 1967 779 2045 primatum,
817 1965 918 2044 legat,
941 1957 1095 2041 quaes0,'

187 2048 340 2110 uerendus
364 2047 474 2125 Pater,
509 2068 588 2128 quae
610 2047 728 2108 domini
750 2046 949 2107 iureconsulti
976 2065 1070 2106 anno·

187 2139 219 2193 nt
248 2133 278 2192 io
303 2131 439 2211 capitulo
462 2131 622 2193 Ecclesiae
646 2131 675 2193 S.
699 2132 814 2191 Mariae
845 2127 884 2190 dc
906 2129 1069 2191 Constitut.

187 2215 235 2291 uid,
257 2220 406 2294 quantum
430 2223 460 2274 et
474 2214 631 2293 quomodo
655 2214 779 2274 valeant
801 2212 982 2274 secularium
997 2231 1069 2272 con·

187 2299 257 2357 ituta
277 2298 309 2356 in
334 2296 550 2358 ecclesiasticis
572 2296 673 2374 rebus,
695 2306 726 2358 et
747 2295 871 2372 videbit,
890 2313 950 2373 quo
974 2314 1065 2354 sensu

187 2381 245 2441 trba
265 2379 418 2459 Platynae
440 2385 493 2451 (ne
515 2379 615 2440 dicam
631 2379 717 2440 Rom.
741 2379 936 2458 Imperatoris
958 2375 997 2436 de
1020 2395 1070 2436 ec·

187 2464 253 2524 asiis
276 2468 309 2522 et
329 2461 510 2541 haereticis)
536 2462 648 2523 debent
671 2463 780 2542 accipi.

233 2543 353 2606 Ultimo
387 2543 458 2605 loco
490 2545 652 2626 proponit,
686 2565 734 2605 me
765 2563 873 2625 urgere
903 2542 1069 2615 Bobemos,

186 2646 301 2706 mecca,
324 2627 423 2688 fateor
446 2628 667 2689 schismaticos.
711 2627 789 2688 Nam
810 2626 840 2688 Β.
857 2626 962 2687 Patres
985 2644 1071 2706 grac·
1108 2698 1115 2706 .

187 2730 208 2770 ts
239 2709 439 2770 canonicatus
466 2730 529 2771 non
567 2710 698 2790 damno,
727 2711 815 2770 sicuti
845 2710 986 2790 gigantes
1017 2726 1069 2767 vo-

186 2793 258 2854 baut
295 2793 326 2852 in
366 2791 475 2853 fabulis
504 2794 613 2854 lovem
653 2812 671 2853 e
700 2794 789 2855 coelo
832 2793 954 2872 pellere.
1010 2789 1069 2851 Sed

187 2895 225 2936 nc
248 2894 322 2935 verc
350 2877 481 2936 occurrit
506 2876 593 2938 nobis
637 2875 823 2937 reverendus
841 2874 946 2953 Pater,
977 2891 1069 2953 quan-

186 2978 196 3019 )
218 2956 303 3018 dabit
324 2955 476 3018 Graecum
499 2958 730 3020 inobedientem
753 2965 783 3018 et
804 2957 950 3018 rebellem
974 2955 1070 3016 eccle-

186 3061 220 3102 sa
240 3040 411 3118 Romanae,
433 3043 484 3120 qui
507 3042 545 3101 sit
568 3043 775 3102 canonisatus.
798 3040 920 3121 thuis
942 3043 990 3099 est
1010 3038 1070 3113 hic,

186 3142 191 3184 s
214 3141 276 3184 non
303 3121 495 3184 laudabimus
526 3125 617 3185 euml
639 3125 760 3184 Frustra
790 3142 864 3204 crgo
886 3122 1014 3182 assumit
1036 3140 1071 3180 se

186 3205 288 3267 >letare
309 3206 536 3287 monarchiam,
566 3209 652 3287 quasi
681 3226 742 3267 non
771 3214 854 3267 esset
878 3204 917 3265 de
938 3206 1004 3265 iure
1025 3202 1066 3263 di·

186 3289 239 3365 luo,
262 3285 316 3346 scd
330 3288 461 3367 quadam
486 3290 647 3351 tolerantia
659 3288 765 3370 populi
788 3296 986 3350 etoonsensu
998 3285 1069 3346 flde-

186 3390 233 3431 nm
251 3369 385 3432 inducta.

240 3452 326 3528 Quod
349 3453 538 3535 permaxime
566 3455 677 3534 liquet,
691 3473 730 3515 ex
752 3454 904 3535 Gregorio
934 3451 1070 3525 inducto,

186 3536 217 3614 pi
234 3537 394 3617 primatum
417 3538 496 3597 inter
517 3536 625 3597 fideles
647 3538 704 3598 sibi
727 3537 862 3598 oblatum
887 3537 1000 3596 reiecit.
1031 3536 1072 3595 At

186 3636 280 3679 tmsnm
311 3626 457 3700 sequatur
477 3620 663 3680 reverendus
686 3620 792 3697 Pater,
822 3638 885 3680 non
908 3618 1071 3680 verborum

186 3701 318 3778 urticam,
356 3710 388 3762 et
407 3703 542 3780 reperiet
562 3704 593 3762 in
615 3702 765 3784 Epistolis
788 3720 941 3765 summam
962 3701 1072 3782 optimi

186 3781 251 3839 bnis
265 3783 489 3859 bumilitatem,
527 3792 561 3845 ut
587 3786 662 3867 plus
693 3790 829 3853 mititatc
854 3794 888 3852 cl
904 3785 1090 3852 bumilitate
