2709 4417
233 364 298 435 310
466 365 558 422 Rssnl.
577 367 605 421 L.
626 381 711 436 snper
727 360 927 436 Proposttldne

320 555 383 620 eeu
405 575 464 638 age
484 556 592 634 latins,
614 556 640 616 si
663 555 789 617 omnino
813 553 853 615 ad
875 554 1009 637 rigorem
1026 552 1128 629 istnmll

237 641 470 723 grammaticum
493 659 526 701 se
547 639 713 717 recipiunt,
741 635 824 719 quod
846 636 906 699 soli
928 637 1020 698 Petro
1041 635 1132 699 dictum

236 730 298 786 est:
322 724 367 784 Tu
391 742 424 783 es
446 722 561 798 Petrus,
583 722 652 783 Tibi
674 721 754 783 dabo
772 720 877 782 claves
899 727 978 798 etc,
1000 719 1133 800 quomodo

237 808 414 868 resistemus
435 805 613 881 haereticis,
637 806 662 864 si
685 806 736 885 qui
756 804 818 865 hoc
838 810 947 866 nostro
969 804 1067 885 rigore
1084 822 1134 865 ver·

237 890 345 951 borum
369 889 432 949 nixi
454 908 511 949 nos
530 895 660 969 urgeant
681 893 713 949 st
733 885 851 949 dicant:
880 887 976 964 Esto,
998 885 1034 945 ad
1055 886 1133 948 solun

240 973 362 1033 Petrum
385 973 463 1032 haec
485 970 669 1039 dictasunt
691 989 851 1051 ergounn
874 970 913 1031 ad
936 988 1134 1036 successoren.
1175 986 1178 997 ’

238 1074 313 1136 ergo
336 1055 486 1116 ecclesiae
515 1055 619 1114 claves
647 1072 715 1113 cum
738 1055 828 1114 Petro
850 1061 1005 1114 venerunt
1024 1059 1053 1112 et
1071 1052 1134 1114 nbis·

213 1145 316 1200 ·rnut.
340 1138 398 1200 Ubi
421 1157 495 1217 ergc
517 1157 599 1197 nunc
621 1137 773 1197 ecclesia?
793 1136 865 1197 Non
890 1138 972 1197 enim
995 1135 1033 1195 ad
1052 1136 1133 1214 plnres

238 1223 391 1301 pertinere
404 1226 518 1300 potest,
540 1219 622 1298 quod
635 1219 674 1280 ad
689 1240 781 1280 unum
796 1219 916 1297 dicitur,
938 1221 1018 1279 sicut
1030 1218 1132 1290 illudi:

237 1304 313 1364 Gurn
335 1304 436 1365 iunior
458 1321 552 1378 esses,
576 1302 721 1384 cingebas
743 1307 774 1362 te
796 1309 866 1379 eta,
890 1301 975 1381 quod
997 1300 1034 1361 ad
1054 1301 1132 1362 solun

238 1386 360 1446 Petrum
381 1387 425 1447 ita
453 1386 567 1447 dictum
590 1391 654 1467 est,
683 1393 715 1445 ut
737 1405 804 1445 cum
828 1385 920 1446 Petro
941 1385 1093 1464 impletum
1111 1391 1134 1444 et
1175 1386 1178 1398 '

237 1469 356 1530 finitum
378 1471 426 1546 sit,
448 1468 486 1529 ad
509 1469 625 1528 nullum
648 1487 857 1530 successorem
882 1469 948 1528 sius
970 1468 1120 1547 pertinens.
1172 1470 1178 1498 ³

321 1551 352 1612 si
375 1557 476 1612 autem
498 1551 539 1611 ad
561 1570 755 1612 successores
782 1556 814 1612 et
835 1551 971 1629 aliquem
994 1548 1133 1610 ecclesian
1174 1557 1176 1566 '

238 1635 352 1695 dictum
376 1637 432 1708 est,
455 1636 515 1695 iam
531 1635 616 1694 nulla
637 1636 758 1695 ratione
769 1633 923 1714 prohiberi
946 1639 1059 1713 potest,
1078 1633 1134 1711 quin

240 1716 277 1777 ad
293 1736 400 1778 omnes
414 1716 527 1776 dictum
550 1719 598 1795 sit,
620 1718 683 1778 imo
698 1717 874 1778 necessaria
887 1717 1010 1777 ratione
1022 1715 1059 1776 ad
1077 1735 1134 1795 ape

239 1801 336 1861 stolus
359 1819 477 1876 omnes,
500 1801 552 1878 qui
566 1807 746 1880 praesentes
764 1805 859 1877 erant,
883 1799 994 1879 magis,
1016 1797 1134 1877 quamad
1175 1826 1177 1829 ·

239 1884 327 1943 unius
349 1883 430 1943 Petri
454 1900 659 1959 successores,
682 1883 733 1962 qui
755 1882 892 1949 nondum
916 1887 1020 1957 erant,
1042 1879 1135 1941 dictum

243 1967 417 2045 accipietur.
442 1964 533 2039 Quod
554 1965 579 2024 si
601 1965 639 2025 ad
663 1985 771 2026 omnes
785 1964 960 2045 apostolos,
982 1965 1043 2025 iam
1063 1965 1135 2024 etiam

241 2046 280 2109 ad
304 2049 439 2107 omnium
462 2047 684 2127 apostolorum,
707 2054 738 2108 et
757 2067 820 2108 non
834 2047 1068 2126 uniusapostuli
1086 2046 1136 2107 su'e

247 2149 386 2191 cessores
409 2129 522 2190 dictum
544 2131 732 2210 intelligitur.

342 2212 403 2273 Sed
423 2212 610 2292 respondeat
631 2219 734 2273 tamen
758 2213 829 2272 mihi
853 2214 905 2290 qui
928 2218 1047 2291 potest,
1074 2210 1135 2289 quin

238 2316 309 2356 nam
330 2294 500 2356 credendus
522 2297 562 2356 sit
573 2296 688 2357 habere
709 2297 822 2371 claves,
845 2296 937 2356 etiam
961 2296 993 2354 in
1014 2294 1137 2353 Romans

236 2378 388 2439 ecclesia?
410 2378 458 2437 An
482 2379 550 2457 ipsa
573 2378 719 2456 ecclesia,
750 2377 827 2452 au²l
853 2377 956 2458 papa?
979 2383 1011 2438 et
1030 2374 1137 2436 attende

237 2461 318 2540 quod
342 2461 420 2523 dico,
457 2459 587 2540 Quando
610 2461 695 2539 Papa
717 2461 856 2541 eligitur,
878 2480 920 2521 an
941 2479 1045 2521 secum
1067 2457 1138 2518 affert

236 2543 340 2604 claves
363 2542 439 2622 an²)
465 2544 550 2603 nnn?
573 2543 604 2604 Si
626 2543 729 2620 affert,
762 2563 836 2624 ergo
864 2549 932 2605 erat
953 2562 1050 2623 papa,
1070 2546 1137 2600 ante·

186 2650 189 2657 ·
237 2646 327 2708 quam
351 2628 523 2707 eligeretur,
546 2627 571 2686 si
594 2646 655 2687 non
677 2625 775 2703 affert,
797 2646 817 2686 a
839 2645 900 2706 quo
917 2625 1049 2709 accipit?
1070 2642 1137 2683 num·

236 2709 308 2790 quid
331 2709 369 2770 ab
391 2709 504 2790 angelo
528 2709 566 2769 de
588 2709 699 2770 coelo?
722 2728 825 2769 nonne
847 2709 886 2770 ab
903 2707 1055 2771 ecclesia?
1075 2705 1137 2767 Iten
1176 2778 1177 2785 ἵ

236 2793 359 2871 qnando
382 2812 465 2873 papa
487 2793 630 2868 moritur,
662 2793 709 2851 cui
737 2791 881 2870 relinquit
910 2791 1027 2853 caves?
1057 2788 1137 2851 aufert

237 2896 289 2936 eas
314 2875 439 2936 secum?
468 2873 498 2936 Si
521 2895 583 2934 non
607 2875 721 2950 aufert,
744 2875 793 2934 cui
814 2873 959 2952 relinquit
980 2874 1038 2937 nisi
1059 2871 1137 2932 eccle·

237 2958 316 3033 siae,
340 2979 358 3018 a
380 2957 478 3036 quai]
505 2958 644 3038 accepit?
668 2955 747 3031 Quid
765 2957 858 3037 igitur
878 2963 985 3037 potest
1000 2955 1060 3016 dici
1080 2973 1136 3014 con·

237 3046 282 3100 tra
308 3041 389 3101 hanc
425 3040 686 3100 evidentissimam
727 3040 971 3119 experientiam,
1008 3037 1136 3118 optimam

236 3124 387 3203 evangelii
411 3125 623 3204 interpretem,
654 3123 757 3182 claves
787 3141 846 3182 nec
867 3123 977 3200 Petro,
999 3139 1057 3181 nec
1086 3137 1135 3178 suc·

236 3209 367 3282 censori,
411 3206 465 3265 sed
489 3207 547 3266 soli
571 3205 722 3266 ecclesiae
745 3205 851 3280 datas,
885 3224 905 3264 a
927 3223 989 3282 qua
1010 3213 1134 3282 tanquan
1176 3248 1177 3255 ,

237 3290 374 3348 minister
395 3290 516 3367 accipit,
539 3308 647 3349 usurus
665 3289 709 3349 eis
732 3287 888 3350 sacerdos.
932 3285 993 3347 Ubi
1006 3303 1084 3346 nunc
1102 3288 1134 3342 est

238 3372 320 3449 quud
343 3372 401 3431 soli
425 3372 515 3432 Petro
545 3372 659 3432 dictum
694 3389 763 3431 esse
797 3376 936 3451 putatur:
970 3369 1037 3430 'libi
1070 3365 1131 3427 dabo

236 3456 349 3531 claves,
371 3456 450 3532 ime,
473 3454 524 3513 ubi
548 3473 629 3514 nnnc
651 3460 713 3528 est,
736 3452 817 3531 quod
841 3453 899 3513 soli
922 3452 1071 3513 ecclesiae
1088 3449 1131 3510 Ro·

237 3557 345 3598 manae
367 3537 470 3597 claves
494 3536 584 3597 datae
606 3537 699 3598 sunt?
729 3536 865 3597 Necesse
887 3541 950 3610 est,
974 3541 1008 3596 nt
1028 3535 1058 3595 in
1078 3549 1130 3613 qua·

236 3620 310 3680 libet
331 3620 463 3681 ecclesia
485 3620 589 3680 claves
612 3622 682 3695 sint,
703 3625 736 3679 ut
757 3618 820 3678 dixi
843 3636 944 3701 supra.

237 3761 552 3769 ——-----.--..-..-,-.„

262 3813 293 3881 i)
318 3815 351 3868 ln
372 3813 421 3871 ed.
436 3814 517 3869 len:
535 3762 657 3863 iustum.
693 3803 730 3866 ’ἣ
747 3799 964 3865 insaniisse.
978 3795 1036 3842 sex.
1047 3787 1161 3846 {xxxiiia

215 3906 235 3943 ὃ
258 3908 331 3962 quo.
375 3891 409 3960 ³)
433 3887 548 3946 lohan.
569 3881 621 3939 nt.
