2709 4417
370 346 429 398 suia
447 344 554 414 [ipsias
575 344 721 414 disputatis
749 360 773 398 a
793 344 859 399 Χ-ῙΧ.
1007 340 1070 410 277

234 526 268 588 Si
290 527 397 591 dices:
419 529 477 591 Est
496 537 599 590 tamen
621 529 726 610 aliquo
748 548 853 592 verum
871 548 974 608 sensu,
997 528 1070 591 libe-

191 629 217 669 m
239 610 397 672 arbitrium
421 631 489 673 essc
517 612 674 673 domiuum
696 632 759 674 nou
783 611 974 674 excludendo
1004 633 1070 693 ffa-

191 713 236 771 ÷m,
248 695 440 774 respondeo:
456 695 530 757 Sive
547 697 587 757 sit
602 714 710 756 senous
724 697 790 755 sive
801 715 874 773 non,
889 695 1069 776 theologum

193 785 243 836 oet
263 777 348 857 loqui
362 779 401 839 ad
413 798 499 838 usum
521 779 698 860 theologiae
714 786 746 839 et
767 796 873 838 sacrae
887 777 1070 858 Scripturae.

191 878 284 920 ÷cum
306 861 337 920 in
359 880 431 922 suas
465 868 603 941 repertas
625 861 771 941 loquendi
802 861 924 942 regulas
956 867 1071 943 cogant

191 962 263 1002 unes
276 943 476 1018 Christianos,
498 951 626 1005 curtam
651 943 738 1006 liberi
760 948 1070 1024 suntcontemptorcs

191 1025 279 1106 gulae
300 1026 443 1088 divinae?
478 1027 604 1105 Fateor,
636 1026 764 1089 liberum
799 1027 952 1107 arbitrium
977 1045 1071 1107 posse

191 1109 213 1168 ci
226 1109 393 1188 dominum,
415 1111 594 1190 principem,
617 1111 807 1190 episcopum,
830 1129 946 1190 regem,
968 1110 1071 1170 etalio

191 1210 365 1272 mecumque,
388 1193 442 1253 sed
457 1193 535 1254 haec
548 1194 686 1274 periculo
708 1195 825 1274 gratiam
841 1194 897 1253 Dei
921 1201 952 1253 et
973 1191 1073 1271 Sarip-

191 1288 243 1336 rae
265 1275 485 1356 intelligendae
506 1276 661 1353 dicuutur,
696 1295 775 1355 quae
803 1276 957 1335 servitutis
978 1295 1072 1338 voca·

191 1357 226 1417 do
244 1377 302 1418 nus
325 1360 435 1439 signat,
457 1367 489 1420 et
510 1361 560 1439 qui
583 1359 672 1422 aliter
693 1358 821 1419 liberum
845 1358 1002 1419 arbitrium
1027 1359 1072 1417 iu-

191 1439 274 1519 liigit,
296 1460 358 1501 nou
380 1443 531 1523 inteiligit
803 1467 806 1472 ·

236 1523 324 1584 Alter
344 1544 430 1586 error
452 1525 550 1605 magis
571 1524 701 1600 noxius,
724 1524 827 1600 etqui
849 1521 1007 1583 evidenter
1029 1523 1072 1582 in·

191 1604 284 1684 catl),
306 1606 432 1667 Eccium
456 1626 555 1667 meum
578 1607 706 1684 nescire,
729 1605 800 1685 quid
823 1604 899 1664 fides
922 1607 977 1683 sit,
1001 1605 1070 1664 dum

191 1694 248 1784 egat
268 1707 325 1768 per
346 1708 413 1749 eom
439 1689 537 1751 oolam
559 1689 715 1749 iustificari
733 1689 908 1758 homiuem,
938 1687 992 1748 sed
1016 1707 1074 1747 nec

191 1769 228 1829 ud
250 1773 291 1831 sit
311 1770 466 1833 iustificari
488 1773 641 1853 intelligit.

234 1868 378 1950 Dicimus
402 1908 477 1970 ergo
497 1909 567 1949 cum
589 1888 685 1949 Paulo
706 1889 795 1949 Rom.
821 1893 853 1950 1:
874 1887 992 1948 Iustitia
1013 1886 1071 1946 Dei

193 1971 309 2031 velatur
329 1972 361 2031 in
383 1973 438 2034 illo
460 1991 499 2032 ex
527 1971 588 2031 fide
610 1974 640 2031 in
672 1970 781 2040 fldem,
818 1972 896 2030 sicut
928 1970 1071 2048 scriptum

193 2063 218 2113 t:
241 2055 338 2114 iustus
360 2074 399 2114 ex
420 2047 481 2115 ride
503 2054 596 2115 vivet.
638 2055 686 2114 Au
698 2054 868 2133 Apostolus
881 2052 919 2112 ab
932 2051 1074 2111 Ennianis

191 2135 314 2196 >condus
335 2137 400 2213 fuit,
422 2145 455 2197 ut
476 2137 613 2217 glossam
635 2137 718 2196 illam
743 2135 911 2197 mirabilem
934 2133 1072 2209 adderet,

192 2217 296 2279 dnou
319 2239 358 2279 ex
380 2220 448 2280 aula
469 2219 552 2279 fide?
583 2219 660 2279 item
684 2219 773 2279 Rom.
798 2223 849 2284 10:
884 2217 986 2278 Corde
1009 2235 1073 2276 cre·

191 2314 235 2361 tur
256 2301 297 2361 ad
318 2303 479 2378 iustitiam,
499 2301 599 2378 uide,
639 2307 672 2361 ut
708 2301 759 2361 hic
784 2301 841 2361 soli
864 2299 934 2360 fidei
964 2299 1074 2360 tribuat

191 2384 312 2460 stitiam,
335 2384 425 2458 adeo,
447 2393 481 2447 ut
502 2385 601 2446 solum
624 2403 677 2445 oor
689 2385 837 2457 nominet,
860 2383 969 2443 ceteris
981 2400 1073 2443 mom·

191 2467 227 2541 is,
250 2484 331 2544 quae
353 2473 527 2546 operentur,
550 2468 667 2542 tacitis,
690 2485 759 2545 ore,
783 2468 894 2545 iuquit,
917 2464 1072 2524 consessio

191 2547 249 2690 ¹ad
272 2549 419 2629 salutem,
460 2548 515 2610 sed
548 2549 597 2609 ubi
630 2549 692 2609 iam
724 2548 903 2609 iustificatus
938 2552 985 2606 est
1021 2557 1075 2625 pei

198 2650 258 2691 em.

238 2748 347 2808 Dicam
370 2767 459 2828 ergo,
492 2753 525 2807 ut
547 2766 644 2827 nugas
665 2747 740 2807 istas
763 2745 894 2805 insulsas
918 2744 1074 2824 Sophista·

191 2850 219 2891 m
244 2838 447 2910 praeteream,
468 2830 554 2890 nulla
574 2847 670 2909 opera
691 2828 864 2901 iustificant,
886 2847 941 2888 seu
963 2830 1073 2886 iustum

191 2915 287 2988 ciunt,
309 2913 364 2973 sed
379 2913 446 2974 sula
458 2911 544 2975 fides.
566 2911 751 2973 iustificatos
764 2920 868 2972 autem
885 2910 958 2970 facit
969 2929 1075 2989 opera.

191 2998 313 3058 cenim
336 2995 429 3056 habet
444 3014 559 3056 senous
582 2994 766 3073 Scripturas,
789 3000 821 3054 ut
842 2992 1016 3054 iustificatio
1038 2994 1078 3052 sit

191 3081 239 3141 ior
261 3077 423 3158 operibus,
457 3085 489 3138 et
516 3097 612 3156 opera
640 3077 715 3137 fiant
745 3074 964 3137 aiustificotis.
1005 3074 1074 3135 Nou

191 3163 256 3236 rim,
278 3169 312 3223 ut
333 3168 414 3222 errat
435 3160 632 3236 Aristoteles,
654 3161 734 3220 iusta
757 3158 898 3219 iaciendo
920 3158 991 3217 iusti
1014 3156 1076 3217 effi·

191 3264 267 3312 mur,
302 3243 357 3307 scd
387 3243 458 3303 iusti
480 3242 552 3303 iacti
581 3261 744 3323 operamur
772 3243 860 3303 iusta.
904 3240 988 3301 Sicut
1014 3258 1075 3299 non

210 3327 377 3408 episcopus
399 3345 495 3405 opera
505 3326 643 3405 episcopi
655 3324 813 3402 iaciendo,
836 3323 889 3383 sed
914 3324 1077 3402 episcopus

191 3416 255 3471 otus
285 3409 361 3469 facit
393 3427 488 3488 opera
521 3408 670 3486 episcopi.
714 3408 765 3469 Sic
794 3425 855 3467 uon
887 3424 982 3485 opera
1003 3403 1076 3463 fidei

191 3493 273 3553 munt
293 3491 403 3565 fldem,
425 3489 480 3550 sed
502 3489 578 3550 fides
600 3490 674 3551 facit
697 3508 793 3569 opera
814 3488 895 3548 fidei.
939 3485 992 3547 Sic
1010 3505 1074 3546 non
1131 3485 1135 3493 '

191 3595 255 3637 tera
275 3574 394 3655 gratiam
415 3574 530 3633 iaciunt
540 3574 680 3654 gratiam,
701 3572 756 3634 aed
770 3573 868 3652 gratia
880 3571 953 3631 iacit
977 3588 1075 3648 opera

191 3659 284 3719 stiae.
328 3656 405 3718 Inde
427 3664 491 3734 est,
524 3654 609 3735 quud
630 3655 715 3717 Deus
736 3655 859 3735 respicit
881 3653 1012 3732 primurn
1037 3649 1077 3712 ad

191 3802 220 3900 )Ἰ
230 3840 261 3890 In
281 3839 342 3893 edd.
364 3845 453 3915 crim:
474 3845 596 3907 indicat.
