2709 4417
456 352 525 407 lllll.
547 301 581 408 da
599 358 736 422 potestate
753 352 854 423 Papus.
886 357 890 363 ’
1057 351 1119 419 357

198 537 254 598 Dei
279 547 482 620 praeceptum
504 541 620 602 illudat.
664 541 697 604 si
717 542 797 618 hoc,
820 548 981 622 tanquam,
1012 543 1120 627 minuit

198 622 378 699 veritatem,
412 624 460 684 vel
484 626 580 704 regis,
612 625 662 686 vel
684 626 859 704 praecepti,
893 645 947 688 cur
979 627 1118 705 superius

200 723 259 765 non
284 705 428 767 similiter
449 707 539 768 dixit:
583 707 702 769 Subditi
728 714 839 769 estote·
856 715 1001 787 tanquam
1035 710 1119 769 omni

199 786 355 848 humanae
378 790 557 851 creaturae?
603 791 664 852 Cur
685 792 835 871 praecipit
856 791 945 852 subdi
966 792 1032 851 sine
1055 799 1116 852 tan·

200 870 313 949 quam?
366 871 427 933 Cur
455 893 517 934 nou
547 873 637 934 dixit:
681 873 790 934 Estote
824 879 970 952 tanquam
998 872 1119 949 subditi,

200 953 383 1015 simulantes
407 956 644 1033 subiectionem,
679 958 757 1016 sicut
786 957 840 1017 ille
861 956 983 1017 simulat
1003 975 1118 1037 regem,

199 1043 347 1114 tanquam
371 1039 498 1099 sitrex?
526 1039 672 1100 insulsior
694 1044 742 1099 est
762 1041 821 1099 ista
841 1039 957 1118 glossa,
975 1057 1064 1117 quant
1088 1047 1121 1100 ut

197 1124 356 1179 mereatur
378 1122 511 1182 refutari.
554 1122 660 1182 Petrus
683 1122 758 1200 vult,
779 1121 840 1183 hoc
861 1129 1006 1200 tanquam
1027 1123 1117 1182 ratio·

197 1201 304 1262 nalem
335 1222 405 1264 esse
438 1205 703 1277 coniunctionem,
738 1204 921 1282 osteudens,
954 1223 1048 1284 quare
1080 1205 1120 1264 sit

192 1283 406 1363 subdendum,
429 1286 521 1364 Quia,
544 1289 657 1365 inquit,
681 1287 855 1366 praecellit,
880 1293 911 1347 et
933 1288 1005 1365 quia
1026 1286 1119 1348 duces

192 1368 286 1427 missi
306 1375 379 1428 sunt
399 1369 438 1430 ab
460 1389 516 1449 eo,
538 1370 599 1430 hoc
621 1377 676 1442 est,
688 1371 767 1449 «ipsa
781 1370 1000 1450 praecellentia
1021 1375 1052 1430 et
1066 1388 1120 1448 po·

191 1456 313 1527 testas,
337 1455 410 1528 quia
429 1453 497 1513 Deo
520 1452 646 1512 volente
667 1455 798 1532 geritur,
832 1459 879 1512 est
900 1471 1003 1528 cause,
1025 1471 1119 1530 quare

191 1538 331 1612 propter
350 1533 448 1594 Deum
473 1533 560 1596 subdi
584 1536 611 1596 ei
634 1535 782 1596 debeatis.

284 1614 377 1689 Quod
399 1624 501 1678 autem
524 1619 673 1696 sequitur:
696 1618 735 1678 ad
765 1617 929 1677 vindictam
960 1616 1120 1691 malorum,

192 1697 324 1758 laudem
340 1719 415 1760 vero
438 1700 600 1777 bonorum,
621 1699 853 1780 intelligendum
875 1718 937 1759 non
960 1706 1016 1776 ast,
1038 1697 1121 1777 quod

195 1800 253 1840 rex
277 1782 329 1841 vel
351 1783 519 1860 imperator
549 1802 640 1860 super
666 1782 767 1843 bonos
790 1790 820 1843 et
841 1782 939 1843 malos
966 1781 1122 1860 acceperit

197 1862 297 1943 gladii
321 1870 518 1943 potestatem,
541 1865 595 1926 sed
618 1866 649 1925 iu
667 1884 722 1925 eos
744 1864 949 1940 solummodo,
971 1865 1119 1943 quiuteu·

198 1953 248 2005 tes
272 1946 379 2026 gladio
403 1949 467 2008 eius
500 1954 571 2008 suut
592 1947 794 2008 iurisdictioni
817 1947 982 2007 commissi.

284 2028 313 2089 Ο
336 2032 543 2091 necessariam
566 2031 726 2091 Romanae
748 2030 850 2090 curiae
872 2036 904 2089 et
931 2028 1004 2088 cleri
1026 2028 1118 2089 licen·

199 2113 264 2171 tiae
292 2114 552 2191 impunitissimaa
581 2113 727 2192 glossam.
770 2112 827 2172 Hic
849 2132 922 2171 sana
948 2130 1025 2190 opus
1057 2118 1124 2171 erat

199 2193 312 2255 oculos
334 2195 502 2272 intendere,
524 2196 574 2255 hic
596 2195 681 2255 ulcus
705 2194 902 2275 tangebatur,
927 2194 980 2254 sed
1002 2194 1121 2254 frustra.

199 2276 326 2350 lterum,
347 2277 398 2338 hic
420 2297 488 2338 cum
511 2297 567 2339 suo
591 2278 740 2338 duntaxat
766 2277 884 2357 prodit,
917 2275 1041 2336 verbum
1065 2275 1122 2336 Dei

200 2360 350 2440 generale
374 2366 521 2439 torquens
542 2363 572 2420 in
595 2367 713 2440 partem
736 2359 843 2439 populi
866 2359 986 2421 Christi.
1021 2357 1124 2432 Quare

201 2448 233 2502 et
254 2461 316 2503 uos
339 2442 446 2503 eadem
470 2442 612 2522 absurda,
636 2462 691 2522 pro
714 2442 808 2503 verbo
824 2442 891 2515 Dei,
915 2448 1021 2502 contra
1039 2440 1123 2500 vani·
1168 2507 1172 2511 ,

202 2531 298 2585 tatem
324 2525 405 2586 hanc
425 2525 618 2586 reducamus.
661 2525 703 2585 Et
724 2543 920 2603 quaeramus:
943 2523 990 2583 An
1014 2540 1122 2583 omnes

203 2625 280 2668 oves
304 2607 416 2669 Christi
444 2610 506 2668 sint
527 2608 618 2668 Petro
651 2607 812 2668 subditae?
848 2612 879 2667 et
914 2626 954 2665 cn
983 2604 1022 2665 ad
1051 2624 1123 2665 suos

203 2689 345 2750 subditos
366 2689 445 2750 haec
467 2691 644 2770 scripserit?
666 2697 697 2750 et
719 2710 758 2750 an
780 2690 831 2749 alii
855 2690 916 2749 sint
937 2687 1049 2748 subditi
1070 2687 1140 2748 Pa·-

204 2775 240 2832 tri
264 2779 297 2833 et
318 2772 423 2853 regis?
444 2772 522 2834 haec
544 2774 626 2833 enim
648 2775 720 2850 tria,
742 2791 871 2833 necesse
895 2778 957 2847 est,
979 2769 1123 2830 confitea-

203 2864 251 2915 tur
271 2874 356 2932 vera,
379 2862 411 2916 ut
433 2875 473 2916 cx
495 2855 657 2935 praedictis
679 2861 773 2934 patet.

288 2936 407 3017 Quare,
442 2939 469 2998 si
500 2939 563 2998 suis
590 2937 719 2999 subditis
747 2937 826 2998 haec
853 2936 987 3013 scripsit,
1027 2942 1057 2994 et
1093 2934 1124 2994 hi

203 3021 253 3081 alii
286 3028 358 3081 suut
395 3042 415 3082 a
445 3020 575 3082 subditis
607 3022 817 3100 imperatoria,
850 3017 944 3099 gladii
974 3023 1123 3096 potestas,

206 3103 301 3164 verbo
334 3104 431 3180 Petri,
463 3104 561 3163 solum
591 3123 683 3182 super
711 3103 856 3175 clericos,
894 3102 925 3160 in
957 3099 1123 3160 vindictam

205 3186 356 3247 malorum
381 3192 411 3246 et
438 3185 560 3247 laudem
579 3185 739 3246 -bonorum
761 3184 884 3257 valebit,
907 3191 1055 3261 eruntque
1073 3200 1123 3241 ex-

205 3269 300 3347 empti
323 3287 430 3329 omues
453 3275 484 3328 et
507 3269 565 3329 soli
587 3269 674 3346 laici,
697 3288 751 3328 cur
773 3287 845 3348 ergo
869 3266 1022 3326 contraria
1041 3261 1122 3323 vide·

206 3371 273 3412 snus
297 3350 381 3426 lieri,
414 3350 492 3411 adeo
520 3358 553 3411 ut
582 3350 712 3411 clericos
739 3350 860 3410 tradant
890 3348 1019 3408 seculari
1046 3345 1124 3421 foro,

205 3454 268 3494 non
292 3435 350 3494 nisi
373 3439 483 3495 exutos
506 3434 673 3494 clericatu?
716 3433 768 3493 sin
791 3451 898 3493 omnes
921 3437 991 3489 sunt
1011 3426 1124 3489 subditi

204 3517 314 3590 Petro,
346 3515 436 3576 etad
460 3536 567 3577 omnes
589 3516 667 3576 haec
689 3516 826 3592 scripsit,
860 3514 910 3592 qui
945 3519 1015 3571 sunt
1049 3529 1124 3570 ovas

205 3598 336 3674 Christi,
359 3618 432 3678 ergo
465 3598 516 3659 vel
549 3599 651 3659 clerici
681 3597 785 3679 gladio
808 3595 943 3674 exempti
968 3613 1030 3654 nou
1053 3600 1125 3653 sunt

206 3701 282 3743 oves
304 3679 425 3759 Christi,
450 3681 497 3741 vel
520 3681 597 3741 haec
620 3681 798 3761 depravatio
830 3677 1036 3738 etdistinctio
1061 3694 1123 3735 ver·

201 3764 308 3900 bprum
340 3764 423 3821 Petri
454 3782 583 3843 prorsus
624 3763 723 3847 impia
768 3766 801 3825 et
833 3761 960 3824 veritati
1001 3757 1140 3818 aduersa

190 3860 244 3901 es.
