2709 4417
164 353 175 361 ·
223 306 225 310 ’
253 342 303 417 ,24
474 328 763 420 usqimam-0
781 352 875 405 usura
893 367 918 403 a
939 349 1000 403 xm

261 554 327 595 rum
363 534 432 617 (qui
460 533 498 596 sd
529 536 591 597 hoo
618 537 717 617 ipsum
749 538 875 598 seorsim
899 536 1049 618 designati
1072 537 1170 619 erantJ

262 619 457 697 exemplaria
473 619 521 678 his
544 619 662 700 legibus
685 622 748 680 suis
769 621 927 681 subiaeere
947 620 1090 682 aurarint

255 710 261 737 ⁸
343 701 419 779 Nos,
441 703 466 762 si
490 701 561 780 quid
582 702 721 765 utilitatis
742 704 773 762 in
799 722 838 763 es
856 702 909 783 pio
931 703 1040 764 leniori
1070 703 1170 764 afferri

260 800 440 863 possemus,
463 784 587 845 solliciti
609 785 730 846 fuimus.
773 785 851 846 Sunt
871 786 902 846 in
924 794 1059 847 salsane
1080 786 1170 867 plera

199 941 201 945 y
259 884 320 945 que
342 866 425 945 talia,
448 883 527 947 quae
548 867 705 947 hueusque
722 876 774 929 aut
793 863 1023 946 non‘uovimus,
1045 868 1170 930 autnon

259 950 326 1009 susi
347 969 450 1010 sumus
472 968 575 1011 nosse.
619 949 707 1026 Quae
730 953 755 1010 si
777 951 855 1011 bene
877 950 1005 1027 sedunt,
1033 951 1107 1030 qnid
1130 971 1169 1012 ve

259 1033 357 1093 nitatis
379 1034 440 1092 sint
461 1031 599 1110 allatura,
620 1034 754 1094 viderint
774 1033 805 1110 ii,
826 1052 955 1113 quorum
977 1034 1123 1111 interest,
1146 1034 1166 1094 li

184 1131 189 1141 ·
259 1113 385 1175 bertatis
409 1122 491 1175 uerte
520 1115 661 1176 nonnihil
691 1112 826 1196 paritura
847 1123 1021 1196 sperantur,
1056 1117 1170 1196 quadr

258 1196 350 1258 rebus
374 1197 526 1258 eeclesiae
550 1204 582 1258 et
602 1198 835 1259 Christianismo
856 1199 1018 1260 audentius
1041 1207 1072 1260 st
1092 1199 1168 1277 loqu

257 1285 290 1340 at
309 1278 416 1340 audire
438 1281 617 1360 contingere
637 1288 791 1361 putantur.

342 1362 535 1441 Quamquam
564 1362 659 1424 multa
689 1381 812 1443 quoque
845 1366 907 1424 sint
936 1366 967 1424 in
999 1365 1061 1426 hae
1089 1366 1169 1425 silva

183 1446 185 1451 ’
258 1463 339 1524 quae
361 1451 448 1505 extra
469 1446 658 1525 propositum
682 1446 764 1507 diota
789 1449 865 1523 sint,
898 1448 1052 1508 noluimus
1075 1457 1170 1508 tamen

258 1528 423 1607 quidquam
445 1528 635 1605 imminuere,
657 1529 712 1589 sed
734 1530 864 1609 simpliai
886 1529 962 1607 fide,
985 1537 1020 1590 ut
1041 1529 1126 1590 dieta
1148 1551 1170 1590 e

261 1618 350 1689 gesta
371 1617 450 1688 sunt,
472 1610 564 1690 plene
588 1612 692 1671 omnia
713 1611 850 1672 reddere.

340 1693 446 1768 Porro,
469 1699 593 1753 nostrae
609 1694 684 1772 'opis
704 1699 767 1754 non'
783 1695 880 1774 ignari
898 1713 955 1754 neo
968 1695 1170 1773 immemores,

259 1777 357 1835 neutri
379 1776 509 1855 partium
533 1774 699 1854 quidquam
715 1795 861 1856 arrogare
875 1784 929 1836 aut
943 1776 1096 1857 derogare
1108 1797 1170 1857 pos-

259 1876 374 1932 sumus,
397 1876 455 1917 nee
475 1858 619 1917 iudicium
638 1865 767 1936 tentare,
791 1878 852 1938 quo
867 1859 947 1920 solet
966 1858 1015 1919 vel
1027 1859 1112 1919 allisi
1128 1862 1170 1921 vel

259 1940 517 2000 retrahileetoris
541 1939 679 2002 atl'eetus.
708 1941 919 2020 Relinqnimus
941 1948 1043 2001 autem
1073 1945 1169 2003 omnia

258 2022 289 2080 in
312 2024 447 2082 omnium
470 2028 501 2082 et
522 2023 712 2102 singulorum
734 2023 864 2103 iudicio,
898 2022 981 2102 quod
1003 2030 1037 2084 ut
1058 2025 1169 2084 varium

258 2103 388 2164 laturum
411 2124 472 2165 non
496 2104 686 2183 dubitamus,
718 2107 762 2165 ita
789 2113 822 2166 ut
850 2107 998 2186 optimum
1031 2107 1170 2185 quodque

258 2187 451 2264 praevaleat,
473 2183 639 2266 optamus,
669 2187 708 2247 ad
729 2188 850 2248 laudem
873 2188 931 2248 Dei
953 2195 984 2247 et
1005 2192 1170 2250 eommunis

259 2269 302 2327 rei
325 2269 515 2329 Christianae
538 2270 769 2330 incrementum.
812 2271 900 2347 Vale,
923 2269 1020 2331 leotor
1044 2273 1111 2351 pie,
1144 2281 1170 2332 el

257 2351 308 2428 pie
330 2351 432 2431 legas,
462 2369 540 2428 quae
562 2353 613 2430 pie
634 2360 845 2417 monstrantur
865 2372 885 2412 a
905 2352 1004 2428 nobis,
1028 2354 1110 2431 quod
1133 2355 1170 2413 f-

199 2455 205 2465 ·
256 2433 329 2510 oies,
352 2434 376 2492 si
399 2440 536 2493 nostrum
559 2433 690 2493 studium
714 2435 788 2495 boui
808 2435 962 2519 oonsulas.

631 2684 794 2697 -α-ι--αα-

409 2821 656 2942 Disputatio
688 2796 1000 2924 Excellentium

254 2990 480 3070 Theologomm
514 2991 663 3054 iohannis
702 2996 784 3056 llosii
814 2999 850 3075 et
884 2997 918 3056 D.
953 3002 1084 3063 Martini
1117 3003 1170 3063 Ln-

254 3072 336 3132 theri
356 3073 590 3152 Angustiniani.
613 3093 698 3152 qnae·
712 3078 835 3155 Lipsiae
857 3085 966 3156 eoepta
980 3084 1039 3144 fnit
1061 3090 1170 3161 quarta

357 3154 406 3214 die
428 3155 500 3215 Iulii
527 3157 617 3218 Anno
646 3158 809 3220 ntum
832 3160 909 3221 hora
929 3160 1068 3242 septima

289 3294 291 3299 ’
319 3270 562 3330 Protestatio
586 3271 718 3334 Patris
740 3274 899 3336 Martini
920 3278 1089 3341 Lutheri.

426 3351 656 3433 lnNomiue
678 3357 853 3430 Domini,
876 3360 1004 3449 Amen.

336 3468 596 3531 Protestationem
612 3471 641 3546 ¹)
673 3476 790 3554 egregii
813 3475 939 3547 Domini
960 3480 997 3540 D.
1018 3480 1170 3541 iohannis

312 3709 347 3777 1)
367 3709 398 3762 In
418 3710 459 3766 ad.
480 3711 608 3784 principe
621 3711 741 3786 legitur:
758 3716 1078 3770 Protestatlouam
1094 3722 1170 3770 utri

227 3792 344 3847 usque
363 3781 510 3856 egre'gii
534 3785 680 3842 domiui
700 3785 1170 3839 eranursasnamlssssu

215 3854 246 3899 st
266 3851 290 3901 J
294 3855 362 3906 oda
373 3874 391 3908 n
402 3859 460 3911 nis
484 3860 533 3915 llo
545 3862 610 3916 cil.
652 3860 737 3913 llaee
754 3865 857 3911 sutem
875 3856 1048 3923 mussans
1065 3854 1102 3901 'W
1116 3854 1170 3916 iil*
