2709 4417
251 347 334 442 ,ἰῶ
564 348 583 402 l.
602 345 710 403 concio
727 345 761 406 D.
782 346 816 399 ll.
835 345 915 403 ullu.

272 534 466 603 suelaoerent
486 531 525 594 ad
548 532 791 594 contemnendas
812 532 903 593 huius
922 533 1009 593 vitoe
1025 531 1177 609 illecebra,
1220 573 1221 581 κ

273 624 307 681 ut
335 618 379 677 sio
408 616 506 696 magis
541 633 579 676 oe
610 616 709 696 magis
732 622 912 694 pararentur
933 617 1030 677 animi
1058 613 1098 677 ed
1118 634 1178 677 mor·

273 707 353 778 tem,
383 717 421 760 eo
448 697 603 778 baptismo
626 697 796 760 satisfieret.
839 697 983 760 Debebat
1005 702 1108 759 tamen
1129 698 1180 759 illo

273 803 342 847 rum
362 782 499 843 omnium
522 799 591 841 esee
613 781 722 842 modus
743 781 885 861 quidam,
915 800 981 845 non
1011 779 1096 860 quod
1115 801 1181 862 meg·

274 864 383 927 uitudo
420 863 471 924 vel
499 882 643 924 numerus
677 863 798 924 illorum
828 871 928 945 certus
963 863 1183 942 praescribetur,

274 947 330 1009 sed
363 945 423 1006 hoe
452 947 580 1024 quisque
609 947 848 1022 animadvertat,
883 953 1033 1026 quantum
1066 953 1098 1007 et
1126 946 1184 1026 quid

273 1029 443 1110 baptismus
466 1029 621 1108 postulet,
657 1029 688 1089 id
718 1030 799 1108 quod
829 1031 875 1090 sie
896 1028 1114 1108 accipiendum
1135 1038 1184 1089 est:

275 1111 374 1174 Sentit
395 1112 603 1190 unusquisque
633 1131 690 1172 sua
716 1114 804 1187 vitia,
837 1115 868 1172 in
901 1111 1013 1190 quibus
1041 1113 1110 1191 ipse
1134 1131 1185 1172 ma

275 1195 358 1256 xime
379 1192 515 1270 laborat,
549 1212 610 1272 que
636 1196 728 1274 igitur
757 1197 877 1256 ratione
904 1195 961 1256 illu
993 1195 1126 1273 opprimi
1145 1202 1187 1255 aut

277 1275 452 1339 mortificari
474 1295 568 1355 posse
589 1276 722 1356 putabit,
757 1298 794 1338 ea
816 1285 938 1353 utetur,
976 1275 1065 1355 quod
1091 1278 1116 1337 si
1136 1279 1186 1336 sui-

277 1357 448 1421 rusdvertet
470 1359 649 1420 decrescere
672 1362 747 1421 vitia
774 1367 805 1421 et
826 1361 982 1434 imminui,
1012 1359 1053 1420 de
1077 1359 1186 1420 mortii-

276 1443 400 1502 outione
422 1460 544 1520 quoque
566 1442 754 1521 aliquantum
777 1444 921 1504 remittat.

357 1524 464 1602 Neque
496 1533 597 1584 autem
632 1532 788 1587 tentantur
807 1527 886 1586 haee
907 1525 1054 1585 humanis
1076 1524 1187 1594 viribus,

275 1607 436 1669 nonenim
465 1606 504 1666 de
532 1608 568 1667 iis
597 1608 741 1683 dicimus,
778 1610 830 1688 qui
850 1609 1000 1687 baptizati
1030 1613 1062 1668 et
1083 1610 1187 1686 reeepti

274 1696 347 1751 sunt
374 1690 405 1748 in
428 1690 572 1769 gratiam,
612 1698 642 1750 et
670 1693 721 1770 qui
744 1691 870 1751 eredunt
897 1693 958 1750 iam
983 1689 1053 1750 Deo
1078 1692 1188 1769 promit-

275 1772 350 1832 tenti
377 1779 574 1850 peecatorum
599 1775 821 1836 remissionem.
865 1773 904 1833 Hi
931 1771 994 1832 lide
1023 1771 1066 1832 ad
1098 1773 1187 1832 morti-

275 1853 412 1915 lloandes
432 1857 552 1933 peeeati
574 1856 718 1937 reliquias
740 1864 772 1916 et
793 1857 896 1917 omnia
916 1854 980 1915 alia
998 1855 1083 1916 bona
1105 1874 1187 1934 opem

275 1943 509 1998 eommoventur
539 1946 570 1997 et
599 1940 780 2000 excitantur.
828 1940 891 1999 lam
919 1938 973 2016 qui
1001 1937 1118 1997 nullam
1145 1937 1187 1996 lu·

274 2018 349 2080 beut
368 2017 472 2095 iidem,
494 2038 528 2078 se
552 2020 654 2081 multis
676 2023 826 2082 aerariis
849 2021 1022 2100 defatigant
1043 2019 1187 2099 operibus,

274 2103 334 2161 iarn
356 2101 418 2161 hoe
447 2103 506 2161 iam
529 2101 603 2163 illud
625 2104 803 2180 instituunt,
837 2111 869 2163 et
890 2104 1031 2164 eontenti
1055 2110 1125 2162 sunt
1144 2102 1185 2161 illa

276 2183 358 2243 nuda
379 2192 411 2244 et
432 2191 560 2245 externa
581 2188 684 2264 operis
707 2189 827 2265 speeie,
856 2188 887 2245 in
922 2204 985 2264 quo
1009 2203 1067 2245 eeu
1091 2185 1120 2244 in
1140 2185 1184 2263 lig·

275 2285 336 2327 nea
358 2275 459 2327 statua
471 2286 571 2345 neque
593 2269 664 2344 vita,
688 2271 878 2348 neespiritus
900 2269 1011 2346 aliquis
1021 2269 1113 2345 inest,
1133 2287 1183 2327 uno

165 2368 168 2375 ⁴
274 2349 411 2430 perlecto
435 2357 654 2412 convertuntur
683 2370 755 2412 mex
782 2350 945 2428 adalind,
979 2369 1020 2414 ao,
1046 2352 1120 2410 mira
1148 2351 1182 2408 in·

273 2433 447 2493 oonstantia
468 2440 617 2511 perpetuo
640 2435 792 2512 feruntur,
821 2453 923 2512 neque
944 2434 1012 2493 eius
1036 2435 1080 2492 rei
1102 2433 1180 2491 ullum
1218 2442 1219 2447 ’

274 2515 407 2574 sentiunt
427 2514 565 2574 fructum.
609 2517 757 2577 Nonnulli
790 2518 882 2578 etiarn
905 2515 944 2576 ad
967 2517 1117 2576 insaniam
1137 2515 1178 2574 illo

273 2596 374 2657 studio
396 2597 514 2657 redacti
536 2606 621 2676 snut,
656 2608 688 2659 ut
710 2620 768 2661 neo
795 2599 852 2660 sibi
875 2618 934 2659 nee
956 2598 1024 2658 aliis
1048 2598 1177 2678 prodesse

272 2685 410 2758 possent.

357 2762 468 2821 Verum
493 2765 596 2823 ornnia
619 2765 670 2822 illa
692 2764 888 2825 incommoda
911 2763 984 2822 inde
1007 2770 1078 2821 sunt
1093 2769 1176 2836 enata

272 2843 355 2923 quod
383 2842 421 2903 ab
452 2845 551 2922 impiis
582 2845 771 2907 doctoribus.
796 2847 933 2926 persuasi
966 2845 1112 2904 sentimus
1131 2863 1176 2903 nos

271 2945 291 2985 a
312 2924 465 3004 baptismo
488 2947 542 2988 seu
556 2931 742 2990 contritione
766 2930 831 2989 sine
846 2929 982 3006 peoeetis
1006 2946 1085 2987 esse.
1107 2927 1176 2995 ltem,

272 3006 354 3086 quod
377 3008 460 3068 bona
482 3029 577 3088 opera
599 3031 660 3071 non
684 3011 723 3072 ad
739 3009 953 3072 mortificanda
977 3019 1114 3088 peecata,
1133 3009 1175 3068 sed

271 3090 310 3150 ad
342 3090 526 3152 cumulanda
556 3097 680 3171 merita,
716 3105 747 3154 et
783 3094 821 3154 ad
855 3091 1105 3153 satislaeiendum
1131 3110 1175 3170 pro

270 3174 406 3252 peoeatis
429 3175 561 3236 valeant.
605 3176 796 3237 Confirmant
821 3185 923 3237 autem
956 3176 1084 3254 impiam
1112 3174 1176 3232 hano

270 3257 465 3336 opinionem,
499 3260 549 3335 qui
579 3261 655 3318 vitas
687 3269 718 3320 et
747 3277 840 3339 opera
864 3257 1049 3319 Senatorum
1080 3258 1174 3336 impru·

269 3338 377 3399 denter
398 3340 587 3418 praedicant,
610 3344 696 3421 quasi
719 3362 757 3402 ea
774 3342 933 3422 proposita
955 3341 1017 3400 sint
1040 3338 1177 3418 exemplu,

269 3441 348 3500 quae
371 3441 428 3482 noe
455 3423 567 3482 imitari
595 3426 770 3484 conveniat.
813 3424 903 3485 Stulti
925 3423 1019 3504 igitur
1040 3422 1177 3497 homiues,

269 3505 320 3582 qui
345 3506 429 3564 omni
449 3504 562 3566 iudicio
584 3509 613 3566 in
638 3506 685 3566 his
707 3506 797 3567 rebus
820 3515 935 3582 carent,
957 3523 1054 3567 eaeeo
1076 3508 1178 3584 impetu

268 3587 298 3644 in
322 3587 381 3646 ista
404 3586 583 3648 Senatorum
607 3589 751 3669 exempla
770 3591 902 3665 irruunt,
931 3595 961 3648 et
983 3588 1065 3648 bene
1086 3605 1178 3648 seeum

268 3675 368 3729 aetum
392 3676 516 3750 putant,
549 3673 574 3730 si
603 3679 757 3750 uteunque
786 3679 944 3732 externam
973 3671 1091 3731 larvam
1117 3670 1177 3730 laeti

261 3755 488 3836 expresserint.
766 3805 773 3816 ,
1182 3825 1188 3836 ,

346 3842 474 3915 Verum
504 3839 597 3907 Deus
630 3834 767 3917 singulm
798 3830 929 3893 umens
965 3824 1110 3898 singulus
1134 3823 1214 3880 §aas
