2709 4417
422 357 558 412 adversus
578 336 922 413 criminationas'hutharl.
1117 358 1137 423 5

231 547 314 608 ritatis
351 547 474 607 tramite
506 545 644 624 deviare,
682 545 754 626 quid
789 544 828 607 ab
861 546 948 607 initio
982 546 1135 627 egerimus

231 628 331 710 quidve
354 636 495 690 secutum
518 648 585 688 cum
608 628 734 690 Andrea
750 628 937 690 Bodenstein
959 627 1059 701 fuerit,
1081 631 1134 690 mi·

233 714 301 773 nime
328 731 386 772 vos
410 712 566 793 praeterit.
607 712 650 773 At
681 731 750 772 cum
778 731 900 795 semper
931 711 1011 772 istud
1039 731 1136 792 genus

233 795 441 856 invectivarum
464 793 616 855 scribendi
638 794 771 871 oderim,
794 795 940 856 constitui
962 794 1063 854 facere
1085 814 1136 876 pe-

185 942 187 955 ,
234 876 344 939 ticulum
366 877 471 938 iudicii
505 878 564 937 mei
588 895 691 938 coram
715 876 917 953 doctissimis,
952 878 1136 957 inquorum

237 961 387 1022 sententias
409 960 600 1022 intellectum
621 980 723 1021 meum
747 961 934 1040 captivarsm
965 966 996 1022 et
1022 961 1052 1020 in
1075 979 1136 1021 ser-

236 1045 329 1104 vitutes
349 1042 539 1124 redigerem,
573 1044 673 1103 eciem
702 1042 786 1123 quod
807 1041 957 1123 philautia
979 1042 1019 1103 sit
1039 1049 1137 1104 mater

236 1144 364 1201 errorum,
387 1132 419 1187 et
441 1125 522 1207 quod
546 1126 742 1206 singularitas
763 1127 794 1185 in
812 1126 1025 1206 praecipitium
1042 1127 1135 1207 cogit,

235 1216 259 1270 ut
280 1209 322 1268 ait
341 1208 448 1288 Berm,
481 1219 512 1269 et
542 1209 627 1270 nolle
650 1208 775 1269 credere
797 1207 1042 1288 prudentioribus
1064 1208 1136 1270 stul·

236 1292 289 1352 titia
308 1291 364 1370 sit,
393 1298 427 1352 ut
448 1291 574 1353 Boetius
597 1297 735 1352 testatur.
778 1289 870 1366 Quod
900 1291 957 1351 etsi
978 1310 1034 1370 par
1055 1291 1134 1352 Gon-

233 1374 434 1435 trsversarium
466 1374 516 1434 diu
538 1373 759 1454 congrediendi
779 1373 908 1434 facultas
935 1373 1026 1434 fuerit
1047 1393 1135 1454 prae·

185 1498 187 1509 .
232 1457 323 1534 clusa,
358 1456 485 1517 tandem
505 1458 536 1517 in
558 1457 721 1536 Liptzeuse
754 1455 891 1518 Studium
923 1457 1134 1534 convenimus,

232 1538 271 1599 nbi
301 1537 373 1599 dum
402 1547 438 1603 et
459 1539 620 1621 Augustini
644 1543 733 1620 jussa
755 1547 876 1600 secutus
893 1538 1011 1600 futurae
1034 1538 1134 1620 dispu-

231 1621 341 1682 tationis
364 1642 515 1682 summam
537 1622 651 1683 scheda
672 1614 800 1684 ex‘arare
821 1623 935 1700 curavi,
950 1623 1042 1683 etiam
1066 1622 1135 1683 suh-

228 1705 322 1783 itsria,
356 1704 437 1766 adeo
466 1712 582 1766 utnon
603 1705 824 1785 poenitendum
847 1704 1007 1766 articulum
1030 1704 1069 1764 de
1083 1704 1135 1769 lib.

228 1787 282 1848 arb.
312 1791 344 1847 et
372 1786 435 1848 lida
468 1788 667 1869 negligerem.
710 1788 777 1849 Hac
808 1795 871 1848 tum
900 1787 1013 1848 scheda
1040 1786 1079 1848 ad
1101 1787 1135 1850 F.

228 1871 302 1929 llart
324 1869 430 1931 Lutter
456 1889 511 1951 per
540 1891 588 1931 me
610 1872 804 1952 transmissa,
837 1881 870 1931 ut
897 1880 945 1931 est
965 1868 1134 1931 mordendo

227 1953 466 2032 potentissimus,
508 1954 671 2014 confestim
705 1953 875 2034 Epistulam
911 1953 1155 2034 propugnatori.

227 2053 275 2095 suo
303 2034 476 2098 dedicatam
498 2035 718 2097 disseminavit.
761 2034 848 2111 Quae
885 2055 923 2097 an
947 2035 1135 2116 respondeat

226 2117 372 2178 &danae
394 2117 579 2196 modestiae,
602 2119 726 2180 lectoris
749 2120 906 2179 committo
928 2118 1052 2179 iudicio.
1093 2118 1136 2178 At

228 2201 292 2280 quia
309 2201 483 2263 istiusmodi
505 2220 606 2282 genus
627 2201 802 2273 hominum,
830 2211 863 2262 ut
884 2202 996 2262 Beatus
1018 2199 1134 2282 Grego-

227 2285 279 2343 rius
298 2282 443 2360 affirmat,
464 2291 603 2345 tacentes
625 2284 710 2345 solos
733 2290 825 2361 amat,
847 2303 909 2345 non
929 2302 1136 2346 moveornec

229 2364 360 2427 offendor
386 2365 524 2428 mordaci
546 2386 603 2429 sus
619 2367 759 2447 epistola.
804 2366 927 2428 Utinam
951 2366 1062 2448 dignus
1083 2366 1135 2426 ha-

229 2447 322 2524 berer,
351 2449 438 2509 velut
459 2450 593 2529 apostoli
615 2450 842 2531 gloriabantur,
877 2468 933 2529 pro
954 2450 1083 2510 veritate
1106 2454 1137 2509 et

228 2530 351 2592 Domino
373 2531 449 2592 Jesu
478 2531 697 2595 contumeliam
718 2533 792 2613 pati.
836 2532 1011 2594 Curandum
1034 2539 1136 2592 tamen

230 2612 293 2673 mihi
315 2613 419 2694 video,
441 2634 481 2675 ne
493 2614 595 2695 pusilli
618 2614 821 2696 offendantur,
844 2616 897 2695 qui
915 2615 1036 2676 facilem
1050 2633 1136 2694 prae-

230 2694 328 2756 berent
348 2695 528 2758 detrahendi
551 2717 729 2777 assensum,
764 2698 790 2758 si
810 2697 925 2779 nullam
953 2718 992 2759 ex
1014 2716 1064 2757 me
1085 2695 1136 2758 ha·

232 2776 328 2839 berent
348 2781 591 2857 excusationem.
1073 2801 1075 2806 ·

302 2861 405 2941 Aegre
431 2861 490 2923 fert
515 2863 671 2939 Lutterus,
702 2861 801 2942 quod,
835 2860 908 2923 dum
928 2860 1136 2944 promisissem

236 2941 443 3023 disputaturum
471 2965 521 3006 me
548 2945 586 3006 D.
609 2945 796 3006 Bodeustein
819 2945 955 3026 Lipsiae,
985 2946 1016 3005 in
1038 2947 1136 3025 ipsum

236 3029 362 3087 verterim
385 3029 551 3108 impetum,
581 3034 628 3107 et,
650 3035 684 3089 ut
706 3034 753 3089 est
773 3034 856 3088 totus
878 3028 1020 3102 olibrius,
1054 3026 1140 3088 addit

238 3127 263 3168 se
291 3111 408 3170 nescire
438 3130 477 3171 an
503 3130 646 3172 ranarum
675 3130 714 3171 au
743 3130 932 3171 muscarum:
964 3110 1137 3172 interimis

239 3210 295 3251 suas
315 3212 412 3272 nugas
435 3193 474 3254 de
501 3193 708 3293 indulgentiig
723 3193 938 3274 debacchatus,
960 3194 997 3254 D.
1018 3192 1138 3254 Boden·

241 3275 302 3334 stein
322 3274 404 3336 dicta
425 3276 511 3337 velut
529 3296 660 3358 psrerga
688 3282 720 3337 et
741 3295 860 3337 summo
883 3277 966 3356 quod
989 3278 1074 3337 aiunt
1096 3273 1138 3336 di-

241 3356 318 3436 gitulo
339 3358 570 3439 vixattigerim:
594 3366 626 3419 at
648 3378 738 3438 quam
752 3358 946 3439 impudenter
965 3359 1044 3420 haec
1065 3358 1138 3419 mihi

242 3438 389 3519 adscribat,
426 3441 551 3503 lectoris
581 3461 643 3503 uon
671 3441 750 3503 fallit
770 3442 926 3503 iudicium.
968 3441 1047 3502 Nam
1069 3461 1138 3502 cum

189 3592 192 3599 Ι
243 3521 409 3584 holenstein
432 3526 471 3584 sit
498 3524 613 3586 Lutteri
638 3531 849 3606 propugnator
870 3532 902 3585 et
923 3524 1139 3586 adnotationes

185 3628 188 3679 g
244 3622 308 3664 meas
338 3616 399 3666 tres
429 3609 461 3667 in
494 3607 648 3689 disputata
667 3607 784 3668 Lutteri
817 3607 855 3668 de
876 3607 1077 3690 Indulgentiis
1099 3607 1139 3669 ad

185 3686 188 3751 l
244 3685 370 3748 Revereri.
413 3689 602 3770 Episcopum
636 3709 736 3752 meum
759 3691 963 3775 Eysteteuum
995 3690 1137 3775 privatim

228 3763 308 3822 drus
325 3786 390 3826 non
412 3775 475 3827 tam
497 3771 591 3834 docte
618 3792 712 3856 quam
738 3776 931 3844 mordaciter
952 3774 1154 3865 improbave-

211 3837 247 3911 ΗΖ
264 3858 304 3899 ⁸0
319 3846 450 3923 tellum&
467 3851 559 3983 idem
577 3857 748 3940 pollicitus
770 3886 843 3935 non
858 3864 1175 3935 temerematsr'savu
