2709 4417
507 380 510 385 '
588 370 735 425 Praefatia
1099 369 1120 435 3

221 554 351 615 tahendo
391 559 499 613 contra
534 553 572 614 D.
607 553 816 633 Bodenstein,
848 555 1049 636 septimam
1086 556 1117 616 iu

222 638 322 717 seriptis
345 637 562 715 transmisi,
584 638 742 717 inquibus
765 646 860 699 totam
879 645 1004 698 nostrae
1026 640 1118 720 scrip·

224 722 297 780 tionis
317 738 464 780 summam
496 720 603 780 videor
632 723 704 781 mihi
728 722 933 802 complexus‘t
964 720 1018 802 (ot.
1043 721 1116 782 Loe-

225 804 303 862 soheri
325 802 460 864 Reform.
482 802 550 863 Act.
580 803 630 863 IIi.
653 825 683 884 p.
707 808 798 878 ool).
841 804 902 865 Sex
924 804 1016 885 igitur
1038 805 1116 884 prio·

224 904 261 946 res
284 887 509 965 propositiones
531 885 641 945 Eoeius
669 894 733 946 tum
757 887 971 948 carolostadio
995 888 1118 967 objecit,

167 986 170 1033 ;
226 969 326 1046 reliquis
346 967 510 1028 Lutherum
540 970 639 1048 ipsum
671 971 873 1052 impugnavit.
917 970 1010 1031 Cuius
1032 970 1117 1030 sohe

167 1054 171 1076 ¹
227 1051 296 1111 dutee
323 1050 482 1131 Augustae
515 1053 596 1131 typis
623 1054 793 1132 impressae
823 1056 914 1113 unico
948 1054 1117 1132 exemplari

167 1150 173 1158 ·“
226 1140 329 1212 accepto
370 1135 426 1211 (cf.
459 1134 545 1193 Loth.
568 1135 647 1215 Epp.
680 1135 727 1196 ed.
762 1135 801 1195 de
823 1135 927 1195 Wette
949 1135 962 1194 1
984 1157 1013 1215 p.
1037 1140 1113 1207 217)

169 1218 175 1301 2
225 1216 358 1293 lotherae,
380 1217 467 1294 quasi
490 1215 529 1276 ad
543 1217 626 1276 iilam
640 1214 853 1298 responsurus,
875 1220 1117 1279 ineunte-mense

171 1317 174 1323 ·
226 1298 365 1359 Februario
388 1318 416 1359 a.
429 1302 508 1363 1519
525 1301 580 1376 [cf.
593 1301 680 1360 Lutir.
695 1301 772 1381 app.
796 1300 847 1361 ed.
870 1301 964 1360 Aurit'.
985 1301 1040 1380 lp.
1051 1303 1117 1375 142,

173 1397 175 1409 ·
225 1381 355 1441 deWette
376 1381 399 1458 l,
422 1401 451 1462 p.
462 1385 522 1445 222
545 1388 629 1462 sqq.)
653 1384 818 1463 epistolam
839 1385 868 1442 in
892 1383 1001 1463 vulgus
1024 1382 1119 1445 edidit

171 1536 174 1549 Ι
224 1462 418 1526 Garoiostadio
439 1465 578 1539 missam,
609 1484 669 1545 qua
690 1466 775 1525 Ecoii
797 1467 979 1544 vanitatem,
1014 1468 1117 1526 incon·

167 1544 173 1625 j·
223 1547 364 1623 santiam,
388 1549 615 1627 arrogantiam,
649 1549 768 1629 glorias
796 1549 992 1628 cupiditatem
1017 1556 1048 1610 et
1069 1567 1117 1608 ca-

167 1630 172 1703 Ῐ’
221 1627 370 1689 Iumniandi
392 1630 525 1689 studium
548 1638 649 1706 taxat,
682 1633 772 1691 istum
794 1631 948 1691 hominem
974 1638 1118 1691 moneta

221 1713 407 1772 everentiae
431 1714 496 1773 eius
517 1714 664 1794 Intelligi,
697 1716 742 1774 sic
763 1716 871 1774 fortem
902 1713 940 1773 ad
963 1713 1117 1793 disputau-

220 1795 274 1855 dum
295 1802 460 1874 provocat,
493 1805 525 1854 ut
554 1796 700 1877 deinceps
729 1799 864 1857 omnium
889 1798 987 1856 victor
1007 1797 1116 1857 salute-

219 1889 269 1953 tur,
289 1886 446 1956 postremo
469 1878 715 1938 Curuiostedium
737 1879 891 1956 hortatur,
926 1886 959 1938 ut
989 1899 1050 1939 una
1071 1899 1116 1939 se-

167 2024 169 2031 ,
217 1978 272 2020 cum
291 1980 310 2019 a
332 1960 568 2040 DuceGeorgio
592 1970 622 2020 et
644 1970 752 2022 senatu
777 1963 925 2042 Lipsiensi
948 1962 996 2021 vel
1018 1964 1116 2041 priva·

216 2051 266 2103 tum
286 2042 388 2102 locum
410 2053 506 2122 petat,
527 2044 577 2103 ubi
601 2052 783 2124 exspectata
796 2045 961 2126 disputatio
976 2064 1118 2124 praeson-

216 2126 282 2185 tibus
301 2125 436 2186 Notariie
465 2128 639 2186 instituatur
665 2136 694 2188 et
723 2127 865 2188 absoluta
887 2127 1026 2188 Pontitici
1059 2128 1118 2188 Ro-

216 2227 294 2269 mano
315 2208 535 2289 cognoscenda
564 2209 745 2271 exhibeatur
781 2210 836 2293 (ct.
859 2211 944 2272 Luth.
967 2211 1045 2290 Epp.
1070 2211 1118 2272 ed.

189 2322 192 2329 ι
215 2291 294 2351 dun'i.
317 2291 329 2350 I
351 2312 381 2371 p.
396 2297 464 2355 aaa
487 2292 642 2352 deWette
659 2295 682 2369 I,
705 2292 960 2357 ''titiuboescheri
984 2294 1118 2354 Reform.

215 2375 273 2434 dot.
293 2374 342 2435 III.
365 2394 397 2455 p.
420 2375 480 2438 205
503 2392 568 2454 sqq.
592 2380 662 2439 559.
685 2378 776 2446 814).

284 2457 362 2516 Huic
390 2458 511 2517 Lutireri
542 2459 694 2537 epistolae
723 2459 761 2518 ad
791 2459 1038 2519 Carolostadium
1067 2459 1118 2518 da·

215 2548 257 2599 tae
286 2540 396 2600 Eccius
430 2542 479 2601 die
500 2541 566 2599 XIV
603 2543 716 2602 mensis
739 2543 836 2602 Martii
869 2560 895 2603 a..
925 2546 1001 2605 tots
1031 2561 1118 2601 suum

216 2624 349 2703 opposuit
382 2623 533 2684 libellum:
568 2624 798 2704 Disputatio
833 2634 869 2683 et
904 2625 1118 2684 Excusatio

216 2705 245 2765 D.
277 2705 356 2768 ton.
391 2706 499 2766 Eccii
533 2705 721 2768 adversus
750 2708 1064 2769 Criminatioues
1086 2706 1118 2768 F.

216 2788 357 2847 Martiui
386 2787 548 2865 Luther,
578 2790 733 2851 ordinis
763 2791 1037 2866 Eremitarum,
1071 2790 1119 2848 cui

218 2870 365 2951 adiunctae
397 2885 487 2933 erant
509 2871 652 2933 tredecim
677 2875 903 2953 propositiones
925 2873 981 2933 sub
1003 2873 1064 2931 hoc
1087 2873 1119 2931 ti-

220 2953 289 3013 tulo:
311 2954 459 3016 Contra
482 2954 510 3016 II.
534 2956 679 3015 Luther
700 2964 737 3016 et
758 2957 796 3018 D.
816 2955 1059 3015 Bodenstein
1082 2956 1129 3013 in·

220 3034 386 3114 Lipsensi
422 3038 558 3098 studio
597 3039 665 3097 has
701 3038 926 3118 disputabit
961 3039 1119 3118 positio·

223 3136 277 3178 uss
294 3120 416 3182 XXVII.
438 3120 521 3180 Iunii
544 3120 582 3181 II.
607 3122 641 3182 D.
666 3122 749 3182 XIX.
783 3122 959 3182 Loesehero
983 3137 989 3186 t
1002 3121 1038 3182 cf.
1053 3120 1118 3180 Ret.

224 3202 277 3264 tc.
296 3202 344 3263 III.
365 3223 396 3282 p.
416 3208 495 3276 563)
527 3204 605 3266 duae
637 3206 728 3266 huius
760 3205 852 3275 libelii
887 3212 1009 3284 praesto
1034 3213 1121 3264 erant

167 3298 170 3371 g
226 3283 353 3345 editIones
375 3287 573 3368 originales*
585 3305 592 3354 r
617 3289 716 3349 torma
732 3296 844 3367 quart,
877 3306 966 3366 quem
990 3306 1119 3365 sequeu-

501 3442 629 3449 ——a—--

270 3525 295 3587 't
311 3524 341 3577 Iu
358 3525 527 3578 editionibus
547 3526 727 3591 ortgi-nalibus
751 3534 793 3578 est
812 3526 892 3578 haec:
918 3525 1074 3594 Disputatio
1094 3535 1121 3581 et

313 3601 454 3669 excupatio
473 3596 585 3649 Domini
610 3598 745 3649 Iohannis
773 3598 845 3649 Decii
873 3600 1006 3650 ariveraus
1033 3602 1121 3652 erimi-

313 3669 436 3722 netiones
473 3669 499 3719 F.
527 3669 634 3721 Martini
664 3670 759 3721 Luttsr
786 3669 891 3723 ordinis
927 3669 1119 3724 Eremitorum.

304 3738 404 3787 {solta
431 3741 511 3788 torm.
539 3747 627 3806 quart.
663 3740 763 3796 tTituIi
790 3746 912 3817 pagiuae
929 3744 1069 3815 Impressa
1086 3751 1131 3798 est

280 3803 379 3916 ἔφη
400 3805 480 3873 tigno
501 3811 591 3862 incisa
616 3830 682 3869 cunr
706 3816 811 3874 littei-ts
834 3820 868 3875 a.
890 3820 921 3875 II.
943 3816 982 3874 A·
998 3817 1143 3893 *IDDD

308 3872 430 3922 uranum
448 3874 625 3954 Landeberg
644 3888 815 3968 Lipsiae-It

877 3974 937 4040 q*
