2709 4417
374 383 432 435 suit
452 375 560 451 Lipsiae
579 381 770 451 disputatisa.
788 382 862 452 XIX.
1016 378 1079 448 255

191 566 288 620 nctus
315 569 384 622 orat
411 583 467 643 pro
488 565 647 644 impietate
669 566 788 645 peccati
810 561 873 644 sui',
895 565 956 626 hoc
977 573 1078 628 autem

191 661 197 700 ·.
224 645 393 722 poenitere
405 642 520 727 utique,
542 666 601 706 nec
615 653 718 727 potest
729 648 799 726 dici,
821 649 903 728 quod
915 669 971 729 pro
993 669 1080 730 prae-

191 725 247 785 rito
260 734 317 786 aut
359 747 394 788 ro
417 749 520 808 poena
536 731 691 810 praeteriti
707 731 826 810 peccati
848 739 924 809 oret,
946 731 1002 792 sed
1023 751 1079 812 pro

191 811 324 871 essenti.
336 747 415 870 diam
430 818 464 871 ut
475 812 535 871 hoc
548 811 734 891 ostenderet,
749 813 873 874 adiecit:
888 813 1079 894 impietatem

191 892 280 951 iocati
297 894 368 970 mei,
380 913 435 972 pro
459 893 517 954 hac
538 894 646 972 orabit,
660 914 723 967 non
735 896 853 956 scilicet
866 915 922 976 pro
940 907 1079 977 peccato,

191 990 219 1034 ιο
242 975 411 1053 aliquando
433 996 535 1056 poena
556 976 758 1057 significatur,
781 977 834 1038 sed
857 997 912 1058 pro
924 980 1080 1060 impietate

191 1058 294 1135 iocati,
317 1076 397 1136 quae
418 1061 575 1138 estculpa,
596 1079 667 1120 nam
689 1079 745 1140 pro
768 1060 950 1121 remittenda
967 1069 1079 1141 oratur,

191 1159 216 1199 το
239 1141 369 1199 remissa
390 1142 504 1220 gratias
527 1143 656 1222 agimus.

243 1221 377 1300 Quarto,
399 1222 474 1283 iilud
499 1227 526 1286 1.
548 1223 681 1287 Timoth.
708 1229 739 1285 i:
768 1225 971 1302 Venitdesus
994 1226 1078 1286 Chri-
1144 1282 1153 1295 ,

192 1324 225 1363 us
246 1311 427 1382 peccatores
449 1307 553 1365 salvos
575 1306 693 1384 facere,
725 1325 852 1384 quorum
883 1309 996 1387 primus
1019 1329 1078 1389 ego

190 1407 244 1465 1m3
266 1404 329 1446 ntrn
353 1386 427 1446 dicit
447 1385 539 1469 fui1),
561 1388 616 1448 sed
639 1408 704 1448 sum
722 1386 878 1468 peccator,
898 1391 983 1450 iuxta
1003 1391 1078 1450 illud

191 1488 249 1532 om.
272 1473 306 1531 i:
346 1468 432 1547 Scio,
464 1469 545 1548 quod
569 1489 630 1530 non
653 1469 772 1530 habitat
792 1472 823 1530 in
847 1490 913 1546 me,
940 1472 1000 1532 hoc
1022 1480 1078 1550 est,

191 1572 197 1609 ι
218 1569 399 1630 carneum,
422 1550 553 1631 bonum3
575 1550 657 1632 quod
670 1552 744 1612 nolo
763 1553 886 1629 maium,
907 1553 967 1613 hoc
988 1555 1078 1616 facio.

191 1640 217 1693 t:
238 1633 306 1713 Ego
331 1639 433 1694 autem
455 1636 586 1695 carnaiis
608 1655 691 1712 sum,
714 1635 908 1696 venundatus
930 1634 985 1696 sub
1008 1655 1077 1716 pec·

191 1724 248 1793 st03
270 1717 313 1775 sic
329 1715 441 1780 Gaii:
466 1715 545 1776 Oaro
558 1718 748 1797 concupiscit
760 1718 906 1778 adversus
930 1720 1078 1798 spiritum,

191 1806 200 1857 t
219 1799 339 1877 spiritus
362 1798 509 1859 adversus
532 1819 664 1861 carnem.
707 1800 749 1858 At
765 1802 984 1879 concupiscere
1007 1820 1078 1861 con-

191 1882 381 1959 sspiritum,
415 1890 575 1961 peccatum
598 1889 660 1959 est,
693 1883 764 1960 quia
783 1882 969 1962 prohibitum
990 1902 1077 1963 prae·

191 1970 251 2042 epto
274 1963 346 2022 Dei:
369 1963 439 2024 Non
457 1966 668 2044 concupisces.
711 1962 813 2037 Quare
835 1964 896 2024 hoc
917 1974 1078 2044 peccatum

191 2052 213 2104 st
230 2047 352 2125 proprie
374 2055 553 2125 peccatum,
588 2053 618 2106 et
641 2065 696 2126 per
718 2048 939 2126 poenitentiam
962 2047 1077 2108 diluen-

191 2146 253 2205 um,
286 2129 366 2187 sicut
386 2128 476 2190 Rom.
499 2130 526 2190 6.
551 2129 656 2207 docet,
679 2128 792 2189 destrui
815 2148 926 2208 corpus
948 2133 1077 2210 peccati,

193 2219 275 2270 tnon
299 2209 426 2270 obedire
449 2209 607 2271 desideriis
631 2212 740 2273 carnis.
784 2213 825 2272 At
846 2211 999 2273 desideria
1016 2232 1078 2272 car-

191 2293 212 2351 is
231 2300 359 2372 peccate
381 2301 412 2352 et
434 2301 542 2354 contra
579 2294 679 2374 legem
704 2302 774 2354 sunt
796 2294 946 2374 divinam,
983 2314 1083 2385 quare
1135 2289 1142 2308 ⁸

191 2375 350 2435 penitentia
371 2394 428 2454 pro
452 2377 496 2436 eis
520 2395 597 2456 opus
620 2387 675 2437 est.

242 2457 367 2536 Quinto,
389 2458 461 2518 Luc.
486 2458 543 2523 13:
570 2459 701 2535 Putatis,
733 2459 805 2536 quia
836 2459 895 2536 ipsi
923 2456 1079 2518 debitores

191 2546 281 2600 uerunt
318 2560 394 2619 prae
416 2540 557 2602 omnibus
588 2537 764 2600 hominibus
790 2539 1012 2600 habitatoribus
1034 2541 1077 2599 ie-

191 2623 312 2682 realem?
336 2642 416 2701 non,
440 2621 509 2684 dico
532 2623 636 2700 vobis,
659 2623 717 2682 nisi
740 2623 962 2701 poenitentiam
984 2622 1078 2682 habuq

191 2707 254 2786 ritis,
265 2724 388 2781 ‚omnes
404 2706 494 2766 simul
507 2705 653 2786 peribitis.
696 2704 789 2781 Ecce,
812 2703 954 2765 omnibus
971 2707 1077 2784 poeni-

191 2789 284 2848 entiam
308 2788 424 2853 indicit,
467 2788 513 2848 lta
533 2787 643 2851 Lucae.
666 2784 770 2868 24²):
796 2786 939 2867 Oportuit
959 2787 1077 2866 praedi-

191 2873 221 2930 tri
242 2872 272 2930 in
295 2873 421 2931 nomine
441 2873 505 2931 eius
528 2872 750 2950 poenitentiam
773 2868 841 2951 et⁸J
866 2871 1076 2930 remissionem

191 2961 371 3032 occatorem,
404 2956 433 3014 in
469 2973 576 3014 omues
599 2960 733 3034 gentes(
761 2952 843 3012 Ecce
866 2959 962 3012 totum
986 2971 1077 3012 evan·

191 3037 271 3096 elium
301 3036 376 3096 nihil
414 3048 477 3112 est,
516 3054 606 3115 quam
640 3034 830 3116 praedicatio
858 3035 1077 3115 poeniteutiae.

191 3136 241 3199 rgo
271 3120 335 3179 vita
356 3120 536 3200 evangelica
559 3129 606 3179 est
626 3117 710 3177 aliud
732 3117 822 3196 nihil,
858 3134 949 3196 quam
972 3118 1078 3196 poeui-

192 3203 265 3262 ntia.
310 3202 385 3263 ldec
408 3202 580 3262 Bernardus
603 3212 687 3260 recte
708 3199 796 3259 dicit:
824 3199 882 3274 Qui
911 3219 973 3259 non
1004 3201 1076 3260 assi·
1112 3225 1114 3231 ·
1152 3214 1158 3227 ¹

191 3304 218 3344 ie
240 3283 280 3344 ad
302 3286 525 3366 poenitentiam
541 3285 675 3360 festinat,
697 3283 779 3342 facto
793 3282 928 3343 ostendit
949 3301 983 3342 se
1005 3301 1077 3361 poe·
1099 3336 1101 3340 ,

192 3369 289 3427 tentia
310 3388 372 3429 uon
395 3387 502 3449 egere,
535 3367 621 3446 quasi
655 3365 772 3438 scilicet
802 3366 841 3425 sit
861 3366 955 3444 longe
977 3362 1078 3424 absur-

191 3451 327 3531 ssimum,
350 3472 420 3512 esse
442 3452 590 3530 aliquem,
613 3450 663 3528 qui
676 3449 870 3530 poenitentia
892 3465 953 3506 uon
977 3453 1076 3526 egeat.

241 3535 356 3613 Sexto,
384 3541 450 3595 tota
482 3534 629 3610 ecclesia,
658 3537 738 3592 teste
770 3531 959 3612 Augustino,
982 3546 1077 3609 usque

211 3617 304 3679 fluem
329 3618 432 3678 mundi
455 3624 538 3678 orat:
570 3616 697 3677 Dimitte
725 3614 816 3676 nobis
838 3613 940 3674 debita
962 3621 1076 3674 nossa.

191 3721 242 3761 aec
262 3709 365 3761 autem
396 3721 458 3760 vox
485 3707 532 3783 est
551 3699 783 3781 poenitentiae,
818 3698 865 3760 'rta
882 3703 920 3758 ut
936 3696 1076 3767 Gitustus

191 3867 252 3925 )In
272 3867 314 3916 ed,
336 3870 426 3934 orig.:
445 3873 509 3927 soit.
530 3875 566 3936 2,
592 3877 624 3929 iu
646 3878 714 3935 edd.
736 3878 900 3953 origam.
917 3877 954 3941 'ti
970 3870 1126 3928 imonis·
