2709 4417
261 351 326 417 464
536 351 583 406 Vl.
601 349 707 411 Concio
726 351 876 417 Quomodo
898 353 934 405 sit

266 537 404 597 Christus
434 538 637 605 vastationem
660 535 851 596 Hierusalem
874 535 1024 597 describit
1043 537 1109 597 Luc
1131 544 1167 612 ta,

266 617 350 698 quod
385 618 491 680 hostes
525 637 593 677 eam
623 618 855 680 circumdabunt
889 619 990 688 vallo.
1025 627 1056 682 ut
1080 621 1169 682 nullibi

267 702 367 762 exitus
389 707 511 779 pateat,
534 720 572 761 ea
594 709 641 760 est
662 721 755 762 mors.
798 701 962 778 Secundo,
1001 702 1082 781 quod
1101 705 1169 764 undi-

266 802 326 863 que
348 784 595 862 coangustabunt
616 803 684 844 eam
708 792 739 844 et
760 793 917 863 prement,
951 787 997 844 ita
1020 792 1053 844 ut
1073 787 1172 846 nullun

267 885 396 945 usquam
408 872 557 945 appareat
575 867 731 941 auxilium,
754 867 784 926 id
800 878 855 944 est,
879 874 1054 946 peccatum.
1075 867 1173 947 Tertio,

267 948 351 1028 qnod
378 967 447 1008 eam
475 949 543 1009 solo
567 951 757 1028 aequabunt,
791 961 824 1009 ut
851 969 915 1010 non
935 951 1125 1031 relinquatur
1144 953 1173 1012 ls-

268 1033 316 1112 pis
338 1050 430 1110 super
449 1031 600 1111 lapidem:
630 1033 655 1091 is
685 1041 732 1093 est
762 1033 896 1094 infernus
925 1042 958 1094 et
980 1044 1118 1094 exuema
1137 1035 1175 1096 de·

268 1116 412 1193 sparatio.
691 1185 694 1190 Α
768 1185 774 1203 ¹

350 1196 472 1257 luferno
502 1204 603 1257 autem
638 1207 700 1258 tum
730 1199 903 1257 tentabatur
931 1198 1090 1278 Christus,
1120 1219 1175 1260 curn

268 1278 405 1340 maerent
418 1279 537 1340 ludaei:
562 1283 593 1340 ln
609 1281 706 1340 Deum
730 1289 841 1360 sperat,
863 1281 1038 1360 videamus,
1061 1303 1101 1342 au
1121 1304 1176 1343 eun
1217 1302 1218 1341 3

268 1363 307 1422 sit
328 1361 517 1424 liberaturus.
562 1363 643 1423 Dicit
670 1383 704 1422 se
733 1383 801 1423 esse
828 1362 923 1422 filium
948 1365 1017 1424 Dei.
1062 1365 1177 1426 Perinde

267 1452 360 1524 atque
382 1446 407 1504 si
429 1447 474 1504 sic
487 1445 636 1507 dicerent:
662 1447 779 1527 Dignus
799 1456 845 1506 est
859 1447 994 1523 inferno,
1015 1449 1100 1508 Deus
1121 1469 1177 1508 eun

268 1547 332 1588 non
362 1528 616 1608 praedestinavit,
650 1530 762 1591 abiecit
796 1550 883 1606 eum,
910 1530 989 1589 nihil
1017 1533 1047 1590 ei
1081 1532 1177 1610 podest

268 1609 361 1688 fides,
388 1629 479 1690 quam
503 1611 609 1689 habet,
643 1612 718 1671 nihil
741 1631 829 1692 spes,
859 1632 951 1691 quam
976 1633 1082 1673 secum
1106 1616 1177 1674 fovet

267 1696 392 1772 irritam,
416 1697 519 1754 omnia
541 1702 611 1754 sunt
632 1695 750 1758 trustra.
1028 1740 1031 1748 .

350 1777 462 1851 Porro,
494 1778 750 1856 quemadmodum
774 1778 929 1838 Christum
952 1779 993 1838 ad
1015 1779 1076 1839 hos
1098 1780 1178 1838 insul·

268 1867 316 1919 tus
337 1858 472 1920 Satanae
493 1868 596 1920 tacere
617 1861 772 1937 videmus,
805 1863 846 1920 ita
869 1881 927 1920 nos
950 1879 1076 1940 quoque
1097 1863 1178 1922 facia

269 1962 344 2020 mus,
367 1961 429 2002 uon
452 1943 634 2004 colluctatur
655 1963 723 2002 cum
747 1945 793 2003 his
816 1943 975 2024 hostibus,
999 1945 1127 2025 negligit
1153 1955 1179 2005 et

269 2026 438 2086 coutemnit
465 2044 534 2104 eos,
570 2027 697 2107 perinde
724 2035 816 2104 atque
846 2027 871 2085 si
899 2046 955 2087 eos
986 2047 1046 2088 nec
1073 2029 1179 2088 videret

268 2128 368 2187 neque
389 2107 515 2170 audiret.
554 2109 593 2170 Et
614 2129 690 2169 saue
711 2110 782 2188 quid
805 2109 972 2189 profuisset
993 2114 1178 2189 quantumvis

269 2194 346 2251 acris
369 2192 561 2271 colluctatio,
595 2194 692 2272 magis
722 2211 776 2252 eos
805 2194 973 2270 irritasset,
1006 2212 1045 2252 ac
1065 2194 1178 2273 gravius

268 2276 299 2333 in
322 2294 356 2333 se
377 2277 596 2335 commovisset
617 2295 681 2337 eos.
729 2275 796 2334 Hoc
819 2275 913 2335 multo
937 2277 1108 2336 consultius
1129 2289 1178 2349 est,

269 2358 350 2436 quod
373 2359 404 2416 in
428 2357 615 2418 voluntatem
639 2359 734 2418 Patris
761 2359 807 2417 sui
830 2360 972 2437 respicit,
1002 2359 1085 2438 quod
1109 2379 1177 2419 mor·

270 2448 341 2518 tem,
363 2449 492 2519 peccata
513 2461 583 2518 sua,
615 2460 653 2500 ac
673 2442 823 2500 infernum
847 2461 972 2520 prorsus
991 2442 1132 2522 negligit,
1152 2454 1178 2502 et

270 2523 510 2603 crucifigentium
534 2543 581 2601 se,
618 2526 681 2584 imo
715 2526 849 2585 omnium
878 2536 1015 2584 nostrum
1049 2534 1176 2599 mortem,

269 2614 407 2686 peccata,
429 2615 460 2667 et
481 2608 629 2667 infernum
653 2606 842 2686 deprecatur.

351 2689 408 2749 Est
442 2699 543 2750 autem
579 2690 668 2750 nobis
701 2690 760 2751 hoc
789 2691 901 2751 Christi
937 2691 1113 2770 exemplum
1143 2691 1175 2750 ad

269 2773 470 2832 imitationem
504 2775 716 2853 propositum,
748 2786 779 2833 ut
812 2773 886 2832 nihil
923 2793 1103 2838 moveamur
1131 2774 1173 2832 illa
1217 2842 1218 2847 η

271 2856 392 2935 mortis,
424 2857 545 2936 peccati
566 2864 597 2916 et
618 2857 727 2916 infami
749 2857 841 2934 facie,
869 2856 924 2915 sed
947 2856 1059 2916 saltem
1081 2859 1109 2916 in
1128 2857 1172 2916 Dei

271 2939 459 3000 voluntatem
488 2941 697 3020 respiciamus.
740 2939 787 2999 Ea
813 2941 894 2998 eninr
923 2948 971 2999 est
999 2939 1124 3000 haerere
1147 2941 1171 2997 in

270 3021 408 3100 Christo,
442 3030 474 3082 et
500 3030 677 3083 constanter
704 3023 846 3100 credere,
879 3031 1017 3082 nostram
1047 3031 1171 3097 mortem,

269 3113 397 3184 peecata
426 3114 457 3165 et
484 3107 634 3167 infernum
664 3108 837 3186 peripsum
860 3105 997 3183 devicta,
1029 3106 1103 3166 nibil
1123 3124 1170 3164 am-

269 3188 348 3267 phus
371 3188 459 3249 nobis
481 3208 594 3249 nocere
616 3209 716 3268 posse.
761 3189 811 3249 Ad
838 3189 920 3248 huna
942 3189 1068 3250 modum
1091 3188 1169 3248 solius
1217 3218 1218 3237 r

270 3270 382 3331 christi
414 3273 517 3352 imago
544 3274 656 3332 nostris
689 3274 838 3333 mentibus
870 3274 1021 3350 impressa
1045 3291 1113 3333 esse
1131 3270 1170 3330 de·

271 3354 337 3432 bat,
365 3375 432 3415 eam
456 3356 611 3415 obversari
639 3376 761 3435 semper
788 3357 881 3415 animi
911 3355 1009 3415 oculis
1032 3356 1171 3427 oorrvenit,

269 3444 302 3496 ut
325 3457 392 3497 eum
415 3439 468 3498 illo
492 3439 559 3499 solo
583 3438 773 3519 disputemus
796 3446 827 3498 et
849 3458 987 3518 agamus,
1009 3438 1065 3498 illa
1086 3449 1170 3497 auten

270 3519 403 3582 Satanae
441 3539 521 3580 vana
549 3524 794 3583 terriculamenta
832 3522 920 3582 firma
957 3520 1018 3582 fide
1053 3530 1171 3582 coutem-

155 3612 159 3618 ’
268 3626 386 3668 namus.
713 3635 729 3666 ο

352 3691 467 3768 Quinto
490 3692 627 3770 decimo,
647 3692 708 3750 iam
733 3688 897 3749 commode
918 3687 1056 3748 redimus
1079 3689 1116 3748 ad
1135 3707 1174 3746 sa·

264 3785 445 3861 crementa,
469 3786 505 3842 et
523 3776 567 3839 ad
588 3795 699 3838 eorum
717 3773 804 3849 uim,
822 3767 1123 3858 opumfruticant,xo⁸
1134 3770 1183 3852 mss

258 3885 390 3953 camus,
417 3868 490 3951 quis
516 3882 632 3930 eorum
653 3859 701 3924 sit
716 3870 816 3927 ususs
832 3855 869 3909 “l
888 3844 965 3920 num
978 3849 1109 3915 imm
1120 3841 1213 3895 m·
