<?xml version="1.0" encoding="UTF-8"?>
<!DOCTYPE html PUBLIC "-//W3C//DTD XHTML 1.0 Transitional//EN"
    "http://www.w3.org/TR/xhtml1/DTD/xhtml1-transitional.dtd">
<html xmlns="http://www.w3.org/1999/xhtml" xml:lang="en" lang="en">
 <head>
  <title>
</title>
<meta http-equiv="Content-Type" content="text/html;charset=utf-8" />
  <meta name='ocr-system' content='tesseract 3.04.00' />
  <meta name='ocr-capabilities' content='ocr_page ocr_carea ocr_par ocr_line ocrx_word'/>
</head>
<body>
  <div class='ocr_page' id='page_1' title='image "./operalatinavari00schmgoog_0092.png"; bbox 0 0 2709 4417; ppageno 0'>
   <div class='ocr_carea' id='block_1_1' title="bbox 241 342 928 414">
    <p class='ocr_par' dir='ltr' id='par_1_1' title="bbox 241 342 928 414">
     <span class='ocr_line' id='line_1_1' title="bbox 241 342 928 414; baseline -0.009 -11"><span class='ocrx_word' id='word_1_1' title='bbox 241 343 286 413; x_wconf 78' lang='grc'>80</span> <span class='ocrx_word' id='word_1_2' title='bbox 409 343 564 414; x_wconf 74' lang='lat' dir='ltr'><strong>Disputatio</strong></span> <span class='ocrx_word' id='word_1_3' title='bbox 585 344 693 413; x_wconf 73' lang='lat' dir='ltr'>Lmsiae</span> <span class='ocrx_word' id='word_1_4' title='bbox 711 345 806 399; x_wconf 82' lang='lat' dir='ltr'>habita</span> <span class='ocrx_word' id='word_1_5' title='bbox 824 364 849 400; x_wconf 77' lang='lat' dir='ltr'>a</span> <span class='ocrx_word' id='word_1_6' title='bbox 870 342 928 399; x_wconf 82' lang='lat' dir='ltr'>xlx</span> 
     </span>
    </p>
   </div>
   <div class='ocr_carea' id='block_1_2' title="bbox 148 531 1186 3513">
    <p class='ocr_par' dir='ltr' id='par_1_2' title="bbox 148 531 1138 612">
     <span class='ocr_line' id='line_1_2' title="bbox 148 531 1138 612; baseline 0.007 -19"><span class='ocrx_word' id='word_1_7' title='bbox 148 560 151 565; x_wconf 56' lang='lat'>&gt;</span> <span class='ocrx_word' id='word_1_8' title='bbox 246 533 305 593; x_wconf 90' lang='lat' dir='ltr'>tius</span> <span class='ocrx_word' id='word_1_9' title='bbox 329 533 489 611; x_wconf 88' lang='lat' dir='ltr'>ecclesiae,</span> <span class='ocrx_word' id='word_1_10' title='bbox 511 532 572 593; x_wconf 91' lang='lat' dir='ltr'>hoc</span> <span class='ocrx_word' id='word_1_11' title='bbox 593 531 725 593; x_wconf 90' lang='lat' dir='ltr'>debebat</span> <span class='ocrx_word' id='word_1_12' title='bbox 745 531 877 612; x_wconf 86' lang='lat' dir='ltr'>probare</span> <span class='ocrx_word' id='word_1_13' title='bbox 888 533 1039 594; x_wconf 89' lang='lat' dir='ltr'>Dominus</span> <span class='ocrx_word' id='word_1_14' title='bbox 1059 534 1138 599; x_wconf 85' lang='lat' dir='ltr'>Pater.</span> 
     </span>
    </p>

    <p class='ocr_par' dir='ltr' id='par_1_3' title="bbox 245 615 1141 696">
     <span class='ocr_line' id='line_1_3' title="bbox 245 615 1141 696; baseline 0 -19"><span class='ocrx_word' id='word_1_15' title='bbox 245 615 339 677; x_wconf 80' lang='lat' dir='ltr'>Sexta</span> <span class='ocrx_word' id='word_1_16' title='bbox 366 625 467 676; x_wconf 89' lang='lat' dir='ltr'>autern</span> <span class='ocrx_word' id='word_1_17' title='bbox 495 615 632 696; x_wconf 82' lang='lat' dir='ltr'>synodus</span> <span class='ocrx_word' id='word_1_18' title='bbox 654 635 800 695; x_wconf 83' lang='lat' dir='ltr'>expresse</span> <span class='ocrx_word' id='word_1_19' title='bbox 827 617 956 695; x_wconf 90' lang='lat' dir='ltr'>primam</span> <span class='ocrx_word' id='word_1_20' title='bbox 979 616 1079 677; x_wconf 89' lang='lat' dir='ltr'>sedern</span> <span class='ocrx_word' id='word_1_21' title='bbox 1102 617 1141 683; x_wconf 80' lang='lat' dir='ltr'>dat</span> 
     </span>
    </p>

    <p class='ocr_par' dir='ltr' id='par_1_4' title="bbox 192 698 1140 776">
     <span class='ocr_line' id='line_1_4' title="bbox 192 698 1140 776; baseline 0.004 -17"><span class='ocrx_word' id='word_1_22' title='bbox 192 706 194 711; x_wconf 86' lang='lat'>&#39;</span> <span class='ocrx_word' id='word_1_23' title='bbox 244 699 403 759; x_wconf 83' lang='lat' dir='ltr'><strong>Romanae</strong></span> <span class='ocrx_word' id='word_1_24' title='bbox 435 698 599 776; x_wconf 86' lang='lat' dir='ltr'>ecclesiae,</span> <span class='ocrx_word' id='word_1_25' title='bbox 638 717 717 776; x_wconf 89' lang='lat' dir='ltr'>qnae</span> <span class='ocrx_word' id='word_1_26' title='bbox 738 700 952 759; x_wconf 90' lang='lat' dir='ltr'>transsumitur</span> <span class='ocrx_word' id='word_1_27' title='bbox 979 699 1057 760; x_wconf 83' lang='lat' dir='ltr'>xxu</span> <span class='ocrx_word' id='word_1_28' title='bbox 1089 700 1140 763; x_wconf 82' lang='lat' dir='ltr'>dist</span> 
     </span>
    </p>

    <p class='ocr_par' dir='ltr' id='par_1_5' title="bbox 247 780 1143 863">
     <span class='ocr_line' id='line_1_5' title="bbox 247 780 1143 863; baseline 0.002 -22"><span class='ocrx_word' id='word_1_29' title='bbox 247 780 338 857; x_wconf 81' lang='lat' dir='ltr'>Quod</span> <span class='ocrx_word' id='word_1_30' title='bbox 360 790 391 841; x_wconf 91' lang='lat' dir='ltr'>et</span> <span class='ocrx_word' id='word_1_31' title='bbox 413 781 474 841; x_wconf 87' lang='lat' dir='ltr'>Leo</span> <span class='ocrx_word' id='word_1_32' title='bbox 497 800 577 860; x_wconf 91' lang='lat' dir='ltr'>papa</span> <span class='ocrx_word' id='word_1_33' title='bbox 599 789 706 841; x_wconf 84' lang='lat' dir='ltr'>contra</span> <span class='ocrx_word' id='word_1_34' title='bbox 734 783 949 861; x_wconf 77' lang='lat' dir='ltr'><strong>imperatorem</strong></span> <span class='ocrx_word' id='word_1_35' title='bbox 972 781 1143 863; x_wconf 79' lang='lat' dir='ltr'>Michaelon,</span> 
     </span>
    </p>

    <p class='ocr_par' dir='ltr' id='par_1_6' title="bbox 245 863 1143 1026">
     <span class='ocr_line' id='line_1_6' title="bbox 246 863 1143 947; baseline 0.002 -22"><span class='ocrx_word' id='word_1_36' title='bbox 246 872 278 925; x_wconf 89' lang='lat' dir='ltr'>et</span> <span class='ocrx_word' id='word_1_37' title='bbox 297 864 332 924; x_wconf 89' lang='grc' dir='ltr'>Β.</span> <span class='ocrx_word' id='word_1_38' title='bbox 354 863 520 944; x_wconf 82' lang='lat' dir='ltr'>Gregorius</span> <span class='ocrx_word' id='word_1_39' title='bbox 552 871 659 924; x_wconf 91' lang='lat' dir='ltr'>contra</span> <span class='ocrx_word' id='word_1_40' title='bbox 687 864 860 925; x_wconf 75' lang='lat' dir='ltr'>iohannem</span> <span class='ocrx_word' id='word_1_41' title='bbox 882 863 1143 947; x_wconf 79' lang='lat' dir='ltr'>Constantinopoli</span> 
     </span>
     <span class='ocr_line' id='line_1_7' title="bbox 245 946 1005 1026; baseline 0 -18"><span class='ocrx_word' id='word_1_42' title='bbox 245 955 349 1008; x_wconf 85' lang='lat' dir='ltr'>tanum</span> <span class='ocrx_word' id='word_1_43' title='bbox 373 954 403 1006; x_wconf 93' lang='lat' dir='ltr'>et</span> <span class='ocrx_word' id='word_1_44' title='bbox 425 946 602 1007; x_wconf 85' lang='lat' dir='ltr'>Mauricium</span> <span class='ocrx_word' id='word_1_45' title='bbox 625 947 841 1026; x_wconf 79' lang='lat' dir='ltr'>imperatorem</span> <span class='ocrx_word' id='word_1_46' title='bbox 864 946 1005 1009; x_wconf 80' lang='lat' dir='ltr'>obtinuit.</span> 
     </span>
    </p>

    <p class='ocr_par' dir='ltr' id='par_1_7' title="bbox 245 1028 1156 2000">
     <span class='ocr_line' id='line_1_8' title="bbox 327 1028 1145 1108; baseline 0.001 -18"><span class='ocrx_word' id='word_1_47' title='bbox 327 1029 417 1090; x_wconf 90' lang='lat' dir='ltr'>Unde</span> <span class='ocrx_word' id='word_1_48' title='bbox 439 1028 591 1090; x_wconf 89' lang='lat' dir='ltr'>hocloco</span> <span class='ocrx_word' id='word_1_49' title='bbox 613 1028 643 1088; x_wconf 92' lang='lat' dir='ltr'>id</span> <span class='ocrx_word' id='word_1_50' title='bbox 667 1048 789 1108; x_wconf 90' lang='lat' dir='ltr'>quoque</span> <span class='ocrx_word' id='word_1_51' title='bbox 811 1031 964 1090; x_wconf 83' lang='lat' dir='ltr'>excutiam</span> <span class='ocrx_word' id='word_1_52' title='bbox 987 1029 1026 1091; x_wconf 88' lang='lat' dir='ltr'>dc</span> <span class='ocrx_word' id='word_1_53' title='bbox 1044 1030 1145 1099; x_wconf 79' lang='lat' dir='ltr'>B.Gra¹</span> 
     </span>
     <span class='ocr_line' id='line_1_9' title="bbox 245 1106 1146 1193; baseline 0.003 -21"><span class='ocrx_word' id='word_1_54' title='bbox 245 1113 343 1193; x_wconf 88' lang='lat' dir='ltr'>gorio,</span> <span class='ocrx_word' id='word_1_55' title='bbox 366 1131 456 1191; x_wconf 86' lang='lat' dir='ltr'>quem</span> <span class='ocrx_word' id='word_1_56' title='bbox 479 1113 522 1171; x_wconf 91' lang='lat' dir='ltr'>ita</span> <span class='ocrx_word' id='word_1_57' title='bbox 532 1111 657 1187; x_wconf 87' lang='lat' dir='ltr'>inducit,</span> <span class='ocrx_word' id='word_1_58' title='bbox 681 1106 886 1192; x_wconf 80' lang='lat' dir='ltr'>utpr&#39;irnatum</span> <span class='ocrx_word' id='word_1_59' title='bbox 909 1114 1058 1188; x_wconf 88' lang='lat' dir='ltr'>reiecerit,</span> <span class='ocrx_word' id='word_1_60' title='bbox 1078 1114 1146 1193; x_wconf 86' lang='lat' dir='ltr'>quod</span> 
     </span>
     <span class='ocr_line' id='line_1_10' title="bbox 246 1194 1147 1275; baseline 0.004 -20"><span class='ocrx_word' id='word_1_61' title='bbox 246 1202 367 1256; x_wconf 87' lang='lat' dir='ltr'>constat</span> <span class='ocrx_word' id='word_1_62' title='bbox 389 1214 457 1255; x_wconf 89' lang='lat' dir='ltr'>esse</span> <span class='ocrx_word' id='word_1_63' title='bbox 479 1194 690 1273; x_wconf 84' lang='lat' dir='ltr'>falsissimum,</span> <span class='ocrx_word' id='word_1_64' title='bbox 714 1213 781 1255; x_wconf 91' lang='lat' dir='ltr'>cum</span> <span class='ocrx_word' id='word_1_65' title='bbox 803 1196 952 1275; x_wconf 90' lang='lat' dir='ltr'>Platynae</span> <span class='ocrx_word' id='word_1_66' title='bbox 974 1202 1088 1257; x_wconf 84' lang='lat' dir='ltr'>tantum</span> <span class='ocrx_word' id='word_1_67' title='bbox 1109 1198 1147 1259; x_wconf 83' lang='lat' dir='ltr'>ui·</span> 
     </span>
     <span class='ocr_line' id='line_1_11' title="bbox 248 1276 1148 1357; baseline 0.002 -20"><span class='ocrx_word' id='word_1_68' title='bbox 248 1276 330 1356; x_wconf 79' lang='lat' dir='ltr'>bnat,</span> <span class='ocrx_word' id='word_1_69' title='bbox 351 1279 402 1356; x_wconf 92' lang='lat' dir='ltr'>qui</span> <span class='ocrx_word' id='word_1_70' title='bbox 425 1278 471 1338; x_wconf 88' lang='lat' dir='ltr'>sio</span> <span class='ocrx_word' id='word_1_71' title='bbox 494 1276 532 1336; x_wconf 90' lang='lat' dir='ltr'>de</span> <span class='ocrx_word' id='word_1_72' title='bbox 554 1276 584 1337; x_wconf 85' lang='lat' dir='ltr'>S.</span> <span class='ocrx_word' id='word_1_73' title='bbox 607 1276 758 1357; x_wconf 82' lang='lat' dir='ltr'>Gregorio</span> <span class='ocrx_word' id='word_1_74' title='bbox 773 1278 887 1339; x_wconf 81' lang='lat' dir='ltr'>scribit</span> <span class='ocrx_word' id='word_1_75' title='bbox 904 1278 1068 1339; x_wconf 86' lang='lat' dir='ltr'>Praeterea</span> <span class='ocrx_word' id='word_1_76' title='bbox 1089 1298 1148 1340; x_wconf 84' lang='lat' dir='ltr'>voro</span> 
     </span>
     <span class='ocr_line' id='line_1_12' title="bbox 246 1359 1150 1441; baseline 0.002 -20"><span class='ocrx_word' id='word_1_77' title='bbox 246 1379 316 1421; x_wconf 89' lang='lat' dir='ltr'>cum</span> <span class='ocrx_word' id='word_1_78' title='bbox 349 1360 524 1420; x_wconf 79' lang='lat' dir='ltr'>lohannes&#39;</span> <span class='ocrx_word' id='word_1_79' title='bbox 547 1359 781 1440; x_wconf 86' lang='lat' dir='ltr'>Constantinop.</span> <span class='ocrx_word' id='word_1_80' title='bbox 824 1361 1019 1441; x_wconf 81' lang='lat' dir='ltr'>Episcopus,</span> <span class='ocrx_word' id='word_1_81' title='bbox 1060 1361 1150 1423; x_wconf 81' lang='lat' dir='ltr'>habitu</span> 
     </span>
     <span class='ocr_line' id='line_1_13' title="bbox 247 1442 1156 1523; baseline 0 -19"><span class='ocrx_word' id='word_1_82' title='bbox 247 1442 436 1505; x_wconf 87' lang='lat' dir='ltr'>Graecorum</span> <span class='ocrx_word' id='word_1_83' title='bbox 459 1442 596 1522; x_wconf 83' lang='lat' dir='ltr'>synodo,</span> <span class='ocrx_word' id='word_1_84' title='bbox 620 1444 769 1523; x_wconf 90' lang='lat' dir='ltr'>seipsum</span> <span class='ocrx_word' id='word_1_85' title='bbox 792 1446 1036 1521; x_wconf 90' lang='lat' dir='ltr'>oecumenicum,</span> <span class='ocrx_word' id='word_1_86' title='bbox 1056 1443 1086 1504; x_wconf 94' lang='lat' dir='ltr'>id</span> <span class='ocrx_word' id='word_1_87' title='bbox 1105 1452 1156 1523; x_wconf 63' lang='lat' dir='ltr'>est·</span> 
     </span>
     <span class='ocr_line' id='line_1_14' title="bbox 246 1524 1152 1607; baseline 0.004 -23"><span class='ocrx_word' id='word_1_88' title='bbox 246 1524 450 1586; x_wconf 88' lang='lat' dir='ltr'>universalem</span> <span class='ocrx_word' id='word_1_89' title='bbox 473 1525 675 1605; x_wconf 75' lang='lat' dir='ltr'>patriarcham</span> <span class='ocrx_word' id='word_1_90' title='bbox 699 1534 842 1604; x_wconf 84' lang='lat' dir='ltr'>creasset,</span> <span class='ocrx_word' id='word_1_91' title='bbox 866 1528 1038 1589; x_wconf 89' lang='lat' dir='ltr'>monuisset</span> <span class='ocrx_word' id='word_1_92' title='bbox 1049 1525 1152 1607; x_wconf 80' lang='lat' dir='ltr'>Gregc</span> 
     </span>
     <span class='ocr_line' id='line_1_15' title="bbox 246 1607 1153 1690; baseline 0.003 -22"><span class='ocrx_word' id='word_1_93' title='bbox 246 1610 322 1668; x_wconf 92' lang='lat' dir='ltr'>rium</span> <span class='ocrx_word' id='word_1_94' title='bbox 344 1607 515 1685; x_wconf 75' lang='lat' dir='ltr'>Mauricius,</span> <span class='ocrx_word' id='word_1_95' title='bbox 537 1616 570 1667; x_wconf 93' lang='lat' dir='ltr'>ut</span> <span class='ocrx_word' id='word_1_96' title='bbox 590 1607 725 1668; x_wconf 86' lang='lat' dir='ltr'>Johanni</span> <span class='ocrx_word' id='word_1_97' title='bbox 747 1609 985 1689; x_wconf 80' lang='lat' dir='ltr'>obtemperaret,</span> <span class='ocrx_word' id='word_1_98' title='bbox 1007 1607 1153 1690; x_wconf 85' lang='lat' dir='ltr'>respondit</span> 
     </span>
     <span class='ocr_line' id='line_1_16' title="bbox 250 1690 1153 1773; baseline 0.003 -23"><span class='ocrx_word' id='word_1_99' title='bbox 250 1690 343 1752; x_wconf 92' lang='lat' dir='ltr'>homo</span> <span class='ocrx_word' id='word_1_100' title='bbox 367 1691 536 1751; x_wconf 87' lang='lat' dir='ltr'>constantis</span> <span class='ocrx_word' id='word_1_101' title='bbox 558 1691 672 1770; x_wconf 89' lang='lat' dir='ltr'>ingenii</span> <span class='ocrx_word' id='word_1_102' title='bbox 695 1691 818 1767; x_wconf 83' lang='lat' dir='ltr'>etfidei,</span> <span class='ocrx_word' id='word_1_103' title='bbox 841 1699 1028 1773; x_wconf 89' lang='lat' dir='ltr'>potestatem</span> <span class='ocrx_word' id='word_1_104' title='bbox 1050 1691 1153 1773; x_wconf 88' lang='lat' dir='ltr'>ligandi</span> 
     </span>
     <span class='ocr_line' id='line_1_17' title="bbox 245 1772 1154 1854; baseline 0.003 -21"><span class='ocrx_word' id='word_1_105' title='bbox 245 1782 337 1852; x_wconf 90' lang='lat' dir='ltr'>atque</span> <span class='ocrx_word' id='word_1_106' title='bbox 349 1772 489 1834; x_wconf 83' lang='lat' dir='ltr'>solvendi</span> <span class='ocrx_word' id='word_1_107' title='bbox 501 1774 591 1834; x_wconf 89' lang='lat' dir='ltr'>Petro</span> <span class='ocrx_word' id='word_1_108' title='bbox 609 1773 761 1853; x_wconf 88' lang='lat' dir='ltr'>traditam,</span> <span class='ocrx_word' id='word_1_109' title='bbox 784 1777 911 1854; x_wconf 88' lang='lat' dir='ltr'>eiusque</span> <span class='ocrx_word' id='word_1_110' title='bbox 924 1774 1154 1852; x_wconf 84' lang='lat' dir='ltr'>successoribus,</span> 
     </span>
     <span class='ocr_line' id='line_1_18' title="bbox 246 1855 1154 1938; baseline 0.002 -22"><span class='ocrx_word' id='word_1_111' title='bbox 246 1875 309 1927; x_wconf 89' lang='lat' dir='ltr'>non</span> <span class='ocrx_word' id='word_1_112' title='bbox 332 1858 484 1936; x_wconf 87' lang='lat' dir='ltr'>episcopis</span> <span class='ocrx_word' id='word_1_113' title='bbox 507 1855 872 1937; x_wconf 76' lang='lat' dir='ltr'>constantinopolitanis,</span> <span class='ocrx_word' id='word_1_114' title='bbox 894 1858 1026 1938; x_wconf 90' lang='lat' dir='ltr'>proinde</span> <span class='ocrx_word' id='word_1_115' title='bbox 1047 1857 1154 1919; x_wconf 79' lang='lat' dir='ltr'>desino</span> 
     </span>
     <span class='ocr_line' id='line_1_19' title="bbox 246 1939 764 2000; baseline 0.004 -2"><span class='ocrx_word' id='word_1_116' title='bbox 246 1949 292 1999; x_wconf 91' lang='lat' dir='ltr'>ret</span> <span class='ocrx_word' id='word_1_117' title='bbox 312 1940 388 1999; x_wconf 91' lang='lat' dir='ltr'>iram</span> <span class='ocrx_word' id='word_1_118' title='bbox 410 1939 467 1998; x_wconf 92' lang='lat' dir='ltr'>Dei</span> <span class='ocrx_word' id='word_1_119' title='bbox 490 1939 520 1998; x_wconf 94' lang='lat' dir='ltr'>in</span> <span class='ocrx_word' id='word_1_120' title='bbox 543 1958 576 1998; x_wconf 88' lang='lat' dir='ltr'>se</span> <span class='ocrx_word' id='word_1_121' title='bbox 599 1941 764 2000; x_wconf 86' lang='lat' dir='ltr'>concitare.</span> 
     </span>
    </p>

    <p class='ocr_par' dir='ltr' id='par_1_8' title="bbox 328 2021 1155 2101">
     <span class='ocr_line' id='line_1_20' title="bbox 328 2021 1155 2101; baseline 0.002 -20"><span class='ocrx_word' id='word_1_122' title='bbox 328 2021 376 2081; x_wconf 80' lang='lat' dir='ltr'>Ex</span> <span class='ocrx_word' id='word_1_123' title='bbox 399 2041 460 2101; x_wconf 91' lang='lat' dir='ltr'>quo</span> <span class='ocrx_word' id='word_1_124' title='bbox 483 2021 798 2101; x_wconf 87' lang='lat' dir='ltr'>constatGregorium</span> <span class='ocrx_word' id='word_1_125' title='bbox 821 2024 887 2084; x_wconf 90' lang='lat' dir='ltr'>sine</span> <span class='ocrx_word' id='word_1_126' title='bbox 908 2023 1003 2084; x_wconf 92' lang='lat' dir='ltr'>dubio</span> <span class='ocrx_word' id='word_1_127' title='bbox 1026 2029 1155 2084; x_wconf 88' lang='lat' dir='ltr'>sanctum</span> 
     </span>
    </p>

    <p class='ocr_par' dir='ltr' id='par_1_9' title="bbox 209 2102 1186 2353">
     <span class='ocr_line' id='line_1_21' title="bbox 209 2102 1156 2184; baseline 0.001 -19"><span class='ocrx_word' id='word_1_128' title='bbox 209 2104 212 2109; x_wconf 80' lang='grc'><strong>’</strong></span> <span class='ocrx_word' id='word_1_129' title='bbox 250 2111 281 2165; x_wconf 93' lang='lat' dir='ltr'>et</span> <span class='ocrx_word' id='word_1_130' title='bbox 301 2102 446 2164; x_wconf 88' lang='lat' dir='ltr'>humilem</span> <span class='ocrx_word' id='word_1_131' title='bbox 469 2105 589 2164; x_wconf 89' lang='lat' dir='ltr'>Patrem</span> <span class='ocrx_word' id='word_1_132' title='bbox 612 2106 772 2184; x_wconf 90' lang='lat' dir='ltr'>primatum</span> <span class='ocrx_word' id='word_1_133' title='bbox 795 2125 857 2166; x_wconf 94' lang='lat' dir='ltr'>non</span> <span class='ocrx_word' id='word_1_134' title='bbox 880 2106 981 2166; x_wconf 89' lang='lat' dir='ltr'>solum</span> <span class='ocrx_word' id='word_1_135' title='bbox 1005 2125 1069 2167; x_wconf 92' lang='lat' dir='ltr'>non</span> <span class='ocrx_word' id='word_1_136' title='bbox 1089 2106 1156 2169; x_wconf 81' lang='lat' dir='ltr'>reie</span> 
     </span>
     <span class='ocr_line' id='line_1_22' title="bbox 247 2186 1186 2269; baseline 0.002 -22"><span class='ocrx_word' id='word_1_137' title='bbox 247 2187 341 2263; x_wconf 84' lang='lat' dir='ltr'>cisse,</span> <span class='ocrx_word' id='word_1_138' title='bbox 377 2186 432 2248; x_wconf 87' lang='lat' dir='ltr'>aed</span> <span class='ocrx_word' id='word_1_139' title='bbox 465 2188 556 2246; x_wconf 89' lang='lat' dir='ltr'>etiem</span> <span class='ocrx_word' id='word_1_140' title='bbox 580 2189 747 2248; x_wconf 74' lang='lat' dir='ltr'>asseruisse</span> <span class='ocrx_word' id='word_1_141' title='bbox 768 2197 876 2250; x_wconf 84' lang='lat' dir='ltr'>contra</span> <span class='ocrx_word' id='word_1_142' title='bbox 894 2189 1110 2269; x_wconf 88' lang='lat' dir='ltr'>imperatorem</span> <span class='ocrx_word' id='word_1_143' title='bbox 1131 2186 1186 2249; x_wconf 84' lang='lat' dir='ltr'>ct&#39;</span> 
     </span>
     <span class='ocr_line' id='line_1_23' title="bbox 246 2269 1156 2353; baseline 0.002 -22"><span class='ocrx_word' id='word_1_144' title='bbox 246 2270 419 2331; x_wconf 71' lang='lat' dir='ltr'>iohannem</span> <span class='ocrx_word' id='word_1_145' title='bbox 443 2271 621 2349; x_wconf 89' lang='lat' dir='ltr'>episcopum</span> <span class='ocrx_word' id='word_1_146' title='bbox 646 2270 881 2351; x_wconf 72' lang='lat' dir='ltr'>constantinop.</span> <span class='ocrx_word' id='word_1_147' title='bbox 905 2269 948 2353; x_wconf 83' lang='lat'>¹).</span> <span class='ocrx_word' id='word_1_148' title='bbox 993 2271 1084 2333; x_wconf 90' lang='lat' dir='ltr'>Unde</span> <span class='ocrx_word' id='word_1_149' title='bbox 1104 2290 1156 2352; x_wconf 74' lang='lat' dir='ltr'>ego</span> 
     </span>
    </p>

    <p class='ocr_par' dir='ltr' id='par_1_10' title="bbox 199 2351 1160 2764">
     <span class='ocr_line' id='line_1_24' title="bbox 199 2351 1157 2434; baseline 0.001 -21"><span class='ocrx_word' id='word_1_150' title='bbox 199 2351 206 2366; x_wconf 83' lang='lat'><strong><em>&#39;</em></strong></span> <span class='ocrx_word' id='word_1_151' title='bbox 246 2353 321 2415; x_wconf 92' lang='lat' dir='ltr'>nolo</span> <span class='ocrx_word' id='word_1_152' title='bbox 349 2361 410 2413; x_wconf 88' lang='lat' dir='ltr'>tam</span> <span class='ocrx_word' id='word_1_153' title='bbox 440 2359 546 2412; x_wconf 87' lang='lat' dir='ltr'>sancto</span> <span class='ocrx_word' id='word_1_154' title='bbox 568 2354 650 2414; x_wconf 89' lang='lat' dir='ltr'>Patri</span> <span class='ocrx_word' id='word_1_155' title='bbox 671 2354 846 2434; x_wconf 85' lang='lat' dir='ltr'>imponere,</span> <span class='ocrx_word' id='word_1_156' title='bbox 875 2354 957 2433; x_wconf 91' lang='lat' dir='ltr'>quod</span> <span class='ocrx_word' id='word_1_157' title='bbox 980 2353 1157 2417; x_wconf 88' lang='lat' dir='ltr'>reverendus</span> 
     </span>
     <span class='ocr_line' id='line_1_25' title="bbox 251 2436 1159 2519; baseline 0.003 -23"><span class='ocrx_word' id='word_1_158' title='bbox 251 2436 351 2514; x_wconf 88' lang='lat' dir='ltr'>Pater,</span> <span class='ocrx_word' id='word_1_159' title='bbox 372 2446 406 2495; x_wconf 94' lang='lat' dir='ltr'>ut</span> <span class='ocrx_word' id='word_1_160' title='bbox 427 2436 472 2496; x_wconf 92' lang='lat' dir='ltr'>sui</span> <span class='ocrx_word' id='word_1_161' title='bbox 497 2437 621 2496; x_wconf 89' lang='lat' dir='ltr'>minime</span> <span class='ocrx_word' id='word_1_162' title='bbox 643 2446 800 2515; x_wconf 88' lang='lat' dir='ltr'>constans,</span> <span class='ocrx_word' id='word_1_163' title='bbox 823 2436 1018 2513; x_wconf 86' lang='lat' dir='ltr'>contraria²)</span> <span class='ocrx_word' id='word_1_164' title='bbox 1043 2445 1075 2499; x_wconf 90' lang='lat' dir='ltr'>et</span> <span class='ocrx_word' id='word_1_165' title='bbox 1093 2456 1159 2519; x_wconf 82' lang='lat' dir='ltr'>pug-</span> 
     </span>
     <span class='ocr_line' id='line_1_26' title="bbox 253 2518 1160 2598; baseline 0.003 -20"><span class='ocrx_word' id='word_1_166' title='bbox 253 2521 358 2579; x_wconf 89' lang='lat' dir='ltr'>nantia</span> <span class='ocrx_word' id='word_1_167' title='bbox 381 2518 491 2579; x_wconf 86' lang='lat' dir='ltr'>dixerit</span> <span class='ocrx_word' id='word_1_168' title='bbox 514 2518 698 2598; x_wconf 84' lang='lat' dir='ltr'>Gregorius,</span> <span class='ocrx_word' id='word_1_169' title='bbox 730 2520 784 2581; x_wconf 91' lang='lat' dir='ltr'>sed</span> <span class='ocrx_word' id='word_1_170' title='bbox 806 2520 1010 2582; x_wconf 88' lang='lat' dir='ltr'>universalem</span> <span class='ocrx_word' id='word_1_171' title='bbox 1038 2540 1073 2581; x_wconf 88' lang='lat' dir='ltr'>se</span> <span class='ocrx_word' id='word_1_172' title='bbox 1099 2539 1160 2581; x_wconf 86' lang='lat' dir='ltr'>esse</span> 
     </span>
     <span class='ocr_line' id='line_1_27' title="bbox 247 2600 1159 2684; baseline 0.001 -22"><span class='ocrx_word' id='word_1_173' title='bbox 247 2602 425 2682; x_wconf 88' lang='lat' dir='ltr'>episcopum</span> <span class='ocrx_word' id='word_1_174' title='bbox 447 2602 587 2681; x_wconf 88' lang='lat' dir='ltr'>negavit,</span> <span class='ocrx_word' id='word_1_175' title='bbox 611 2602 649 2661; x_wconf 87' lang='lat' dir='ltr'>ad</span> <span class='ocrx_word' id='word_1_176' title='bbox 673 2622 794 2662; x_wconf 89' lang='lat' dir='ltr'>sensum</span> <span class='ocrx_word' id='word_1_177' title='bbox 820 2602 922 2663; x_wconf 88' lang='lat' dir='ltr'>datum</span> <span class='ocrx_word' id='word_1_178' title='bbox 945 2604 977 2663; x_wconf 91' lang='lat' dir='ltr'>in</span> <span class='ocrx_word' id='word_1_179' title='bbox 999 2605 1101 2684; x_wconf 89' lang='lat' dir='ltr'>priore</span> <span class='ocrx_word' id='word_1_180' title='bbox 1122 2600 1159 2663; x_wconf 92' lang='lat' dir='ltr'>di·</span> 
     </span>
     <span class='ocr_line' id='line_1_28' title="bbox 248 2685 951 2764; baseline 0.004 -20"><span class='ocrx_word' id='word_1_181' title='bbox 248 2685 431 2764; x_wconf 90' lang='lat' dir='ltr'>sputatione,</span> <span class='ocrx_word' id='word_1_182' title='bbox 455 2694 485 2746; x_wconf 89' lang='lat' dir='ltr'>et</span> <span class='ocrx_word' id='word_1_183' title='bbox 506 2692 608 2745; x_wconf 86' lang='lat' dir='ltr'>tamen</span> <span class='ocrx_word' id='word_1_184' title='bbox 628 2686 789 2764; x_wconf 88' lang='lat' dir='ltr'>primatum</span> <span class='ocrx_word' id='word_1_185' title='bbox 814 2686 951 2747; x_wconf 92' lang='lat' dir='ltr'>obtinuit.</span> 
     </span>
    </p>

    <p class='ocr_par' dir='ltr' id='par_1_11' title="bbox 247 2765 1161 3513">
     <span class='ocr_line' id='line_1_29' title="bbox 332 2765 1159 2848; baseline 0 -21"><span class='ocrx_word' id='word_1_186' title='bbox 332 2765 422 2842; x_wconf 75' lang='lat' dir='ltr'>Quod</span> <span class='ocrx_word' id='word_1_187' title='bbox 437 2775 539 2827; x_wconf 90' lang='lat' dir='ltr'>autem</span> <span class='ocrx_word' id='word_1_188' title='bbox 562 2787 684 2847; x_wconf 88' lang='lat' dir='ltr'>semper</span> <span class='ocrx_word' id='word_1_189' title='bbox 705 2769 762 2828; x_wconf 87' lang='lat' dir='ltr'>iste</span> <span class='ocrx_word' id='word_1_190' title='bbox 782 2768 872 2828; x_wconf 87' lang='lat' dir='ltr'>fuerit</span> <span class='ocrx_word' id='word_1_191' title='bbox 884 2786 961 2848; x_wconf 94' lang='lat' dir='ltr'>mos,</span> <span class='ocrx_word' id='word_1_192' title='bbox 985 2770 1077 2830; x_wconf 89' lang='lat' dir='ltr'>etiam</span> <span class='ocrx_word' id='word_1_193' title='bbox 1091 2771 1159 2830; x_wconf 89' lang='lat' dir='ltr'>tem-</span> 
     </span>
     <span class='ocr_line' id='line_1_30' title="bbox 249 2849 1159 2932; baseline 0.001 -22"><span class='ocrx_word' id='word_1_194' title='bbox 249 2868 326 2929; x_wconf 88' lang='lat' dir='ltr'>pore</span> <span class='ocrx_word' id='word_1_195' title='bbox 348 2850 471 2911; x_wconf 88' lang='lat' dir='ltr'>ooncilii</span> <span class='ocrx_word' id='word_1_196' title='bbox 484 2850 601 2928; x_wconf 87' lang='lat' dir='ltr'>Niceni,</span> <span class='ocrx_word' id='word_1_197' title='bbox 625 2849 814 2929; x_wconf 85' lang='lat' dir='ltr'>observatus,</span> <span class='ocrx_word' id='word_1_198' title='bbox 837 2851 933 2930; x_wconf 87' lang='lat' dir='ltr'>liquet</span> <span class='ocrx_word' id='word_1_199' title='bbox 954 2872 994 2912; x_wconf 86' lang='lat' dir='ltr'>ex</span> <span class='ocrx_word' id='word_1_200' title='bbox 1009 2851 1159 2932; x_wconf 74' lang='lat' dir='ltr'>lapistus.</span> 
     </span>
     <span class='ocr_line' id='line_1_31' title="bbox 250 2932 1161 3014; baseline 0 -21"><span class='ocrx_word' id='word_1_201' title='bbox 250 2933 414 3014; x_wconf 82' lang='lat' dir='ltr'>Augustini</span> <span class='ocrx_word' id='word_1_202' title='bbox 437 2934 741 3013; x_wconf 88' lang='lat' dir='ltr'>etGoepiscoporum</span> <span class='ocrx_word' id='word_1_203' title='bbox 764 2934 803 2994; x_wconf 91' lang='lat' dir='ltr'>ad</span> <span class='ocrx_word' id='word_1_204' title='bbox 825 2934 1039 3006; x_wconf 87' lang='lat' dir='ltr'>innocentium</span> <span class='ocrx_word' id='word_1_205' title='bbox 1062 2935 1095 3010; x_wconf 88' lang='lat' dir='ltr'>l.,</span> <span class='ocrx_word' id='word_1_206' title='bbox 1116 2932 1161 2994; x_wconf 86' lang='lat' dir='ltr'>uhi</span> 
     </span>
     <span class='ocr_line' id='line_1_32' title="bbox 247 3015 1160 3099; baseline 0 -23"><span class='ocrx_word' id='word_1_207' title='bbox 247 3018 401 3096; x_wconf 91' lang='lat' dir='ltr'>inquiunt:</span> <span class='ocrx_word' id='word_1_208' title='bbox 439 3015 518 3092; x_wconf 79' lang='lat' dir='ltr'>Quia</span> <span class='ocrx_word' id='word_1_209' title='bbox 537 3025 567 3076; x_wconf 88' lang='lat' dir='ltr'>te</span> <span class='ocrx_word' id='word_1_210' title='bbox 589 3016 740 3077; x_wconf 89' lang='lat' dir='ltr'>Dominus</span> <span class='ocrx_word' id='word_1_211' title='bbox 762 3017 879 3098; x_wconf 77' lang='lat' dir='ltr'>gratiae</span> <span class='ocrx_word' id='word_1_212' title='bbox 902 3037 977 3080; x_wconf 88' lang='lat' dir='ltr'>snae</span> <span class='ocrx_word' id='word_1_213' title='bbox 999 3018 1160 3099; x_wconf 85' lang='lat' dir='ltr'>praecipuo</span> 
     </span>
     <span class='ocr_line' id='line_1_33' title="bbox 252 3098 1160 3180; baseline 0.002 -21"><span class='ocrx_word' id='word_1_214' title='bbox 252 3119 378 3160; x_wconf 88' lang='lat' dir='ltr'>munere</span> <span class='ocrx_word' id='word_1_215' title='bbox 401 3101 432 3159; x_wconf 94' lang='lat' dir='ltr'>in</span> <span class='ocrx_word' id='word_1_216' title='bbox 455 3098 535 3160; x_wconf 80' lang='lat' dir='ltr'>Sede</span> <span class='ocrx_word' id='word_1_217' title='bbox 557 3099 915 3179; x_wconf 86' lang='lat' dir='ltr'>apostolioacolloeavit‚</span> <span class='ocrx_word' id='word_1_218' title='bbox 938 3101 1093 3180; x_wconf 88' lang='lat' dir='ltr'>talemque</span> <span class='ocrx_word' id='word_1_219' title='bbox 1113 3117 1160 3161; x_wconf 78' lang='lat' dir='ltr'>no</span> 
     </span>
     <span class='ocr_line' id='line_1_34' title="bbox 248 3182 1160 3264; baseline -0.001 -21"><span class='ocrx_word' id='word_1_220' title='bbox 248 3183 317 3243; x_wconf 88' lang='lat' dir='ltr'>stris</span> <span class='ocrx_word' id='word_1_221' title='bbox 342 3183 530 3262; x_wconf 89' lang='lat' dir='ltr'>temporibus</span> <span class='ocrx_word' id='word_1_222' title='bbox 551 3185 703 3263; x_wconf 87' lang='lat' dir='ltr'>praestitit</span> <span class='ocrx_word' id='word_1_223' title='bbox 722 3184 842 3264; x_wconf 87' lang='lat' dir='ltr'>magnis</span> <span class='ocrx_word' id='word_1_224' title='bbox 869 3183 1011 3263; x_wconf 88' lang='lat' dir='ltr'>periculis</span> <span class='ocrx_word' id='word_1_225' title='bbox 1033 3182 1160 3243; x_wconf 83' lang='lat' dir='ltr'>infirmo·</span> 
     </span>
     <span class='ocr_line' id='line_1_35' title="bbox 249 3264 1160 3346; baseline 0.002 -22"><span class='ocrx_word' id='word_1_226' title='bbox 249 3286 313 3326; x_wconf 91' lang='lat' dir='ltr'>rum</span> <span class='ocrx_word' id='word_1_227' title='bbox 353 3264 556 3326; x_wconf 89' lang='lat' dir='ltr'>membrorum</span> <span class='ocrx_word' id='word_1_228' title='bbox 596 3264 717 3343; x_wconf 84' lang='lat' dir='ltr'>Christi,</span> <span class='ocrx_word' id='word_1_229' title='bbox 757 3266 943 3346; x_wconf 90' lang='lat' dir='ltr'>pastoralem</span> <span class='ocrx_word' id='word_1_230' title='bbox 977 3265 1160 3346; x_wconf 85' lang='lat' dir='ltr'>diligentiam</span> 
     </span>
     <span class='ocr_line' id='line_1_36' title="bbox 247 3348 1158 3430; baseline 0 -23"><span class='ocrx_word' id='word_1_231' title='bbox 247 3368 430 3428; x_wconf 90' lang='lat' dir='ltr'>quaesumus</span> <span class='ocrx_word' id='word_1_232' title='bbox 463 3348 609 3409; x_wconf 90' lang='lat' dir='ltr'>adhibere</span> <span class='ocrx_word' id='word_1_233' title='bbox 631 3348 774 3430; x_wconf 87' lang='lat' dir='ltr'>digneris.</span> <span class='ocrx_word' id='word_1_234' title='bbox 818 3350 999 3429; x_wconf 87' lang='lat' dir='ltr'>Respondet</span> <span class='ocrx_word' id='word_1_235' title='bbox 1017 3368 1101 3430; x_wconf 89' lang='lat' dir='ltr'>papa</span> <span class='ocrx_word' id='word_1_236' title='bbox 1131 3349 1158 3407; x_wconf 90' lang='lat' dir='ltr'>in</span> 
     </span>
     <span class='ocr_line' id='line_1_37' title="bbox 250 3432 1161 3513; baseline 0 -22"><span class='ocrx_word' id='word_1_237' title='bbox 250 3432 382 3513; x_wconf 88' lang='lat' dir='ltr'>epistola</span> <span class='ocrx_word' id='word_1_238' title='bbox 404 3433 558 3510; x_wconf 88' lang='lat' dir='ltr'>sequenti:</span> <span class='ocrx_word' id='word_1_239' title='bbox 590 3432 759 3512; x_wconf 86' lang='lat' dir='ltr'>Diligenter</span> <span class='ocrx_word' id='word_1_240' title='bbox 787 3452 861 3513; x_wconf 90' lang='lat' dir='ltr'>ergo</span> <span class='ocrx_word' id='word_1_241' title='bbox 884 3440 915 3493; x_wconf 86' lang='lat' dir='ltr'>et</span> <span class='ocrx_word' id='word_1_242' title='bbox 935 3451 1074 3513; x_wconf 88' lang='lat' dir='ltr'>congrue</span> <span class='ocrx_word' id='word_1_243' title='bbox 1094 3448 1161 3512; x_wconf 88' lang='lat' dir='ltr'>apo·</span> 
     </span>
    </p>
   </div>
   <div class='ocr_carea' id='block_1_3' title="bbox 519 3608 667 3616">
    <p class='ocr_par' dir='ltr' id='par_1_12' title="bbox 519 3608 667 3616">
     <span class='ocr_line' id='line_1_38' title="bbox 519 3608 667 3616; baseline -0.007 0"><span class='ocrx_word' id='word_1_244' title='bbox 519 3608 667 3616; x_wconf 55' lang='lat'>*0*-</span> 
     </span>
    </p>
   </div>
   <div class='ocr_carea' id='block_1_4' title="bbox 226 3692 1192 3875">
    <p class='ocr_par' dir='ltr' id='par_1_13' title="bbox 226 3692 1192 3875">
     <span class='ocr_line' id='line_1_39' title="bbox 294 3692 1173 3800; baseline -0.02 -17"><span class='ocrx_word' id='word_1_245' title='bbox 294 3731 324 3793; x_wconf 77' lang='grc'>1)</span> <span class='ocrx_word' id='word_1_246' title='bbox 341 3731 374 3783; x_wconf 87' lang='lat' dir='ltr'>In</span> <span class='ocrx_word' id='word_1_247' title='bbox 396 3692 438 3785; x_wconf 75' lang='lat' dir='ltr'>ed.</span> <span class='ocrx_word' id='word_1_248' title='bbox 462 3726 551 3800; x_wconf 77' lang='lat' dir='ltr'>orig:</span> <span class='ocrx_word' id='word_1_249' title='bbox 569 3729 770 3796; x_wconf 82' lang='lat' dir='ltr'>imperatorem</span> <span class='ocrx_word' id='word_1_250' title='bbox 790 3713 1173 3798; x_wconf 53' lang='lat' dir='ltr'>etG‹tristant&#39;x&#39;nopcailtanum·x</span> 
     </span>
     <span class='ocr_line' id='line_1_40' title="bbox 226 3782 1192 3875; baseline -0.027 -21"><span class='ocrx_word' id='word_1_251' title='bbox 226 3809 329 3857; x_wconf 86' lang='lat' dir='ltr'>nostra</span> <span class='ocrx_word' id='word_1_252' title='bbox 347 3803 435 3860; x_wconf 88' lang='lat' dir='ltr'>lectio</span> <span class='ocrx_word' id='word_1_253' title='bbox 456 3804 583 3875; x_wconf 87' lang='lat' dir='ltr'>repetita</span> <span class='ocrx_word' id='word_1_254' title='bbox 604 3805 651 3854; x_wconf 83' lang='lat' dir='ltr'>est</span> <span class='ocrx_word' id='word_1_255' title='bbox 671 3815 711 3851; x_wconf 80' lang='lat' dir='ltr'>ex</span> <span class='ocrx_word' id='word_1_256' title='bbox 731 3796 774 3849; x_wconf 84' lang='lat' dir='ltr'>ed.</span> <span class='ocrx_word' id='word_1_257' title='bbox 795 3794 860 3845; x_wconf 75' lang='lat' dir='ltr'>len.</span> <span class='ocrx_word' id='word_1_258' title='bbox 879 3786 1090 3841; x_wconf 59' lang='lat' dir='ltr'>etloascnerx.</span> <span class='ocrx_word' id='word_1_259' title='bbox 1108 3782 1192 3843; x_wconf 58' lang='lat' dir='ltr'>mn</span> 
     </span>
    </p>
   </div>
   <div class='ocr_carea' id='block_1_5' title="bbox 216 3861 929 3951">
    <p class='ocr_par' dir='ltr' id='par_1_14' title="bbox 216 3861 929 3951">
     <span class='ocr_line' id='line_1_41' title="bbox 216 3861 929 3951; baseline -0.024 -22"><span class='ocrx_word' id='word_1_260' title='bbox 216 3875 262 3930; x_wconf 77' lang='lat' dir='ltr'>ed.</span> <span class='ocrx_word' id='word_1_261' title='bbox 283 3877 350 3937; x_wconf 86' lang='lat' dir='ltr'>Jerr.</span> <span class='ocrx_word' id='word_1_262' title='bbox 374 3887 405 3934; x_wconf 91' lang='lat' dir='ltr'>et</span> <span class='ocrx_word' id='word_1_263' title='bbox 425 3898 478 3951; x_wconf 90' lang='lat' dir='ltr'>ap.</span> <span class='ocrx_word' id='word_1_264' title='bbox 499 3875 645 3934; x_wconf 60' lang='lat' dir='ltr'>hocsem:</span> <span class='ocrx_word' id='word_1_265' title='bbox 667 3867 751 3942; x_wconf 82' lang='lat' dir='ltr'>quod</span> <span class='ocrx_word' id='word_1_266' title='bbox 768 3861 929 3918; x_wconf 74' lang='lat' dir='ltr'>contraria.</span> 
     </span>
    </p>
   </div>
   <div class='ocr_carea' id='block_1_6' title="bbox 0 0 1371 4417">
    <p class='ocr_par' dir='ltr' id='par_1_15' title="bbox 0 0 1371 4417">
     <span class='ocr_line' id='line_1_42' title="bbox 0 0 1371 4417; baseline 0 0"><span class='ocrx_word' id='word_1_267' title='bbox 0 0 1371 4417; x_wconf 95' lang='lat' dir='ltr'> </span> 
     </span>
    </p>
   </div>
  </div>
 </body>
</html>
