2709 4417
256 343 299 411 30
450 344 608 416 Disputatio
627 345 736 416 notu
756 346 853 404 bibi&
869 362 894 403 e.
914 345 980 399 XiX

258 533 373 616 phente
401 537 549 615 loquitur,
587 533 642 595 scd
669 534 805 597 omnium
833 531 994 592 doctorum
1024 532 1175 593 sententie

202 641 207 653 ·
258 618 494 699 decequeiitete
516 635 571 677 sue
592 635 662 677 cum
673 616 773 693 Pane,
796 614 917 694 qu0d1)
940 615 1105 679 nihilfecit
1125 624 1177 676 eut

177 704 183 713 “
258 703 358 780 possit
378 702 479 764 iecere
501 701 607 775 Peter,
631 700 704 777 quin
725 696 807 761 idern
828 699 927 776 possit
948 704 980 761 st
1000 697 1093 761 filies.

340 783 457 844 Omitto
486 780 569 862 quod
603 781 693 841 dixit:
724 780 794 841 Non
823 799 893 842 csse
925 779 966 847 de
1000 780 1109 859 coeio,
1126 783 1175 858 qui

258 867 488 946 ospitisubesse
510 872 641 941 recuset,
663 871 697 923 et
717 881 787 924 esse
807 862 1011 940 debuuiiow,
1035 866 1087 941 qui
1109 862 1174 926 uso

257 967 320 1009 non
343 949 409 1009 vult
430 949 547 1025 subiici,
570 947 641 1024 quie
662 947 741 1009 siout
761 945 978 1025 praecedentia
999 946 1083 1009 mule
1106 958 1187 1007 suet

257 1037 430 1111 coempto,
451 1033 496 1091 ite
516 1029 647 1090 ethaeo
668 1029 751 1089 mele
773 1028 869 1089 illuto.

241 1158 244 1163 «
339 1113 453 1192 Tentis,
476 1131 555 1193 quoe
577 1118 624 1171 est
640 1111 792 1190 Dionysii,
814 1111 889 1172 nihii
902 1117 1092 1187 contuendo,
1112 1129 1168 1174 uun

256 1198 338 1257 enim
369 1215 517 1277 negemus
552 1193 751 1255 hierarchiam
771 1194 1031 1270 ecciesiesticenr,
1060 1191 1115 1253 scd
1133 1191 1167 1257 de

256 1280 357 1358 cupite
379 1278 568 1359 disputemus
590 1275 796 1353 monarchiae,
818 1293 880 1340 uon
902 1274 1103 1339 hiererchiec.

338 1360 469 1439 Qnerte,
491 1378 570 1439 qnae
591 1358 733 1439 Gregorii
754 1358 871 1419 Neues.
893 1357 1070 1435 adducitur,
1090 1360 1165 1435 qnod

256 1461 312 1522 per
332 1450 529 1505 sacrosancte
550 1443 697 1520 mysterio
712 1441 866 1504 sociemur
885 1441 1000 1503 senctis
1018 1438 1166 1509 ordinibus

256 1525 458 1604 coelestibus,
488 1545 507 1585 s
528 1525 638 1602 quovis
659 1525 860 1602 gremmetico
882 1521 1079 1603 intelligitur,
1100 1522 1166 1586 uitii

257 1624 378 1685 sonore,
400 1627 499 1688 neque
522 1607 562 1666 de
583 1605 771 1682 munerabis,
793 1625 893 1684 neque
913 1605 1085 1684 decapite.

313 1688 402 1751 ism
432 1689 514 1770 quod
542 1688 660 1752 eddidit
687 1695 964 1765 commonstrem,
994 1690 1020 1749 si
1043 1687 1168 1755 enotuit

256 1773 407 1852 acephalo
429 1780 527 1849 esset,
554 1772 669 1847 fateor,
700 1771 753 1830 sed
779 1770 841 1831 hoc
862 1777 954 1850 ceput
985 1789 1089 1848 usqne
1108 1771 1168 1849 ipse

254 1855 346 1916 Dom.
385 1856 502 1915 Doctor
534 1853 617 1915 eliud
642 1853 716 1914 dere
742 1855 854 1932 possit,
886 1872 976 1934 quom
1011 1852 1168 1925 Cttistum.

235 1936 346 2011 uuod
368 1937 466 2017 probo
489 1936 662 2013 evidenter,
695 1937 768 2013 quie
798 1937 934 1996 sisuum
955 1942 1064 2014 ceput,
1092 1935 1169 2013 quod

255 2019 352 2081 Romu
368 2019 550 2080 Pontificem
578 2018 728 2097 appellet,
762 2020 902 2095 moritur,
935 2025 969 2080 nt
999 2017 1169 2092 esthemo,

255 2102 315 2165 ient
338 2103 470 2162 ecclesie
496 2109 544 2162 est
565 2101 731 2180 acephalo,
764 2102 789 2160 si
815 2108 917 2161 entem
938 2100 1078 2161 Christus
1100 2102 1170 2161 inte·

255 2185 312 2245 rim
333 2192 426 2264 ceput
454 2191 502 2244 est
522 2184 687 2260 ecclesiae,
717 2183 818 2245 donce
839 2183 916 2243 clins
938 2183 1089 2264 eligetur,
1110 2201 1187 2264 nou!

255 2267 355 2326 minus
376 2273 545 2327 monstrum
568 2273 630 2344 est,
663 2265 817 2326 Christum
845 2265 957 2327 cedere
978 2268 1049 2326 vivo
1072 2265 1171 2326 Poeti-

253 2347 315 2426 oo,
336 2356 369 2409 et
389 2349 556 2410 succedere
577 2355 708 2410 mortuo.

339 2431 452 2505 Quinte
475 2435 504 2492 B.
528 2431 689 2511 Cypriani,
722 2431 774 2509 qui
801 2430 974 2491 haereticos
995 2432 1171 2508 insecutus,

256 2513 340 2592 quod
361 2514 520 2575 debilitato
549 2515 651 2594 cupite
674 2513 771 2573 moliti
793 2519 864 2573 sunt
885 2532 1004 2574 errores
1024 2520 1099 2575 suus
1120 2514 1171 2572 im-

255 2615 338 2676 pune
359 2595 534 2657 hominibus
555 2596 727 2674 inculcare,
763 2614 888 2674 prorsus
922 2596 999 2657 nihii
1030 2596 1104 2667 iecit
1126 2595 1171 2667 ‚ed

140 2748 148 2764 .
255 2680 458 2758 propositum.
501 2678 649 2757 Loquitur
680 2679 761 2739 enim
790 2697 854 2738 non
880 2677 921 2738 de
942 2679 1032 2741 Rom.
1056 2678 1173 2758 Cupite,

254 2761 311 2821 sed
339 2760 381 2822 de
407 2761 546 2840 quolibet
578 2762 678 2841 cupite
706 2761 852 2839 cuiusque
880 2762 1091 2840 episcopatus.
1134 2761 1173 2821 Et

254 2843 1171 3006 nunuruuuiuuonsuuzinu?

254 3009 368 3070 nulium
391 3009 571 3069 Pontificem
594 3026 749 3086 nunquam
771 3008 1009 3087 auterannus,
1042 3009 1104 3070 nisi
1121 3027 1182 3068 ce.

253 3092 407 3152 tissimum
430 3092 563 3152 fratrem.
607 3092 727 3152 Deinde
755 3089 931 3152 describens
952 3092 1171 3171 episcoporum

252 3173 423 3243 electiones
445 3180 476 3234 et
492 3174 741 3236 confirmationes
756 3193 812 3254 pen
828 3174 938 3235 multos
950 3173 1111 3253 epistola,
1133 3193 1171 3234 ex

254 3256 365 3319 divinis
387 3258 481 3317 literis
506 3256 720 3318 efficacissime
741 3255 867 3336 probet,
899 3256 938 3316 ed
961 3256 1085 3335 plebem
1107 3275 1171 3337 per-

253 3341 351 3401 tinere
372 3347 404 3400 et
424 3341 542 3400 vicinos
564 3340 641 3401 duos
662 3342 827 3420 episcopos
855 3340 905 3403 vel
926 3347 1006 3416 nes,
1028 3339 1171 3418 quemod-

254 3423 378 3484 modnm
402 3430 432 3482 et
453 3424 602 3483 sancitum
625 3429 673 3483 est
692 3424 722 3482 in
741 3418 1079 3485 secretissimuiiicsno
1094 3422 1173 3482 Con·

254 3505 336 3569 ciiio.
380 3505 460 3579 Quin
488 3505 570 3565 idern
591 3506 698 3566 butus
718 3505 849 3585 liertpr,
872 3512 906 3565 nt
926 3505 960 3567 B.
983 3504 1174 3586 Augustinus

254 3587 369 3668 soeges
390 3587 441 3649 lib.
463 3589 481 3650 2
504 3607 571 3668 cup.
593 3591 612 3650 2
634 3587 673 3648 ds
696 3589 865 3667 Baptismo,
887 3590 932 3648 sio
951 3587 1040 3648 dicit:
1064 3588 1176 3667 Neque

221 3888 222 3897 ,
278 3862 283 3903 ,“
310 3847 340 3917 l)
360 3848 391 3900 ln
411 3847 453 3900 ed.
476 3849 593 3916 origin:
613 3846 661 3900 sed
680 3847 764 3916 qnod.
