2709 4417
265 359 330 426 432
511 360 557 412 111.
578 357 685 414 Contio
705 358 738 412 de
757 359 937 411 oontossioue

267 568 330 608 non
361 549 461 607 solum
490 548 551 607 hoo
579 568 597 606 o
625 547 715 607 uobis
737 546 890 626 exigitur,
924 551 957 603 ut
981 551 1175 605 tenesmuset

268 630 477 709 intelligamus
499 649 546 707 ee,
569 649 673 688 verum
700 631 793 690 etiarn
816 635 850 686 ut
871 633 982 687 nostru
1005 625 1081 686 fides
1101 628 1175 688 iniis

187 707 190 710 ’
268 714 407 791 haereat,
430 721 463 771 ut
490 712 537 770 his
566 711 685 784 verbis,
715 731 772 771 eeu
803 710 925 770 invictis
945 711 1061 784 ermis,
1088 720 1176 770 eontra
1216 698 1218 759 d

269 797 405 856 omnium
428 794 558 854 insultus
582 814 638 854 nos
661 794 837 871 defendere,
860 802 892 852 et
905 792 1062 872 repellere
1075 806 1176 854 nostros
1217 822 1218 827 1

269 877 463 937 adversarios
485 879 648 957 possimus.

354 960 428 1019 Cum
465 978 540 1039 ergo
574 967 798 1019 sacromentum
830 959 892 1019 hoo
926 958 1018 1018 voles
1049 961 1176 1038 occipere

272 1043 433 1122 potissimo
451 1043 613 1102 verborum
628 1044 685 1102 erit
702 1061 783 1119 oura,
806 1041 966 1121 inquibus
990 1041 1105 1100 sentias
1123 1060 1175 1100 eum

271 1124 448 1185 thesaurum
473 1144 542 1183 esse
564 1127 748 1204 repositum,
778 1143 839 1202 quo
862 1124 935 1184 solo
958 1124 1018 1182 niti
1042 1130 1104 1183 tuto
1122 1141 1176 1202 pos

271 1208 375 1266 simus.
409 1208 458 1266 Ad
482 1215 512 1266 te
533 1209 613 1266 enirn
638 1210 705 1267 sine
726 1206 819 1267 dubio
842 1202 897 1267 itia
920 1205 1020 1266 verba
1043 1204 1176 1266 dicuntur:

270 1290 371 1349 Meum
394 1308 506 1370 corpus
529 1309 584 1368 pro
608 1291 697 1350 vobis
721 1289 857 1368 traditur,
880 1308 970 1348 meus
995 1290 1117 1368 sanguis
1134 1308 1176 1368 pro

271 1372 357 1433 vobis
380 1371 552 1431 effunditur.
586 1372 619 1430 Iu
642 1392 732 1451 quem
755 1372 869 1431 usum?
899 1391 973 1430 unm
998 1372 1030 1429 in
1053 1372 1110 1430 hoe
1128 1381 1176 1431 tsn-

271 1464 351 1530 tum,
381 1462 413 1513 ut
440 1456 514 1514 edos
537 1461 568 1514 et
591 1455 697 1514 bibas?
729 1475 809 1529 nou,
837 1456 901 1514 imo
925 1455 957 1513 in
982 1455 1177 1513 remissionem

272 1545 470 1616 peooetorum
493 1545 624 1598 tuorum.
654 1539 722 1597 Hoc
741 1536 815 1597 iilud
839 1543 897 1614 est,
921 1535 1008 1614 quod
1032 1535 1071 1595 nd
1092 1544 1119 1596 te
1138 1556 1177 1616 po

272 1620 419 1678 tissimum
437 1621 577 1698 pertinet,
602 1622 649 1680 oui
665 1622 769 1680 omnis
790 1620 920 1697 reliqua,
944 1637 1028 1697 quae
1050 1619 1099 1678 hio
1118 1617 1177 1678 dunt

272 1707 304 1761 et
316 1701 464 1779 dicuntur,
487 1704 632 1771 serviunt,
655 1710 688 1761 ut
705 1703 757 1761 tibi
781 1702 899 1761 seilicet
922 1703 1032 1759 omnia
1054 1709 1104 1760 tuo
1123 1720 1175 1780 peo-

271 1791 341 1844 ests
361 1786 561 1846 remittentur.

354 1868 464 1941 Porro,
498 1869 521 1926 ei
551 1869 667 1926 tuoiuut
688 1868 765 1926 haee
786 1866 823 1925 sd
848 1867 1065 1926 remissionem
1089 1883 1177 1944 peom-

272 1959 387 2026 torum,
415 1969 489 2029 ergo
514 1950 665 2009 etiamad
689 1957 816 2009 mortem
838 1947 1047 2027 superandam
1071 1949 1175 2007 faciunt.

272 2032 380 2110 Neque
409 2035 489 2091 eninr
515 2033 604 2092 morti
626 2033 750 2091 relictus
772 2032 857 2091 loeus
880 2039 937 2107 est,
962 2031 1013 2090 ubi
1036 2038 1177 2110 peoootun

273 2123 321 2174 est
338 2115 506 2188 subletum,
531 2121 658 2193 peoooto
683 2114 803 2174 sublato
829 2133 923 2174 omne
947 2112 1060 2173 molum
1083 2122 1175 2184 oessot,

271 2204 362 2275 utque
379 2205 476 2256 esest
491 2197 657 2259 beatitudo.
691 2197 749 2256 Hie
766 2197 926 2255 thesaurus
948 2196 1003 2255 ille
1025 2202 1081 2272 est,
1103 2215 1176 2274 quen

271 2298 328 2339 nos
344 2281 374 2339 in
393 2280 454 2339 hoe
475 2288 667 2339 sacramento
692 2279 913 2358 praedicamus,
938 2281 967 2338 in
991 2279 1073 2338 hune
1094 2277 1176 2357 defige

271 2363 378 2422 oouios
408 2373 492 2435 tuos,
524 2372 553 2421 et
582 2382 677 2441 nugas
700 2363 768 2421 illas
791 2362 1053 2422 scholasticorum
1078 2363 1176 2425 omitte,

271 2446 322 2524 qui
353 2446 479 2505 multum
506 2452 577 2504 sunt
605 2444 744 2521 solliciti,
772 2445 930 2522 quomodo
960 2446 1060 2522 possit
1085 2443 1177 2502 adesse

271 2547 382 2608 eorpus
412 2529 539 2597 Christi,
573 2529 752 2606 praesertim
784 2530 814 2587 iu
845 2535 905 2586 torn
936 2540 1034 2605 parvo
1064 2545 1177 2605 corpore

272 2613 371 2690 ponis.
416 2612 462 2670 rid
487 2611 634 2669 miraculo
656 2611 709 2668 ilio
731 2631 770 2669 ne
794 2611 949 2688 respicias,
973 2608 1030 2669 sed
1052 2608 1177 2688 simpliei-

272 2703 318 2753 ter
346 2694 473 2753 haerens
496 2696 527 2752 in
550 2694 660 2770 verbu,
691 2699 782 2770 utque
805 2713 842 2752 en
865 2701 916 2751 tuo
939 2693 1032 2751 unios
1052 2693 1091 2751 sit
1111 2710 1177 2757 euro,
1217 2708 1218 2725 ¹

271 2775 427 2853 quomodo
456 2778 536 2835 huno
565 2777 692 2835 fructum
722 2795 760 2834 ex
790 2777 849 2835 hoc
879 2781 1075 2835 sacramento
1098 2792 1177 2852 queas

272 2876 393 2936 oepere,
416 2877 527 2936 nempe
545 2860 757 2918 remissionem
781 2855 988 2938 peecatorum.

355 2940 405 2999 Sio
421 2942 511 3020 igitur
528 2943 662 3000 animum
682 2949 764 3000 tuum
787 2943 938 3017 institues,
961 2950 994 2998 ut
1015 2939 1055 2999 od
1078 2947 1106 2997 te
1126 2958 1178 3017 per·

274 3024 370 3081 tinere
393 3023 470 3082 hae-o
492 3025 586 3082 verbo
607 3025 731 3086 sentias.
776 3024 842 3083 Hoo
870 3028 972 3082 sutem
1003 3023 1046 3082 ito
1072 3020 1136 3097 fiet,
1160 3022 1179 3079 si

272 3106 387 3164 sentias
405 3108 523 3183 peoonti
547 3125 663 3166 morsus
689 3115 719 3165 et
742 3115 883 3184 terrores,
905 3107 931 3164 si
953 3105 1079 3164 tenteris
1101 3112 1180 3162 suto

272 3206 381 3264 earne,
410 3195 463 3247 out
485 3209 503 3247 a
527 3189 655 3265 mundo,
686 3198 738 3248 aut
759 3210 778 3249 a
800 3189 931 3263 Saturus,
959 3189 985 3247 si
1008 3188 1070 3265 ira,
1100 3188 1181 3264 imps-

258 3270 393 3347 dentis,
429 3274 573 3347 avaritia,
605 3280 658 3331 out
687 3292 760 3331 nura
792 3273 906 3331 ventris
942 3270 1134 3345 solliciteris,
1162 3269 1181 3326 si

273 3355 363 3413 variis
386 3356 557 3413 exercearis
582 3356 685 3430 melis,
716 3363 769 3414 sut
799 3372 1020 3432 nonnunquam
1050 3351 1181 3413 etiumin

272 3435 363 3495 foede
396 3439 523 3496 erimina
553 3438 715 3515 prolapsus
750 3440 806 3515 sis,
841 3456 920 3515 quse
951 3435 1032 3495 male
1060 3433 1184 3495 officiunt

271 3520 415 3578 animum.
460 3520 492 3579 Si
514 3521 590 3578 haec
612 3529 703 3598 atoue
726 3521 772 3579 his
795 3520 914 3598 similia,
939 3521 1076 3597 inquam,
1099 3517 1182 3597 potio-

270 3601 328 3677 ris,
360 3609 421 3660 tum
446 3605 575 3678 senties,
604 3622 694 3680 quom
718 3605 758 3662 sis
783 3604 874 3662 miser
893 3603 1004 3678 homo,
1034 3600 1184 3660 terreberis

271 3693 438 3763 conspeetu
468 3687 588 3763 mortis,
617 3686 765 3765 frangeris
796 3687 915 3760 animo,
947 3701 1050 3762 neque
1080 3683 1183 3762 poteris

268 3787 339 3833 esse
363 3770 498 3851 quietus.
546 3843 547 3846 Ἴ
1184 3839 1191 3849 ,

262 3917 264 3920 ,
307 3904 316 3922 ,.
353 3858 402 3922 Ao
421 3865 491 3922 turn
509 3855 641 3938 quidem
665 3853 884 3928 opportunum
904 3843 1036 3912 emunt
1051 3838 1216 3895 esuum
