2709 4417
282 355 349 423 ,164
497 358 650 427 Disputatio
667 360 775 429 lipsiae
789 362 885 417 beuta
903 379 927 415 a.
946 324 1004 416 iiix

288 544 371 623 qnod
401 545 455 689 silt)
469 547 605 608 exiturus
637 554 713 627 post
730 547 939 627 solutionem,
974 549 1029 610 sed
1052 510 1189 616 solvetet

287 648 307 688 ιι
331 647 392 688 ne
448 650 480 691 ι.

310 647 329 689 ⁰
368 630 584 786 Qirlodta'utem
606 713 792 791 enubilavit,
829 713 913 793 quod
942 668 1005 776 ιιόιι
1030 686 1191 794 peroraverit

285 795 474 871 mortaliter,
502 796 685 857 dissentiens
712 796 905 875 adversario,
934 803 1028 876 atque
1062 799 1190 878 quodet

285 880 429 939 mortalia
456 899 517 940 nou
541 880 602 940 sint
628 881 777 958 ιοιιιιιιι,
816 888 848 940 ιι
879 881 1014 945 venialia
1038 891 1190 963 purgantur

284 961 316 1023 iu
335 965 536 1043 purgatoriog
568 961 657 1035 dieo
685 963 767 1042 quod
787 963 839 1024 bie
860 970 963 1025 textus
984 984 1049 1026 non
1071 964 1189 1063 loquitur

284 1043 326 1105 de
348 1047 485 1106 contritis
508 1008 697 1123 mortalibus,
712 1066 790 1106 nam
812 1050 978 1108 eontritum
992 1049 1146 1109 mortale'
1138 1069 1189 1111 ιιι

169 1190 171 1194 Α
285 1146 348 1188 non
370 1135 417 1188 est
438 1127 631 1206 mortale‚t
600 1136 631 1189 et
651 1131 846 1209 poenitens
837 1149 898 1191 ram
921 1150 985 1192 nou
1015 1137 1065 1192 ιιι
1085 1131 1188 1194 diesen

284 1211 362 1271 tiens
384 1211 560 1272 adversario
584 1231 666 1290 suo,
701 1232 776 1292 ergo
804 1213 843 1274 de
871 1213 1075 1275 dissentiente
1101 1216 1189 1277 etsie

284 1302 485 1374 permanente
506 1295 640 1373 loquitur
662 1294 808 1356 Christus.

365 1378 502 1439 Transeo
524 1377 600 1437 illud
621 1377 660 1438 de
669 1397 743 1438 easu
754 1379 831 1459 ligni
843 1378 925 1458 apud
937 1377 1187 1464 lamissionem}

283 1458 334 1520 ubi
355 1461 656 1542 Hieronymust
581 1461 656 1522 dicit
662 1461 871 1542 ,intelligere
898 1481 954 1541 per
981 1471 1115 1523 austrum
1135 1471 1184 1525 ιιι

282 1548 347 1602 tum
368 1544 492 1621 bouum,
513 1550 546 1604 et
566 1563 621 1624 per
641 1544 817 1624 aquilonem
840 1551 952 1605 statum
975 1545 1105 1624 malum,
1125 1565 1183 1608 oon

284 1625 361 1687 aedo
383 1632 555 1707 utrumque,
575 1634 608 1688 et
629 1627 706 1688 nibil
727 1627 767 1688 ad
789 1629 1072 1708 purgatorium.
1113 1662 1116 1679 ι

364 1711 411 1771 De
443 1712 602 1771 mansione
629 1709 712 1791 apud
740 1710 909 1772 Iohannem
933 1709 992 1790 ΙΜ)
1017 1717 1117 1789 serta,
1144 1712 1183 1775 ubi

282 1800 404 1874 argutat
405 1814 439 1852 ur
461 1795 491 1852 in
513 1793 595 1853 hune
617 1792 760 1857 modum:
784 1791 949 1867 Quomodo
972 1793 1026 1854 liet
1047 1801 1144 1871 ιιιιι,
1161 1798 1181 1857 ι’
1207 1826 1210 1867 ,ε

278 1874 333 1936 ilat
320 1879 491 1938 taeoessio
513 1877 649 1973 gratiae,
680 1878 729 1936 oui
757 1875 905 1938 debeatur
938 1878 1030 1954 altior
1057 1876 1209 1939 mansio?
1205 1916 1210 1953 5

278 1959 384 2022 Potest
402 1960 486 2020 idem
499 1961 585 2040 argui
600 1959 639 2018 de
654 1959 794 2038 quolibet
814 1958 896 2020 fideli
919 1969 987 2040 post
1000 1949 1205 2041 baptismum,

280 2045 327 2103 oui
349 2052 396 2104 est
417 2051 501 2104 oerta
523 2043 641 2102 mansio
667 2042 706 2104 ab
728 2049 855 2104 aeterno
876 2042 1113 2123 praedestinata
1202 2080 1211 2117 ,ι

351 2122 519 2187 Deinde
511 2146 542 2185 un
572 2126 750 2204 purgatorio
785 2128 969 2186 exsistentes
996 2128 1041 2186 sie
1067 2125 1176 2189 ordinsb'
1201 2148 1210 2205 ι

282 2214 367 2287 sunt,
394 2210 508 2270 uthtoo
530 2207 686 2269 modoad
708 2214 823 2269 eertam
848 2196 1040 2270 mansionem
1063 2210 1176 2271 veniant
1203 2238 1210 2273 ι

279 2291 357 2354 lllud
385 2294 477 2352 etiam
498 2292 666 2351 humanum
687 2299 899 2371 argumentum
928 2292 1004 2352 nibil
1032 2290 1209 2370 ιιιιιιιιιιιἶ
1203 2336 1210 2371 7

280 2376 362 2455 quod
385 2380 527 2455 sequeret
528 2395 563 2434 ur
515 2373 825 2436 tdesoendentem
848 2394 917 2434 oum
939 2375 1077 2472 pluribus
1089 2393 1175 2455 penes
1206 2378 1210 2385 '

280 2459 319 2520 lis
340 2460 449 2519 melius
460 2457 632 2518 habiturum
656 2476 736 2532 esse,
759 2476 849 2536 quam
873 2477 943 2518 eum
964 2460 1016 2536 qui
1040 2476 1176 2537 eumpau·

279 2541 332 2602 oie.
360 2542 392 2602 si
414 2541 492 2601 haee
511 2541 590 2601 ratio
613 2540 696 2600 bona
718 2548 774 2614 ιιι,
797 2540 963 2600 timendum
987 2548 1049 2618 est,
1075 2559 1112 2601 ne
1130 2559 1177 2600 ma

278 2626 374 2684 retri'x
397 2624 504 2685 melior
524 2622 593 2701 flat,
623 2642 715 2702 quam
745 2624 778 2683 B.
801 2623 914 2704 virgas
943 2625 1031 2702 quasi
1053 2643 1114 2685 uon
1132 2624 1179 2682 siut

280 2706 456 2768 differentes
488 2706 601 2786 gradus
630 2707 799 2766 animarum
835 2708 867 2767 in
901 2709 1098 2787 purgatorio,
1124 2724 1178 2766 eun

279 2791 347 2871 ipse
367 2789 460 2851 hodie
482 2789 630 2865 Sanotos,
659 2789 838 2868 velutprae
864 2791 974 2850 ueteris
996 2791 1179 2870 praestantis

279 2892 338 2953 ιιι,
361 2876 392 2934 in
414 2879 524 2953 purgat
512 2874 591 2933 torio
615 2873 788 2935 asseruerit.

363 2956 483 3017 Deinde
495 2954 708 3016 Silvestrinum
726 2963 956 3052 argumentum
964 2954 1091 3034 inducit,
1112 2954 1181 3035 quod

280 3039 444 3122 prodesset
466 3040 519 3116 eis,
541 3040 567 3098 si
589 3038 818 3118 perdurarent
810 3059 842 3098 m
864 3039 984 3117 poenis,
1006 3058 1079 3098 nam
1101 3039 1141 3100 sie
1159 3046 1183 3099 et

280 3122 462 3204 martyribus
483 3120 644 3201 expediret
665 3139 762 3200 usque
783 3123 815 3182 in
837 3120 920 3182 diem
940 3121 1046 3182 iudieii
1069 3123 1184 3184 morie

278 3209 352 3288 pati,
374 3207 460 3286 quasi
482 3206 604 3285 ignoret
623 3205 706 3266 D..D
728 3205 767 3265 ad
791 3210 905 3265 sertam
928 3224 1103 3266 mensuram
1124 3223 1184 3285 poe

279 3307 336 3352 nas
365 3309 434 3350 esse
460 3287 620 3348 animabus
654 3289 844 3348 constitutas.
874 3288 944 3347 Non
975 3307 1051 3368 ergo
1075 3288 1186 3349 damna

279 3372 341 3435 bile
369 3379 430 3447 ιιι,
459 3391 549 3432 orare
575 3389 630 3450 pro
662 3373 807 3450 mortuis,
838 3372 916 3431 siout
943 3390 1002 3431 neo
1024 3371 1189 3433 damnabile

224 3470 229 3487 “
278 3456 335 3516 fuit
345 3502 352 3530 ,
322 3454 464 3535 qtuod
486 3453 655 3534 Apostolus
678 3451 755 3536 m]
780 3456 1034 3536 praesonuit,
1067 3461 1104 3515 et
1118 3454 1189 3515 orari

279 3540 388 3619 petiit,
416 3558 484 3599 num
506 3547 609 3598 tamen
631 3545 784 3599 aresceret
804 3539 899 3599 virtus
926 3539 992 3598 eius
1021 3539 1055 3598 in
1077 3537 1192 3598 infirmi

279 3627 352 3684 tate.
376 3623 422 3682 lta
443 3620 572 3700 quilibet
591 3620 691 3681 fidelis
713 3640 770 3701 pro
792 3621 929 3701 quelibet
940 3623 1127 3682 necessitate
1147 3640 1190 3681 eu

855 3870 1139 3935 mimoni.
