<?xml version="1.0" encoding="UTF-8"?>
<!DOCTYPE html PUBLIC "-//W3C//DTD XHTML 1.0 Transitional//EN"
    "http://www.w3.org/TR/xhtml1/DTD/xhtml1-transitional.dtd">
<html xmlns="http://www.w3.org/1999/xhtml" xml:lang="en" lang="en">
 <head>
  <title>
</title>
<meta http-equiv="Content-Type" content="text/html;charset=utf-8" />
  <meta name='ocr-system' content='tesseract 3.04.00' />
  <meta name='ocr-capabilities' content='ocr_page ocr_carea ocr_par ocr_line ocrx_word'/>
</head>
<body>
  <div class='ocr_page' id='page_1' title='image "./operalatinavari00schmgoog_0325.png"; bbox 0 0 2709 4417; ppageno 0'>
   <div class='ocr_carea' id='block_1_1' title="bbox 451 346 1110 428">
    <p class='ocr_par' dir='ltr' id='par_1_1' title="bbox 451 346 1110 428">
     <span class='ocr_line' id='line_1_1' title="bbox 451 346 1110 428; baseline 0.003 -13"><span class='ocrx_word' id='word_1_1' title='bbox 451 355 846 428; x_wconf 68' lang='lat' dir='ltr'><strong>nstdspotuhtshpsa</strong></span> <span class='ocrx_word' id='word_1_2' title='bbox 1047 346 1110 419; x_wconf 79' lang='grc'><strong>313</strong></span> 
     </span>
    </p>
   </div>
   <div class='ocr_carea' id='block_1_2' title="bbox 199 541 1121 3689">
    <p class='ocr_par' dir='ltr' id='par_1_2' title="bbox 199 541 1113 857">
     <span class='ocr_line' id='line_1_2' title="bbox 199 541 1111 624; baseline 0.001 -21"><span class='ocrx_word' id='word_1_3' title='bbox 199 549 287 604; x_wconf 86' lang='lat' dir='ltr'><strong>nano</strong></span> <span class='ocrx_word' id='word_1_4' title='bbox 311 542 462 624; x_wconf 82' lang='lat' dir='ltr'><strong>pontifice</strong></span> <span class='ocrx_word' id='word_1_5' title='bbox 488 543 588 604; x_wconf 88' lang='lat' dir='ltr'><strong>solum</strong></span> <span class='ocrx_word' id='word_1_6' title='bbox 611 551 644 604; x_wconf 85' lang='lat' dir='ltr'><strong>et</strong></span> <span class='ocrx_word' id='word_1_7' title='bbox 664 562 804 615; x_wconf 81' lang='lat' dir='ltr'><strong>omnem,</strong></span> <span class='ocrx_word' id='word_1_8' title='bbox 841 556 872 605; x_wconf 80' lang='lat' dir='ltr'><strong>et</strong></span> <span class='ocrx_word' id='word_1_9' title='bbox 907 541 1111 604; x_wconf 83' lang='lat' dir='ltr'><strong>universalem</strong></span> 
     </span>
     <span class='ocr_line' id='line_1_3' title="bbox 199 624 1112 707; baseline 0.001 -20"><span class='ocrx_word' id='word_1_10' title='bbox 199 624 375 687; x_wconf 73' lang='lat' dir='ltr'><strong>›ontificem</strong></span> <span class='ocrx_word' id='word_1_11' title='bbox 397 627 517 704; x_wconf 82' lang='lat' dir='ltr'><strong>facere,</strong></span> <span class='ocrx_word' id='word_1_12' title='bbox 552 625 669 687; x_wconf 83' lang='lat' dir='ltr'><strong>nntium</strong></span> <span class='ocrx_word' id='word_1_13' title='bbox 707 626 885 707; x_wconf 82' lang='lat' dir='ltr'><strong>pontificem</strong></span> <span class='ocrx_word' id='word_1_14' title='bbox 912 625 1002 688; x_wconf 88' lang='lat' dir='ltr'><strong>uobis</strong></span> <span class='ocrx_word' id='word_1_15' title='bbox 1023 624 1112 688; x_wconf 77' lang='lat' dir='ltr'><strong>reliu</strong></span> 
     </span>
     <span class='ocr_line' id='line_1_4' title="bbox 199 708 1113 790; baseline -0.002 -20"><span class='ocrx_word' id='word_1_16' title='bbox 199 717 301 788; x_wconf 68' lang='lat' dir='ltr'><strong>ruant,</strong></span> <span class='ocrx_word' id='word_1_17' title='bbox 324 717 359 770; x_wconf 95' lang='lat' dir='ltr'><strong>nt</strong></span> <span class='ocrx_word' id='word_1_18' title='bbox 381 708 521 787; x_wconf 84' lang='lat' dir='ltr'><strong>videant,</strong></span> <span class='ocrx_word' id='word_1_19' title='bbox 543 729 604 788; x_wconf 86' lang='lat' dir='ltr'><strong>quo</strong></span> <span class='ocrx_word' id='word_1_20' title='bbox 627 710 781 790; x_wconf 86' lang='lat' dir='ltr'><strong>stipendio</strong></span> <span class='ocrx_word' id='word_1_21' title='bbox 803 709 974 789; x_wconf 83' lang='lat' dir='ltr'><strong>Scripturas</strong></span> <span class='ocrx_word' id='word_1_22' title='bbox 996 708 1113 770; x_wconf 78' lang='lat' dir='ltr'><strong>violen-</strong></span> 
     </span>
     <span class='ocr_line' id='line_1_5' title="bbox 199 791 699 857; baseline 0.01 -5"><span class='ocrx_word' id='word_1_23' title='bbox 199 799 257 853; x_wconf 82' lang='lat' dir='ltr'><strong>ent</strong></span> <span class='ocrx_word' id='word_1_24' title='bbox 281 791 461 853; x_wconf 75' lang='lat' dir='ltr'><strong>adulatores</strong></span> <span class='ocrx_word' id='word_1_25' title='bbox 484 800 516 852; x_wconf 87' lang='lat' dir='ltr'><strong>et</strong></span> <span class='ocrx_word' id='word_1_26' title='bbox 535 792 699 857; x_wconf 76' lang='lat' dir='ltr'><strong>ambitiosi.</strong></span> 
     </span>
    </p>

    <p class='ocr_par' dir='ltr' id='par_1_3' title="bbox 199 875 1114 1517">
     <span class='ocr_line' id='line_1_6' title="bbox 279 875 1114 957; baseline 0 -21"><span class='ocrx_word' id='word_1_27' title='bbox 279 875 445 954; x_wconf 87' lang='lat' dir='ltr'><strong>Reliquum</strong></span> <span class='ocrx_word' id='word_1_28' title='bbox 467 893 542 956; x_wconf 82' lang='lat' dir='ltr'><strong>ergo</strong></span> <span class='ocrx_word' id='word_1_29' title='bbox 566 881 630 955; x_wconf 89' lang='lat' dir='ltr'><strong>est,</strong></span> <span class='ocrx_word' id='word_1_30' title='bbox 651 876 845 957; x_wconf 83' lang='lat' dir='ltr'><strong>evangeiium</strong></span> <span class='ocrx_word' id='word_1_31' title='bbox 867 875 928 936; x_wconf 88' lang='lat' dir='ltr'><strong>hoc</strong></span> <span class='ocrx_word' id='word_1_32' title='bbox 947 875 1034 952; x_wconf 85' lang='lat' dir='ltr'><strong>ioco,</strong></span> <span class='ocrx_word' id='word_1_33' title='bbox 1055 892 1114 936; x_wconf 80' lang='lat' dir='ltr'><strong>neo</strong></span> 
     </span>
     <span class='ocr_line' id='line_1_7' title="bbox 199 957 1112 1035; baseline -0.002 -16"><span class='ocrx_word' id='word_1_34' title='bbox 199 957 232 1019; x_wconf 80' lang='lat' dir='ltr'><strong>td</strong></span> <span class='ocrx_word' id='word_1_35' title='bbox 255 958 392 1035; x_wconf 89' lang='lat' dir='ltr'><strong>Petrum,</strong></span> <span class='ocrx_word' id='word_1_36' title='bbox 414 977 473 1017; x_wconf 90' lang='lat' dir='ltr'><strong>nec</strong></span> <span class='ocrx_word' id='word_1_37' title='bbox 493 957 534 1018; x_wconf 91' lang='lat' dir='ltr'><strong>ad</strong></span> <span class='ocrx_word' id='word_1_38' title='bbox 552 977 763 1020; x_wconf 77' lang='lat' dir='ltr'><strong>successorem</strong></span> <span class='ocrx_word' id='word_1_39' title='bbox 781 960 857 1033; x_wconf 90' lang='lat' dir='ltr'><strong>eius,</strong></span> <span class='ocrx_word' id='word_1_40' title='bbox 879 977 937 1019; x_wconf 89' lang='lat' dir='ltr'><strong>nec</strong></span> <span class='ocrx_word' id='word_1_41' title='bbox 958 958 997 1018; x_wconf 86' lang='lat' dir='ltr'><strong>ad</strong></span> <span class='ocrx_word' id='word_1_42' title='bbox 1019 958 1112 1018; x_wconf 87' lang='lat' dir='ltr'><strong>ullum</strong></span> 
     </span>
     <span class='ocr_line' id='line_1_8' title="bbox 199 1040 1114 1122; baseline 0.001 -22"><span class='ocrx_word' id='word_1_43' title='bbox 199 1043 380 1122; x_wconf 86' lang='lat' dir='ltr'><strong>episcopum</strong></span> <span class='ocrx_word' id='word_1_44' title='bbox 398 1048 452 1101; x_wconf 89' lang='lat' dir='ltr'><strong>aut</strong></span> <span class='ocrx_word' id='word_1_45' title='bbox 463 1040 557 1109; x_wconf 80' lang='lat' dir='ltr'><strong>ullum</strong></span> <span class='ocrx_word' id='word_1_46' title='bbox 579 1042 735 1104; x_wconf 87' lang='lat' dir='ltr'><strong>hominem</strong></span> <span class='ocrx_word' id='word_1_47' title='bbox 753 1042 938 1122; x_wconf 76' lang='lat' dir='ltr'><strong>singularem</strong></span> <span class='ocrx_word' id='word_1_48' title='bbox 950 1042 1114 1122; x_wconf 87' lang='lat' dir='ltr'><strong>pertinere,</strong></span> 
     </span>
     <span class='ocr_line' id='line_1_9' title="bbox 199 1123 1113 1204; baseline 0.001 -21"><span class='ocrx_word' id='word_1_49' title='bbox 199 1123 252 1184; x_wconf 86' lang='lat' dir='ltr'><strong>sed</strong></span> <span class='ocrx_word' id='word_1_50' title='bbox 275 1123 315 1183; x_wconf 87' lang='lat' dir='ltr'><strong>ad</strong></span> <span class='ocrx_word' id='word_1_51' title='bbox 334 1124 583 1199; x_wconf 83' lang='lat' dir='ltr'><strong>communionem</strong></span> <span class='ocrx_word' id='word_1_52' title='bbox 597 1124 790 1202; x_wconf 85' lang='lat' dir='ltr'><strong>Sanctorum,</strong></span> <span class='ocrx_word' id='word_1_53' title='bbox 813 1143 893 1204; x_wconf 86' lang='lat' dir='ltr'><strong>quae</strong></span> <span class='ocrx_word' id='word_1_54' title='bbox 908 1131 956 1185; x_wconf 90' lang='lat' dir='ltr'><strong>est</strong></span> <span class='ocrx_word' id='word_1_55' title='bbox 971 1124 1113 1201; x_wconf 85' lang='lat' dir='ltr'><strong>ecclesia,</strong></span> 
     </span>
     <span class='ocr_line' id='line_1_10' title="bbox 199 1206 1114 1288; baseline 0.002 -22"><span class='ocrx_word' id='word_1_56' title='bbox 199 1206 276 1267; x_wconf 86' lang='lat' dir='ltr'><strong>haec</strong></span> <span class='ocrx_word' id='word_1_57' title='bbox 299 1206 446 1285; x_wconf 75' lang='lat' dir='ltr'><strong>deinceps</strong></span> <span class='ocrx_word' id='word_1_58' title='bbox 466 1214 571 1287; x_wconf 91' lang='lat' dir='ltr'><strong>potest</strong></span> <span class='ocrx_word' id='word_1_59' title='bbox 584 1208 688 1269; x_wconf 86' lang='lat' dir='ltr'><strong>claves</strong></span> <span class='ocrx_word' id='word_1_60' title='bbox 702 1207 903 1284; x_wconf 83' lang='lat' dir='ltr'><strong>committere,</strong></span> <span class='ocrx_word' id='word_1_61' title='bbox 925 1214 987 1267; x_wconf 90' lang='lat' dir='ltr'><strong>tum</strong></span> <span class='ocrx_word' id='word_1_62' title='bbox 1010 1207 1114 1288; x_wconf 81' lang='lat' dir='ltr'><strong>digno,</strong></span> 
     </span>
     <span class='ocr_line' id='line_1_11' title="bbox 199 1286 1114 1370; baseline 0.003 -22"><span class='ocrx_word' id='word_1_63' title='bbox 199 1297 257 1349; x_wconf 76' lang='lat' dir='ltr'><strong>tuni</strong></span> <span class='ocrx_word' id='word_1_64' title='bbox 281 1288 421 1368; x_wconf 85' lang='lat' dir='ltr'><strong>indiguo.</strong></span> <span class='ocrx_word' id='word_1_65' title='bbox 463 1289 608 1370; x_wconf 88' lang='lat' dir='ltr'><strong>Indigno,</strong></span> <span class='ocrx_word' id='word_1_66' title='bbox 646 1292 788 1370; x_wconf 91' lang='lat' dir='ltr'><strong>inquam,</strong></span> <span class='ocrx_word' id='word_1_67' title='bbox 810 1309 914 1351; x_wconf 88' lang='lat' dir='ltr'><strong>coram</strong></span> <span class='ocrx_word' id='word_1_68' title='bbox 937 1290 1020 1366; x_wconf 88' lang='lat' dir='ltr'><strong>Deo,</strong></span> <span class='ocrx_word' id='word_1_69' title='bbox 1042 1286 1114 1369; x_wconf 88' lang='lat' dir='ltr'><strong>quia</strong></span> 
     </span>
     <span class='ocr_line' id='line_1_12' title="bbox 199 1371 1113 1453; baseline 0.002 -21"><span class='ocrx_word' id='word_1_70' title='bbox 199 1373 304 1449; x_wconf 90' lang='lat' dir='ltr'><strong>nescit,</strong></span> <span class='ocrx_word' id='word_1_71' title='bbox 326 1379 426 1439; x_wconf 67' lang='lat' dir='ltr'><strong>utrum,</strong></span> <span class='ocrx_word' id='word_1_72' title='bbox 448 1371 596 1453; x_wconf 74' lang='lat' dir='ltr'><strong>diguus¹j</strong></span> <span class='ocrx_word' id='word_1_73' title='bbox 611 1374 689 1452; x_wconf 88' lang='lat' dir='ltr'><strong>Deo,</strong></span> <span class='ocrx_word' id='word_1_74' title='bbox 711 1373 847 1453; x_wconf 86' lang='lat' dir='ltr'><strong>alioquin</strong></span> <span class='ocrx_word' id='word_1_75' title='bbox 865 1392 926 1434; x_wconf 92' lang='lat' dir='ltr'><strong>non</strong></span> <span class='ocrx_word' id='word_1_76' title='bbox 950 1373 1007 1433; x_wconf 87' lang='lat' dir='ltr'><strong>nisi</strong></span> <span class='ocrx_word' id='word_1_77' title='bbox 1019 1372 1113 1452; x_wconf 77' lang='lat' dir='ltr'><strong>digno</strong></span> 
     </span>
     <span class='ocr_line' id='line_1_13' title="bbox 199 1453 835 1517; baseline 0.005 -4"><span class='ocrx_word' id='word_1_78' title='bbox 199 1474 302 1514; x_wconf 85' lang='lat' dir='ltr'><strong>coram</strong></span> <span class='ocrx_word' id='word_1_79' title='bbox 323 1453 498 1514; x_wconf 88' lang='lat' dir='ltr'><strong>bominibus</strong></span> <span class='ocrx_word' id='word_1_80' title='bbox 521 1457 712 1516; x_wconf 81' lang='lat' dir='ltr'><strong>committere</strong></span> <span class='ocrx_word' id='word_1_81' title='bbox 735 1455 835 1517; x_wconf 88' lang='lat' dir='ltr'><strong>debet.</strong></span> 
     </span>
    </p>

    <p class='ocr_par' dir='ltr' id='par_1_4' title="bbox 199 1536 1117 2774">
     <span class='ocr_line' id='line_1_14' title="bbox 278 1536 1114 1618; baseline 0.002 -22"><span class='ocrx_word' id='word_1_82' title='bbox 278 1536 383 1613; x_wconf 81' lang='lat' dir='ltr'><strong>Quare</strong></span> <span class='ocrx_word' id='word_1_83' title='bbox 407 1538 481 1597; x_wconf 86' lang='lat' dir='ltr'><strong>satis</strong></span> <span class='ocrx_word' id='word_1_84' title='bbox 514 1545 620 1618; x_wconf 90' lang='lat' dir='ltr'><strong>patere</strong></span> <span class='ocrx_word' id='word_1_85' title='bbox 654 1539 800 1616; x_wconf 75' lang='lat' dir='ltr'><strong>arbitror,</strong></span> <span class='ocrx_word' id='word_1_86' title='bbox 833 1537 956 1618; x_wconf 89' lang='lat' dir='ltr'><strong>quando</strong></span> <span class='ocrx_word' id='word_1_87' title='bbox 981 1537 1114 1598; x_wconf 85' lang='lat' dir='ltr'><strong>Decreta</strong></span> 
     </span>
     <span class='ocr_line' id='line_1_15' title="bbox 199 1619 1113 1699; baseline 0 -20"><span class='ocrx_word' id='word_1_88' title='bbox 199 1619 352 1699; x_wconf 85' lang='lat' dir='ltr'><strong>quaedam</strong></span> <span class='ocrx_word' id='word_1_89' title='bbox 373 1619 455 1680; x_wconf 90' lang='lat' dir='ltr'><strong>huno</strong></span> <span class='ocrx_word' id='word_1_90' title='bbox 467 1625 588 1682; x_wconf 85' lang='lat' dir='ltr'><strong>textum</strong></span> <span class='ocrx_word' id='word_1_91' title='bbox 610 1621 649 1681; x_wconf 92' lang='lat' dir='ltr'><strong>ad</strong></span> <span class='ocrx_word' id='word_1_92' title='bbox 664 1623 837 1683; x_wconf 87' lang='lat' dir='ltr'><strong>Romanam</strong></span> <span class='ocrx_word' id='word_1_93' title='bbox 860 1619 964 1681; x_wconf 87' lang='lat' dir='ltr'><strong>sedern</strong></span> <span class='ocrx_word' id='word_1_94' title='bbox 988 1626 1020 1679; x_wconf 86' lang='lat' dir='ltr'><strong>et</strong></span> <span class='ocrx_word' id='word_1_95' title='bbox 1039 1638 1113 1699; x_wconf 87' lang='lat' dir='ltr'><strong>pon·</strong></span> 
     </span>
     <span class='ocr_line' id='line_1_16' title="bbox 199 1701 1114 1785; baseline 0.002 -23"><span class='ocrx_word' id='word_1_96' title='bbox 199 1701 311 1763; x_wconf 89' lang='lat' dir='ltr'><strong>tificem</strong></span> <span class='ocrx_word' id='word_1_97' title='bbox 334 1702 474 1781; x_wconf 86' lang='lat' dir='ltr'><strong>trabunt,</strong></span> <span class='ocrx_word' id='word_1_98' title='bbox 502 1723 565 1764; x_wconf 95' lang='lat' dir='ltr'><strong>non</strong></span> <span class='ocrx_word' id='word_1_99' title='bbox 596 1705 688 1765; x_wconf 88' lang='lat' dir='ltr'><strong>modo</strong></span> <span class='ocrx_word' id='word_1_100' title='bbox 710 1704 904 1785; x_wconf 83' lang='lat' dir='ltr'><strong>frigidissime</strong></span> <span class='ocrx_word' id='word_1_101' title='bbox 929 1701 1030 1784; x_wconf 90' lang='lat' dir='ltr'><strong>(quod</strong></span> <span class='ocrx_word' id='word_1_102' title='bbox 1052 1721 1114 1764; x_wconf 91' lang='lat' dir='ltr'><strong>mo·</strong></span> 
     </span>
     <span class='ocr_line' id='line_1_17' title="bbox 199 1784 1113 1866; baseline 0 -22"><span class='ocrx_word' id='word_1_103' title='bbox 199 1785 284 1847; x_wconf 81' lang='lat' dir='ltr'><strong>desto</strong></span> <span class='ocrx_word' id='word_1_104' title='bbox 304 1785 405 1862; x_wconf 83' lang='lat' dir='ltr'><strong>dixi),</strong></span> <span class='ocrx_word' id='word_1_105' title='bbox 436 1784 491 1845; x_wconf 89' lang='lat' dir='ltr'><strong>sed</strong></span> <span class='ocrx_word' id='word_1_106' title='bbox 513 1787 604 1847; x_wconf 87' lang='lat' dir='ltr'><strong>etiam</strong></span> <span class='ocrx_word' id='word_1_107' title='bbox 633 1789 787 1849; x_wconf 85' lang='lat' dir='ltr'><strong>contrarie</strong></span> <span class='ocrx_word' id='word_1_108' title='bbox 808 1786 911 1848; x_wconf 87' lang='lat' dir='ltr'><strong>sensui</strong></span> <span class='ocrx_word' id='word_1_109' title='bbox 933 1784 1113 1866; x_wconf 81' lang='lat' dir='ltr'><strong>evangelico</strong></span> 
     </span>
     <span class='ocr_line' id='line_1_18' title="bbox 200 1867 1113 1950; baseline 0 -23"><span class='ocrx_word' id='word_1_110' title='bbox 200 1869 324 1929; x_wconf 88' lang='lat' dir='ltr'><strong>verbum</strong></span> <span class='ocrx_word' id='word_1_111' title='bbox 339 1867 451 1928; x_wconf 84' lang='lat' dir='ltr'><strong>Christi</strong></span> <span class='ocrx_word' id='word_1_112' title='bbox 466 1875 605 1948; x_wconf 88' lang='lat' dir='ltr'><strong>tractare,</strong></span> <span class='ocrx_word' id='word_1_113' title='bbox 629 1870 711 1950; x_wconf 92' lang='lat' dir='ltr'><strong>quod</strong></span> <span class='ocrx_word' id='word_1_114' title='bbox 724 1871 833 1931; x_wconf 87' lang='lat' dir='ltr'><strong>clarius</strong></span> <span class='ocrx_word' id='word_1_115' title='bbox 846 1868 1002 1942; x_wconf 87' lang='lat' dir='ltr'><strong>faciemus,</strong></span> <span class='ocrx_word' id='word_1_116' title='bbox 1021 1886 1113 1946; x_wconf 90' lang='lat' dir='ltr'><strong>quan·</strong></span> 
     </span>
     <span class='ocr_line' id='line_1_19' title="bbox 199 1951 1114 2013; baseline -0.001 -2"><span class='ocrx_word' id='word_1_117' title='bbox 199 1951 234 2011; x_wconf 91' lang='lat' dir='ltr'><strong>do</strong></span> <span class='ocrx_word' id='word_1_118' title='bbox 259 1969 299 2011; x_wconf 90' lang='lat' dir='ltr'><strong>ea</strong></span> <span class='ocrx_word' id='word_1_119' title='bbox 320 1951 447 2011; x_wconf 86' lang='lat' dir='ltr'><strong>inferius</strong></span> <span class='ocrx_word' id='word_1_120' title='bbox 475 1953 726 2013; x_wconf 83' lang='lat' dir='ltr'><strong>examinabimus.</strong></span> <span class='ocrx_word' id='word_1_121' title='bbox 771 1954 894 2013; x_wconf 84' lang='lat' dir='ltr'><strong>Interim</strong></span> <span class='ocrx_word' id='word_1_122' title='bbox 922 1952 960 2012; x_wconf 88' lang='lat' dir='ltr'><strong>de</strong></span> <span class='ocrx_word' id='word_1_123' title='bbox 982 1951 1041 2010; x_wconf 88' lang='lat' dir='ltr'><strong>has</strong></span> <span class='ocrx_word' id='word_1_124' title='bbox 1061 1968 1114 2010; x_wconf 88' lang='lat' dir='ltr'><strong>an-</strong></span> 
     </span>
     <span class='ocr_line' id='line_1_20' title="bbox 199 2033 1117 2110; baseline 0 -17"><span class='ocrx_word' id='word_1_125' title='bbox 199 2035 322 2095; x_wconf 87' lang='lat' dir='ltr'><strong>toritate</strong></span> <span class='ocrx_word' id='word_1_126' title='bbox 355 2034 429 2093; x_wconf 89' lang='lat' dir='ltr'><strong>satis</strong></span> <span class='ocrx_word' id='word_1_127' title='bbox 463 2034 503 2094; x_wconf 89' lang='lat' dir='ltr'><strong>sit</strong></span> <span class='ocrx_word' id='word_1_128' title='bbox 538 2036 568 2094; x_wconf 91' lang='lat' dir='ltr'><strong>in</strong></span> <span class='ocrx_word' id='word_1_129' title='bbox 599 2054 719 2096; x_wconf 86' lang='lat' dir='ltr'><strong>summa</strong></span> <span class='ocrx_word' id='word_1_130' title='bbox 742 2035 864 2097; x_wconf 91' lang='lat' dir='ltr'><strong>dictum.</strong></span> <span class='ocrx_word' id='word_1_131' title='bbox 908 2033 998 2110; x_wconf 82' lang='lat' dir='ltr'><strong>Quod</strong></span> <span class='ocrx_word' id='word_1_132' title='bbox 1021 2034 1046 2093; x_wconf 93' lang='lat' dir='ltr'><strong>si</strong></span> <span class='ocrx_word' id='word_1_133' title='bbox 1069 2033 1117 2094; x_wconf 88' lang='lat' dir='ltr'><strong>oui</strong></span> 
     </span>
     <span class='ocr_line' id='line_1_21' title="bbox 199 2117 1115 2197; baseline 0 -21"><span class='ocrx_word' id='word_1_134' title='bbox 199 2117 303 2177; x_wconf 86' lang='lat' dir='ltr'><strong>claves</strong></span> <span class='ocrx_word' id='word_1_135' title='bbox 328 2124 524 2196; x_wconf 77' lang='lat' dir='ltr'><strong>arrogantur,</strong></span> <span class='ocrx_word' id='word_1_136' title='bbox 562 2118 633 2179; x_wconf 90' lang='lat' dir='ltr'><strong>huic</strong></span> <span class='ocrx_word' id='word_1_137' title='bbox 666 2119 872 2179; x_wconf 85' lang='lat' dir='ltr'><strong>necessariam</strong></span> <span class='ocrx_word' id='word_1_138' title='bbox 900 2135 1023 2197; x_wconf 90' lang='lat' dir='ltr'><strong>quoque</strong></span> <span class='ocrx_word' id='word_1_139' title='bbox 1045 2135 1115 2177; x_wconf 87' lang='lat' dir='ltr'><strong>esse</strong></span> 
     </span>
     <span class='ocr_line' id='line_1_22' title="bbox 199 2198 1116 2278; baseline 0 -19"><span class='ocrx_word' id='word_1_140' title='bbox 199 2198 291 2259; x_wconf 81' lang='lat' dir='ltr'><strong>iidem</strong></span> <span class='ocrx_word' id='word_1_141' title='bbox 315 2199 414 2276; x_wconf 76' lang='lat' dir='ltr'><strong>Petri,</strong></span> <span class='ocrx_word' id='word_1_142' title='bbox 438 2198 518 2278; x_wconf 93' lang='lat' dir='ltr'><strong>quod</strong></span> <span class='ocrx_word' id='word_1_143' title='bbox 542 2201 566 2259; x_wconf 86' lang='lat' dir='ltr'><strong>si</strong></span> <span class='ocrx_word' id='word_1_144' title='bbox 589 2199 666 2262; x_wconf 87' lang='lat' dir='ltr'><strong>fides</strong></span> <span class='ocrx_word' id='word_1_145' title='bbox 677 2202 759 2262; x_wconf 88' lang='lat' dir='ltr'><strong>Petri</strong></span> <span class='ocrx_word' id='word_1_146' title='bbox 778 2202 952 2262; x_wconf 85' lang='lat' dir='ltr'><strong>necessaria</strong></span> <span class='ocrx_word' id='word_1_147' title='bbox 973 2219 1043 2260; x_wconf 87' lang='lat' dir='ltr'><strong>essa</strong></span> <span class='ocrx_word' id='word_1_148' title='bbox 1066 2218 1116 2259; x_wconf 87' lang='lat' dir='ltr'><strong>ne·</strong></span> 
     </span>
     <span class='ocr_line' id='line_1_23' title="bbox 199 2281 1117 2364; baseline -0.001 -22"><span class='ocrx_word' id='word_1_149' title='bbox 199 2282 338 2362; x_wconf 80' lang='lat' dir='ltr'><strong>gabitur,</strong></span> <span class='ocrx_word' id='word_1_150' title='bbox 371 2281 479 2342; x_wconf 85' lang='lat' dir='ltr'><strong>eadem</strong></span> <span class='ocrx_word' id='word_1_151' title='bbox 516 2284 635 2344; x_wconf 87' lang='lat' dir='ltr'><strong>ratione</strong></span> <span class='ocrx_word' id='word_1_152' title='bbox 664 2284 825 2364; x_wconf 80' lang='lat' dir='ltr'><strong>negabitur</strong></span> <span class='ocrx_word' id='word_1_153' title='bbox 856 2290 887 2345; x_wconf 93' lang='lat' dir='ltr'><strong>et</strong></span> <span class='ocrx_word' id='word_1_154' title='bbox 916 2283 1018 2343; x_wconf 86' lang='lat' dir='ltr'><strong>claves</strong></span> <span class='ocrx_word' id='word_1_155' title='bbox 1047 2300 1117 2342; x_wconf 86' lang='lat' dir='ltr'><strong>esse</strong></span> 
     </span>
     <span class='ocr_line' id='line_1_24' title="bbox 199 2364 1115 2446; baseline -0.002 -21"><span class='ocrx_word' id='word_1_156' title='bbox 199 2366 225 2425; x_wconf 90' lang='lat' dir='ltr'><strong>ei</strong></span> <span class='ocrx_word' id='word_1_157' title='bbox 250 2364 360 2442; x_wconf 79' lang='lat' dir='ltr'><strong>daras,</strong></span> <span class='ocrx_word' id='word_1_158' title='bbox 384 2383 453 2424; x_wconf 89' lang='lat' dir='ltr'><strong>oum</strong></span> <span class='ocrx_word' id='word_1_159' title='bbox 476 2370 635 2446; x_wconf 87' lang='lat' dir='ltr'><strong>utrumque</strong></span> <span class='ocrx_word' id='word_1_160' title='bbox 658 2366 783 2446; x_wconf 89' lang='lat' dir='ltr'><strong>copulet</strong></span> <span class='ocrx_word' id='word_1_161' title='bbox 804 2374 835 2427; x_wconf 85' lang='lat' dir='ltr'><strong>et</strong></span> <span class='ocrx_word' id='word_1_162' title='bbox 856 2366 1022 2446; x_wconf 81' lang='lat' dir='ltr'><strong>exprimat,</strong></span> <span class='ocrx_word' id='word_1_163' title='bbox 1053 2365 1115 2424; x_wconf 89' lang='lat' dir='ltr'><strong>imo</strong></span> 
     </span>
     <span class='ocr_line' id='line_1_25' title="bbox 199 2446 1116 2528; baseline -0.003 -20"><span class='ocrx_word' id='word_1_164' title='bbox 199 2446 294 2509; x_wconf 79' lang='lat' dir='ltr'><strong>fidem</strong></span> <span class='ocrx_word' id='word_1_165' title='bbox 319 2447 426 2527; x_wconf 87' lang='lat' dir='ltr'><strong>magis,</strong></span> <span class='ocrx_word' id='word_1_166' title='bbox 448 2453 480 2507; x_wconf 89' lang='lat' dir='ltr'><strong>et</strong></span> <span class='ocrx_word' id='word_1_167' title='bbox 490 2449 588 2527; x_wconf 90' lang='lat' dir='ltr'><strong>primo</strong></span> <span class='ocrx_word' id='word_1_168' title='bbox 603 2456 731 2528; x_wconf 87' lang='lat' dir='ltr'><strong>quaerat</strong></span> <span class='ocrx_word' id='word_1_169' title='bbox 742 2449 887 2511; x_wconf 85' lang='lat' dir='ltr'><strong>Christus.</strong></span> <span class='ocrx_word' id='word_1_170' title='bbox 932 2448 1032 2523; x_wconf 79' lang='lat' dir='ltr'><strong>Quare</strong></span> <span class='ocrx_word' id='word_1_171' title='bbox 1054 2465 1116 2506; x_wconf 92' lang='lat' dir='ltr'><strong>non</strong></span> 
     </span>
     <span class='ocr_line' id='line_1_26' title="bbox 199 2528 1117 2592; baseline 0 -2"><span class='ocrx_word' id='word_1_172' title='bbox 199 2531 257 2590; x_wconf 91' lang='lat' dir='ltr'><strong>nisi</strong></span> <span class='ocrx_word' id='word_1_173' title='bbox 281 2529 323 2589; x_wconf 91' lang='lat' dir='ltr'><strong>de</strong></span> <span class='ocrx_word' id='word_1_174' title='bbox 334 2529 466 2590; x_wconf 86' lang='lat' dir='ltr'><strong>ecclesia</strong></span> <span class='ocrx_word' id='word_1_175' title='bbox 476 2529 627 2591; x_wconf 80' lang='lat' dir='ltr'><strong>Christum</strong></span> <span class='ocrx_word' id='word_1_176' title='bbox 650 2551 720 2592; x_wconf 85' lang='lat' dir='ltr'><strong>esse</strong></span> <span class='ocrx_word' id='word_1_177' title='bbox 742 2532 875 2592; x_wconf 80' lang='lat' dir='ltr'><strong>locutum</strong></span> <span class='ocrx_word' id='word_1_178' title='bbox 899 2531 981 2591; x_wconf 84' lang='lat' dir='ltr'><strong>clare</strong></span> <span class='ocrx_word' id='word_1_179' title='bbox 1003 2528 1117 2590; x_wconf 87' lang='lat' dir='ltr'><strong>intelli-</strong></span> 
     </span>
     <span class='ocr_line' id='line_1_27' title="bbox 199 2611 1117 2694; baseline -0.003 -20"><span class='ocrx_word' id='word_1_180' title='bbox 199 2614 290 2694; x_wconf 73' lang='lat' dir='ltr'><strong>gitur,</strong></span> <span class='ocrx_word' id='word_1_181' title='bbox 314 2630 371 2672; x_wconf 88' lang='lat' dir='ltr'><strong>nec</strong></span> <span class='ocrx_word' id='word_1_182' title='bbox 393 2611 431 2672; x_wconf 91' lang='lat' dir='ltr'><strong>de</strong></span> <span class='ocrx_word' id='word_1_183' title='bbox 454 2633 515 2672; x_wconf 90' lang='lat' dir='ltr'><strong>una</strong></span> <span class='ocrx_word' id='word_1_184' title='bbox 536 2614 653 2693; x_wconf 88' lang='lat' dir='ltr'><strong>aliqua,</strong></span> <span class='ocrx_word' id='word_1_185' title='bbox 688 2614 742 2674; x_wconf 90' lang='lat' dir='ltr'><strong>sed</strong></span> <span class='ocrx_word' id='word_1_186' title='bbox 763 2614 802 2675; x_wconf 89' lang='lat' dir='ltr'><strong>de</strong></span> <span class='ocrx_word' id='word_1_187' title='bbox 825 2612 961 2694; x_wconf 87' lang='lat' dir='ltr'><strong>qualibet</strong></span> <span class='ocrx_word' id='word_1_188' title='bbox 987 2613 1017 2672; x_wconf 93' lang='lat' dir='ltr'><strong>in</strong></span> <span class='ocrx_word' id='word_1_189' title='bbox 1046 2630 1117 2690; x_wconf 83' lang='lat' dir='ltr'><strong>qua·</strong></span> 
     </span>
     <span class='ocr_line' id='line_1_28' title="bbox 199 2695 521 2774; baseline 0.006 -19"><span class='ocrx_word' id='word_1_190' title='bbox 199 2696 277 2757; x_wconf 89' lang='lat' dir='ltr'><strong>iibet</strong></span> <span class='ocrx_word' id='word_1_191' title='bbox 298 2699 386 2774; x_wconf 85' lang='lat' dir='ltr'><strong>parte</strong></span> <span class='ocrx_word' id='word_1_192' title='bbox 409 2695 521 2758; x_wconf 89' lang='lat' dir='ltr'><strong>muudi.</strong></span> 
     </span>
    </p>

    <p class='ocr_par' dir='ltr' id='par_1_5' title="bbox 200 2776 1121 3689">
     <span class='ocr_line' id='line_1_29' title="bbox 284 2776 1117 2855; baseline -0.001 -16"><span class='ocrx_word' id='word_1_193' title='bbox 284 2777 439 2855; x_wconf 83' lang='lat' dir='ltr'><strong>Secundo,</strong></span> <span class='ocrx_word' id='word_1_194' title='bbox 462 2777 622 2839; x_wconf 87' lang='lat' dir='ltr'><strong>adducitur</strong></span> <span class='ocrx_word' id='word_1_195' title='bbox 635 2778 709 2839; x_wconf 90' lang='lat' dir='ltr'><strong>illud</strong></span> <span class='ocrx_word' id='word_1_196' title='bbox 719 2779 830 2842; x_wconf 78' lang='lat' dir='ltr'><strong>doben.</strong></span> <span class='ocrx_word' id='word_1_197' title='bbox 853 2779 978 2839; x_wconf 89' lang='lat' dir='ltr'><strong>ultimo:</strong></span> <span class='ocrx_word' id='word_1_198' title='bbox 1001 2776 1117 2854; x_wconf 82' lang='lat' dir='ltr'><strong>Simon,</strong></span> 
     </span>
     <span class='ocr_line' id='line_1_30' title="bbox 200 2858 1116 2942; baseline -0.001 -21"><span class='ocrx_word' id='word_1_199' title='bbox 200 2861 307 2942; x_wconf 84' lang='lat' dir='ltr'><strong>diligis</strong></span> <span class='ocrx_word' id='word_1_200' title='bbox 329 2880 395 2936; x_wconf 87' lang='lat' dir='ltr'><strong>me,</strong></span> <span class='ocrx_word' id='word_1_201' title='bbox 426 2880 520 2940; x_wconf 84' lang='lat' dir='ltr'><strong>pasce</strong></span> <span class='ocrx_word' id='word_1_202' title='bbox 542 2881 617 2923; x_wconf 88' lang='lat' dir='ltr'><strong>oves</strong></span> <span class='ocrx_word' id='word_1_203' title='bbox 639 2881 734 2923; x_wconf 85' lang='lat' dir='ltr'><strong>meas.</strong></span> <span class='ocrx_word' id='word_1_204' title='bbox 777 2862 844 2922; x_wconf 89' lang='lat' dir='ltr'><strong>Hoc</strong></span> <span class='ocrx_word' id='word_1_205' title='bbox 865 2861 964 2938; x_wconf 89' lang='lat' dir='ltr'><strong>enim,</strong></span> <span class='ocrx_word' id='word_1_206' title='bbox 986 2861 1058 2940; x_wconf 89' lang='lat' dir='ltr'><strong>quia</strong></span> <span class='ocrx_word' id='word_1_207' title='bbox 1078 2858 1116 2920; x_wconf 90' lang='lat' dir='ltr'><strong>ad</strong></span> 
     </span>
     <span class='ocr_line' id='line_1_31' title="bbox 200 2943 1118 3025; baseline 0 -21"><span class='ocrx_word' id='word_1_208' title='bbox 200 2944 302 3005; x_wconf 88' lang='lat' dir='ltr'><strong>solum</strong></span> <span class='ocrx_word' id='word_1_209' title='bbox 325 2943 446 3003; x_wconf 86' lang='lat' dir='ltr'><strong>Petrum</strong></span> <span class='ocrx_word' id='word_1_210' title='bbox 469 2943 582 3004; x_wconf 90' lang='lat' dir='ltr'><strong>dictum</strong></span> <span class='ocrx_word' id='word_1_211' title='bbox 604 2950 743 3024; x_wconf 86' lang='lat' dir='ltr'><strong>putatur,</strong></span> <span class='ocrx_word' id='word_1_212' title='bbox 777 2946 875 3025; x_wconf 87' lang='lat' dir='ltr'><strong>ipsum</strong></span> <span class='ocrx_word' id='word_1_213' title='bbox 897 2963 989 3024; x_wconf 87' lang='lat' dir='ltr'><strong>super</strong></span> <span class='ocrx_word' id='word_1_214' title='bbox 1010 2961 1118 3004; x_wconf 91' lang='lat' dir='ltr'><strong>omnes</strong></span> 
     </span>
     <span class='ocr_line' id='line_1_32' title="bbox 201 3024 1118 3106; baseline -0.003 -18"><span class='ocrx_word' id='word_1_215' title='bbox 201 3029 403 3088; x_wconf 87' lang='lat' dir='ltr'><strong>constitutum</strong></span> <span class='ocrx_word' id='word_1_216' title='bbox 425 3025 617 3087; x_wconf 88' lang='lat' dir='ltr'><strong>arbitrantur.</strong></span> <span class='ocrx_word' id='word_1_217' title='bbox 661 3028 785 3104; x_wconf 87' lang='lat' dir='ltr'><strong>Verum,</strong></span> <span class='ocrx_word' id='word_1_218' title='bbox 808 3027 890 3106; x_wconf 91' lang='lat' dir='ltr'><strong>quod</strong></span> <span class='ocrx_word' id='word_1_219' title='bbox 904 3026 1024 3087; x_wconf 84' lang='lat' dir='ltr'><strong>ethaeo</strong></span> <span class='ocrx_word' id='word_1_220' title='bbox 1045 3024 1118 3085; x_wconf 91' lang='lat' dir='ltr'><strong>nihil</strong></span> 
     </span>
     <span class='ocr_line' id='line_1_33' title="bbox 202 3108 1118 3194; baseline -0.003 -23"><span class='ocrx_word' id='word_1_221' title='bbox 202 3108 335 3185; x_wconf 83' lang='lat' dir='ltr'><strong>efficiat,</strong></span> <span class='ocrx_word' id='word_1_222' title='bbox 365 3108 506 3170; x_wconf 87' lang='lat' dir='ltr'><strong>ostendo.</strong></span> <span class='ocrx_word' id='word_1_223' title='bbox 549 3110 667 3194; x_wconf 63' lang='lat' dir='ltr'><strong>d&#39;rimo,</strong></span> <span class='ocrx_word' id='word_1_224' title='bbox 690 3112 760 3190; x_wconf 89' lang='lat' dir='ltr'><strong>quia</strong></span> <span class='ocrx_word' id='word_1_225' title='bbox 782 3111 982 3171; x_wconf 86' lang='lat' dir='ltr'><strong>certissimum</strong></span> <span class='ocrx_word' id='word_1_226' title='bbox 1005 3116 1067 3185; x_wconf 85' lang='lat' dir='ltr'><strong>eet,</strong></span> <span class='ocrx_word' id='word_1_227' title='bbox 1100 3128 1118 3168; x_wconf 86' lang='lat' dir='ltr'><strong>a</strong></span> 
     </span>
     <span class='ocr_line' id='line_1_34' title="bbox 204 3189 1119 3272; baseline -0.003 -20"><span class='ocrx_word' id='word_1_228' title='bbox 204 3193 295 3253; x_wconf 90' lang='lat' dir='ltr'><strong>Petro</strong></span> <span class='ocrx_word' id='word_1_229' title='bbox 325 3190 440 3251; x_wconf 90' lang='lat' dir='ltr'><strong>nullum</strong></span> <span class='ocrx_word' id='word_1_230' title='bbox 476 3192 687 3272; x_wconf 87' lang='lat' dir='ltr'><strong>apostolorum</strong></span> <span class='ocrx_word' id='word_1_231' title='bbox 721 3213 791 3254; x_wconf 88' lang='lat' dir='ltr'><strong>esse</strong></span> <span class='ocrx_word' id='word_1_232' title='bbox 824 3193 872 3253; x_wconf 83' lang='lat' dir='ltr'><strong>vel</strong></span> <span class='ocrx_word' id='word_1_233' title='bbox 909 3199 1042 3253; x_wconf 87' lang='lat' dir='ltr'><strong>creatum</strong></span> <span class='ocrx_word' id='word_1_234' title='bbox 1070 3189 1119 3250; x_wconf 89' lang='lat' dir='ltr'><strong>vel</strong></span> 
     </span>
     <span class='ocr_line' id='line_1_35' title="bbox 205 3270 1118 3356; baseline -0.004 -21"><span class='ocrx_word' id='word_1_235' title='bbox 205 3275 338 3335; x_wconf 86' lang='lat' dir='ltr'><strong>missum.</strong></span> <span class='ocrx_word' id='word_1_236' title='bbox 382 3270 485 3348; x_wconf 79' lang='lat' dir='ltr'><strong>Quare</strong></span> <span class='ocrx_word' id='word_1_237' title='bbox 501 3294 688 3353; x_wconf 88' lang='lat' dir='ltr'><strong>necverum,</strong></span> <span class='ocrx_word' id='word_1_238' title='bbox 710 3296 768 3337; x_wconf 90' lang='lat' dir='ltr'><strong>nec</strong></span> <span class='ocrx_word' id='word_1_239' title='bbox 779 3275 928 3356; x_wconf 87' lang='lat' dir='ltr'><strong>possibile</strong></span> <span class='ocrx_word' id='word_1_240' title='bbox 949 3283 1005 3352; x_wconf 86' lang='lat' dir='ltr'><strong>est,</strong></span> <span class='ocrx_word' id='word_1_241' title='bbox 1028 3273 1118 3333; x_wconf 85' lang='lat' dir='ltr'><strong>Petro</strong></span> 
     </span>
     <span class='ocr_line' id='line_1_36' title="bbox 205 3356 1121 3439; baseline -0.001 -22"><span class='ocrx_word' id='word_1_242' title='bbox 205 3376 313 3418; x_wconf 90' lang='lat' dir='ltr'><strong>omnes</strong></span> <span class='ocrx_word' id='word_1_243' title='bbox 328 3375 404 3417; x_wconf 87' lang='lat' dir='ltr'><strong>oves</strong></span> <span class='ocrx_word' id='word_1_244' title='bbox 419 3375 488 3417; x_wconf 88' lang='lat' dir='ltr'><strong>esse</strong></span> <span class='ocrx_word' id='word_1_245' title='bbox 501 3358 692 3419; x_wconf 86' lang='lat' dir='ltr'><strong>commissas.</strong></span> <span class='ocrx_word' id='word_1_246' title='bbox 736 3358 796 3419; x_wconf 84' lang='lat' dir='ltr'><strong>Sed</strong></span> <span class='ocrx_word' id='word_1_247' title='bbox 808 3358 944 3439; x_wconf 85' lang='lat' dir='ltr'><strong>generali</strong></span> <span class='ocrx_word' id='word_1_248' title='bbox 968 3356 1121 3417; x_wconf 83' lang='lat' dir='ltr'><strong>sententia</strong></span> 
     </span>
     <span class='ocr_line' id='line_1_37' title="bbox 206 3437 1121 3502; baseline -0.003 -1"><span class='ocrx_word' id='word_1_249' title='bbox 206 3439 348 3501; x_wconf 85' lang='lat' dir='ltr'><strong>omnibus</strong></span> <span class='ocrx_word' id='word_1_250' title='bbox 369 3437 500 3500; x_wconf 90' lang='lat' dir='ltr'><strong>dictum:</strong></span> <span class='ocrx_word' id='word_1_251' title='bbox 523 3441 620 3500; x_wconf 87' lang='lat' dir='ltr'><strong>Pasce</strong></span> <span class='ocrx_word' id='word_1_252' title='bbox 634 3459 708 3500; x_wconf 87' lang='lat' dir='ltr'><strong>oves</strong></span> <span class='ocrx_word' id='word_1_253' title='bbox 724 3461 819 3502; x_wconf 82' lang='lat' dir='ltr'><strong>meaa.</strong></span> <span class='ocrx_word' id='word_1_254' title='bbox 861 3440 930 3502; x_wconf 86' lang='lat' dir='ltr'><strong>Non</strong></span> <span class='ocrx_word' id='word_1_255' title='bbox 954 3441 1033 3501; x_wconf 88' lang='lat' dir='ltr'><strong>euim</strong></span> <span class='ocrx_word' id='word_1_256' title='bbox 1047 3439 1121 3500; x_wconf 86' lang='lat' dir='ltr'><strong>dicit</strong></span> 
     </span>
     <span class='ocr_line' id='line_1_38' title="bbox 206 3520 1117 3602; baseline -0.001 -18"><span class='ocrx_word' id='word_1_257' title='bbox 206 3541 324 3593; x_wconf 83' lang='lat' dir='ltr'><strong>omnes,</strong></span> <span class='ocrx_word' id='word_1_258' title='bbox 346 3520 476 3582; x_wconf 84' lang='lat' dir='ltr'><strong>sicutad</strong></span> <span class='ocrx_word' id='word_1_259' title='bbox 488 3542 596 3583; x_wconf 88' lang='lat' dir='ltr'><strong>omnes</strong></span> <span class='ocrx_word' id='word_1_260' title='bbox 611 3524 771 3602; x_wconf 84' lang='lat' dir='ltr'><strong>apostotos</strong></span> <span class='ocrx_word' id='word_1_261' title='bbox 794 3524 882 3585; x_wconf 89' lang='lat' dir='ltr'><strong>dicit:</strong></span> <span class='ocrx_word' id='word_1_262' title='bbox 906 3524 949 3584; x_wconf 81' lang='lat' dir='ltr'><strong>lte</strong></span> <span class='ocrx_word' id='word_1_263' title='bbox 962 3524 992 3583; x_wconf 92' lang='lat' dir='ltr'><strong>in</strong></span> <span class='ocrx_word' id='word_1_264' title='bbox 1012 3520 1117 3583; x_wconf 80' lang='lat' dir='ltr'><strong>orbem</strong></span> 
     </span>
     <span class='ocr_line' id='line_1_39' title="bbox 207 3604 854 3689; baseline 0.005 -24"><span class='ocrx_word' id='word_1_265' title='bbox 207 3608 397 3677; x_wconf 86' lang='lat' dir='ltr'><strong>universum,</strong></span> <span class='ocrx_word' id='word_1_266' title='bbox 421 3613 451 3665; x_wconf 91' lang='lat' dir='ltr'><strong>et</strong></span> <span class='ocrx_word' id='word_1_267' title='bbox 474 3604 584 3667; x_wconf 78' lang='lat' dir='ltr'><strong>docete</strong></span> <span class='ocrx_word' id='word_1_268' title='bbox 607 3625 715 3666; x_wconf 86' lang='lat' dir='ltr'><strong>omnes</strong></span> <span class='ocrx_word' id='word_1_269' title='bbox 737 3615 854 3689; x_wconf 80' lang='lat' dir='ltr'><strong>gentes.</strong></span> 
     </span>
    </p>
   </div>
   <div class='ocr_carea' id='block_1_3' title="bbox 288 3683 1119 3770">
    <p class='ocr_par' dir='ltr' id='par_1_6' title="bbox 288 3683 1119 3770">
     <span class='ocr_line' id='line_1_40' title="bbox 288 3683 1119 3770; baseline -0.004 -22"><span class='ocrx_word' id='word_1_270' title='bbox 288 3689 418 3762; x_wconf 87' lang='lat' dir='ltr'><strong>Verum,</strong></span> <span class='ocrx_word' id='word_1_271' title='bbox 441 3706 501 3767; x_wconf 85' lang='lat' dir='ltr'><strong>ego</strong></span> <span class='ocrx_word' id='word_1_272' title='bbox 522 3708 586 3749; x_wconf 89' lang='lat' dir='ltr'><strong>non</strong></span> <span class='ocrx_word' id='word_1_273' title='bbox 609 3708 735 3770; x_wconf 88' lang='lat' dir='ltr'><strong>possum</strong></span> <span class='ocrx_word' id='word_1_274' title='bbox 760 3691 836 3751; x_wconf 82' lang='lat' dir='ltr'><strong>satia</strong></span> <span class='ocrx_word' id='word_1_275' title='bbox 857 3689 1019 3767; x_wconf 86' lang='lat' dir='ltr'><strong>admirari,</strong></span> <span class='ocrx_word' id='word_1_276' title='bbox 1037 3683 1119 3767; x_wconf 66' lang='lat' dir='ltr'><strong>quod</strong></span> 
     </span>
    </p>
   </div>
   <div class='ocr_carea' id='block_1_4' title="bbox 215 3868 851 3957">
    <p class='ocr_par' dir='ltr' id='par_1_7' title="bbox 215 3868 851 3957">
     <span class='ocr_line' id='line_1_41' title="bbox 215 3868 851 3957; baseline 0.006 -18"><span class='ocrx_word' id='word_1_277' title='bbox 215 3869 247 3929; x_wconf 74' lang='lat'><strong>1)</strong></span> <span class='ocrx_word' id='word_1_278' title='bbox 263 3869 297 3918; x_wconf 71' lang='lat'><strong>¹³</strong></span> <span class='ocrx_word' id='word_1_279' title='bbox 316 3868 383 3922; x_wconf 62' lang='lat'><strong>“¹¹2</strong></span> <span class='ocrx_word' id='word_1_280' title='bbox 398 3874 520 3938; x_wconf 71' lang='lat' dir='ltr'><strong>Priora:</strong></span> <span class='ocrx_word' id='word_1_281' title='bbox 537 3886 641 3937; x_wconf 59' lang='lat' dir='ltr'><strong>ustum</strong></span> <span class='ocrx_word' id='word_1_282' title='bbox 664 3883 778 3957; x_wconf 75' lang='lat' dir='ltr'><strong>dignus</strong></span> <span class='ocrx_word' id='word_1_283' title='bbox 798 3887 851 3943; x_wconf 60' lang='lat' dir='ltr'><strong>ait»</strong></span> 
     </span>
    </p>
   </div>
   <div class='ocr_carea' id='block_1_5' title="bbox 0 0 1370 4417">
    <p class='ocr_par' dir='ltr' id='par_1_8' title="bbox 0 0 1370 4417">
     <span class='ocr_line' id='line_1_42' title="bbox 0 0 1370 4417; baseline 0 0"><span class='ocrx_word' id='word_1_284' title='bbox 0 0 1370 4417; x_wconf 95' lang='lat' dir='ltr'><strong> </strong></span> 
     </span>
    </p>
   </div>
  </div>
 </body>
</html>
