2709 4417
266 345 330 410 4⁸20
507 343 555 398 ΙΙΙ.
592 343 699 398 Concio
718 344 752 398 de
772 346 951 398 confessione

269 534 337 593 Non
361 542 464 593 temen
487 540 534 592 est
555 532 615 590 hoc
646 533 692 590 sic
717 530 933 610 accipiendum
963 538 1060 609 atque
1080 534 1104 590 si
1123 552 1177 592 scn-

271 619 343 675 tiam
364 610 526 694 lpeccatum
550 633 619 673 esse
642 615 801 674 Paschatis
824 622 966 694 tempore
1000 625 1177 676 sacramento

271 701 323 760 uti.
367 700 432 758 lmo
455 697 546 757 laudo
570 716 637 756 eam
661 697 934 776 consuetudinem,
957 699 983 757 si
1007 697 1100 756 modo
1121 717 1178 758 con·
1219 734 1221 739 ·

271 783 400 840 scientia
422 800 485 839 uon
507 781 546 838 sit
567 780 694 859 alligata
715 783 863 860 tempori,
894 788 927 840 et
949 799 1076 859 quoque
1097 782 1121 839 si
1139 789 1179 841 tua

272 874 302 921 te
332 871 425 941 cogat
447 863 616 922 necessitas
646 862 686 920 ad
719 863 935 942 accipiendum
958 876 1179 937 sacramentum,

271 963 332 1004 aon
356 945 476 1021 aliquae
498 945 602 1023 Papae
624 944 720 1024 leges,

354 1027 413 1086 Sed
437 1029 611 1106 priusquam
634 1046 814 1107 pergamus,
851 1028 888 1086 de
912 1028 975 1087 hoc
1000 1040 1175 1089 sacramento

271 1110 361 1167 latius
385 1110 549 1189 disserere,
579 1109 618 1168 de
640 1109 835 1170 confessione
861 1129 1005 1188 quoque,
1045 1113 1175 1189 adquam

273 1191 355 1270 Papa
377 1193 516 1252 similiter
540 1193 641 1271 coegit
662 1191 816 1270 homines,
841 1212 943 1272 pauca
964 1193 1111 1252 dicemus.

529 1359 694 1437 Triplex
716 1358 940 1418 Confessio.

719 1493 742 1553 I.

355 1610 467 1684 Primo,
490 1612 549 1668 tria
571 1616 642 1668 suut
663 1608 867 1670 confessionis
889 1628 1017 1687 genera..
1062 1610 1174 1669 Primum

274 1693 477 1751 consessionis
500 1712 596 1772 genus
619 1698 667 1752 cst
689 1711 741 1768 aa,
774 1709 864 1768 quam
896 1710 1003 1750 coram
1026 1693 1094 1763 Deo
1118 1692 1175 1751 saci-

276 1794 356 1851 mus‚
390 1775 428 1833 de
459 1795 519 1852 qua
550 1775 622 1834 dicit
648 1775 802 1854 Propheta
829 1773 908 1834 Psal.
934 1777 989 1836 32:
1031 1776 1174 1834 Peccatum

275 1877 373 1915 meum
410 1865 515 1916 uotum
546 1857 598 1916 tibi
628 1857 703 1933 feci,
739 1865 770 1916 et
790 1856 969 1916 iniustitiam
1004 1877 1101 1916 meam
1126 1877 1174 1916 non

274 1940 429 1998 abscondi.
468 1940 552 1998 Dixi:
576 1939 755 1999 Confitebor
776 1939 922 1998 adversus
945 1960 995 1999 me
1017 1941 1174 1999 iniustitiam

276 2042 373 2080 ineam
397 2022 545 2098 Domino,
580 2033 609 2081 et
636 2031 667 2083 tu
695 2023 838 2081 remisisti
860 2023 1051 2101 impietatem
1073 2025 1174 2102 peccati

276 2106 340 2166 mei.
389 2104 427 2162 Et
456 2106 486 2163 in
518 2105 629 2164 eodem
655 2105 795 2164 Psalmo:
833 2103 985 2178 Quoniam
1021 2108 1113 2180 tacui‚
1141 2107 1173 2164 io-

277 2194 490 2246 vcteraveruut
512 2205 583 2247 ossa
606 2207 685 2265 mea,
705 2189 880 2246 immutatus
904 2196 951 2247 est
972 2189 1081 2248 humor
1096 2208 1174 2258 meus,

273 2272 304 2329 in
327 2271 480 2329 siccitates
502 2273 638 2332 aestatis.

357 2352 424 2410 Hoc
447 2360 503 2425 est,
526 2372 629 2412 coram
651 2354 723 2416 Deo,
742 2372 833 2412 nemo
856 2353 1013 2430 subsistet,
1035 2354 1091 2412 nisi
1111 2353 1174 2412 hanc

274 2436 501 2495 confessionem
531 2455 635 2495 secum
664 2434 780 2497 afferat.
834 2435 886 2494 Sic
912 2435 993 2495 Psal.
1020 2440 1077 2500 130
1103 2455 1172 2514 prae-

274 2517 368 2578 dicat:
403 2517 493 2596 Apud
521 2527 550 2577 te
580 2519 757 2598 propitiatio
789 2526 850 2594 est,
885 2525 917 2576 ut
939 2519 1082 2581 timearis.
1120 2518 1174 2577 Hoc

275 2609 335 2676 est,
359 2602 409 2678 qui
433 2619 498 2659 cum
524 2602 589 2661 Deo
614 2620 707 2680 agere
728 2600 826 2678 volet,
848 2600 901 2660 ille
922 2602 967 2659 sic
988 2608 1076 2681 aget,
1099 2609 1127 2660 ut
1144 2620 1173 2660 er

274 2683 367 2742 corde
390 2683 571 2742 confiteatur
594 2703 648 2742 sua
670 2690 807 2763 peccata,
831 2689 861 2742 et
882 2682 978 2742 dicat:
1002 2685 1138 2761 Domine,
1156 2685 1174 2741 si

275 2775 304 2825 tu
328 2774 408 2824 tuam
433 2766 504 2824 mihi
534 2768 694 2845 negaveris
728 2765 984 2843 misericordiam,
1024 2776 1120 2826 actum
1145 2765 1174 2824 de
1219 2844 1221 2849 Ι

277 2868 325 2906 me
348 2857 404 2924 est,
426 2856 695 2927 quantumcunque
717 2851 774 2907 sim
796 2847 918 2927 probus.

356 2930 412 2989 Est
438 2940 538 2991 autem
567 2932 645 2991 baec
677 2931 831 2991 confessio
855 2933 1027 2991 communis
1051 2933 1174 2992 omnibus

275 3014 410 3091 Sanctis,
439 3017 517 3073 siout
537 3034 653 3073 rursum
677 3016 709 3073 in
731 3014 810 3074 Psal.
834 3017 873 3076 32
897 3013 1021 3074 dicitur:
1053 3016 1110 3075 Pro
1130 3014 1175 3073 hac

275 3096 374 3156 orabit
408 3097 445 3154 ad
481 3106 510 3156 te
543 3099 641 3156 omnis
670 3096 799 3156 Sanctus
829 3105 887 3156 eto.
931 3096 983 3157 Sic
1016 3098 1105 3159 docet
1129 3115 1175 3156 nos

274 3181 351 3238 baec
373 3180 542 3257 confessio,
577 3179 657 3258 quod
682 3199 790 3240 omncs
819 3181 923 3239 iniusti
946 3188 977 3240 et
997 3181 1125 3260 improbi
1144 3181 1174 3237 si·

276 3281 350 3320 mus.
394 3262 425 3321 si
446 3264 496 3340 qui
521 3282 592 3322 vero
617 3264 784 3342 singularia
804 3262 919 3322 babent
940 3262 1041 3342 dona,
1069 3264 1111 3322 illi
1131 3280 1174 3341 pro

274 3364 311 3404 eo
336 3343 485 3404 beneficio
509 3353 601 3424 agant
623 3346 690 3405 Deo
713 3347 843 3424 gratias,
878 3364 978 3423 neque
1000 3366 1035 3406 se
1057 3346 1176 3407 efferant.

273 3427 326 3487 sin
348 3429 378 3486 in
401 3435 528 3506 peccata
551 3429 714 3507 prolapsus
736 3429 843 3503 fareris,
875 3431 993 3507 cogites
1026 3449 1094 3489 eam
1122 3447 1176 3487 esse

274 3511 373 3570 carnis
404 3519 434 3568 et
462 3512 619 3589 sauguinis
642 3521 794 3583 naturam,
829 3529 928 3588 neque
956 3519 1017 3570 tam
1050 3529 1175 3591 magnum

274 3601 355 3651 tuum
387 3613 454 3650 esse
478 3604 650 3671 peccatum,
684 3596 756 3672 quin
787 3596 818 3653 in
853 3594 933 3653 idern
965 3602 1019 3654 aut
1048 3595 1174 3655 etiamiu

272 3678 370 3736 maius
393 3675 474 3736 aliud
497 3677 595 3755 quivis
625 3678 703 3736 alius
737 3676 857 3755 prolabi
887 3680 993 3754 possit.
1038 3677 1108 3741 Non
1133 3677 1175 3756 igi-

267 3776 316 3824 tur
344 3769 395 3826 est
429 3761 493 3824 alia
521 3781 591 3840 res7
623 3779 707 3838 onae
726 3778 788 3818 nos
808 3757 990 3832 discernat„
1019 3775 1113 3839 auam
1133 3775 1185 3827 gs

258 3852 306 3916 tia
325 3851 401 3919 Dei.
