<?xml version="1.0" encoding="UTF-8"?>
<!DOCTYPE html PUBLIC "-//W3C//DTD XHTML 1.0 Transitional//EN"
    "http://www.w3.org/TR/xhtml1/DTD/xhtml1-transitional.dtd">
<html xmlns="http://www.w3.org/1999/xhtml" xml:lang="en" lang="en">
 <head>
  <title>
</title>
<meta http-equiv="Content-Type" content="text/html;charset=utf-8" />
  <meta name='ocr-system' content='tesseract 3.04.00' />
  <meta name='ocr-capabilities' content='ocr_page ocr_carea ocr_par ocr_line ocrx_word'/>
</head>
<body>
  <div class='ocr_page' id='page_1' title='image "./operalatinavari00schmgoog_0021.png"; bbox 0 0 2709 4417; ppageno 0'>
   <div class='ocr_carea' id='block_1_1' title="bbox 285 308 1118 411">
    <p class='ocr_par' dir='ltr' id='par_1_1' title="bbox 285 308 1118 411">
     <span class='ocr_line' id='line_1_1' title="bbox 285 308 1118 411; baseline 0 -9"><span class='ocrx_word' id='word_1_1' title='bbox 285 308 382 404; x_wconf 76' lang='lat' dir='ltr'>csso·</span> <span class='ocrx_word' id='word_1_2' title='bbox 400 349 432 405; x_wconf 83' lang='lat' dir='ltr'>r.</span> <span class='ocrx_word' id='word_1_3' title='bbox 450 349 554 403; x_wconf 66' lang='lat' dir='ltr'>usust</span> <span class='ocrx_word' id='word_1_4' title='bbox 573 354 600 403; x_wconf 75' lang='lat' dir='ltr'>a</span> <span class='ocrx_word' id='word_1_5' title='bbox 617 349 651 402; x_wconf 89' lang='lat' dir='ltr'>o.</span> <span class='ocrx_word' id='word_1_6' title='bbox 670 349 838 405; x_wconf 71' lang='lat' dir='ltr'>conannas</span> <span class='ocrx_word' id='word_1_7' title='bbox 858 350 942 403; x_wconf 75' lang='lat' dir='ltr'>rous.</span> <span class='ocrx_word' id='word_1_8' title='bbox 960 348 1044 403; x_wconf 71' lang='lat' dir='ltr'>mm.</span> <span class='ocrx_word' id='word_1_9' title='bbox 1097 344 1118 411; x_wconf 82' lang='lat'>9</span> 
     </span>
    </p>
   </div>
   <div class='ocr_carea' id='block_1_2' title="bbox 167 534 1119 701">
    <p class='ocr_par' dir='ltr' id='par_1_2' title="bbox 167 534 1119 722">
     <span class='ocr_line' id='line_1_2' title="bbox 167 534 1119 617; baseline -0.004 -16"><span class='ocrx_word' id='word_1_10' title='bbox 167 541 169 551; x_wconf 68' lang='lat'><em>¹</em></span> <span class='ocrx_word' id='word_1_11' title='bbox 223 537 349 601; x_wconf 79' lang='lat' dir='ltr'>amabiles</span> <span class='ocrx_word' id='word_1_12' title='bbox 369 537 510 617; x_wconf 84' lang='lat' dir='ltr'>praelati,</span> <span class='ocrx_word' id='word_1_13' title='bbox 533 556 573 597; x_wconf 88' lang='lat' dir='ltr'>ex</span> <span class='ocrx_word' id='word_1_14' title='bbox 592 535 765 617; x_wconf 85' lang='lat' dir='ltr'>ingolstadt</span> <span class='ocrx_word' id='word_1_15' title='bbox 786 535 957 617; x_wconf 88' lang='lat' dir='ltr'>Bajoariae,</span> <span class='ocrx_word' id='word_1_16' title='bbox 982 534 1028 601; x_wconf 79' lang='lat'>14.</span> <span class='ocrx_word' id='word_1_17' title='bbox 1040 535 1119 597; x_wconf 87' lang='lat' dir='ltr'>Mar·</span> 
     </span>
     <span class='ocr_line' id='line_1_3' title="bbox 224 621 751 701; baseline 0.002 -19.902"><span class='ocrx_word' id='word_1_18' title='bbox 224 622 358 699; x_wconf 78' lang='lat' dir='ltr'>t&#39;i,Anno</span> <span class='ocrx_word' id='word_1_19' title='bbox 380 621 510 701; x_wconf 87' lang='lat' dir='ltr'>virginei</span> <span class='ocrx_word' id='word_1_20' title='bbox 532 625 637 700; x_wconf 86' lang='lat' dir='ltr'>partus</span> <span class='ocrx_word' id='word_1_21' title='bbox 660 623 751 684; x_wconf 78' lang='lat'><strong>1519.</strong></span> 
     </span>
    </p>
   </div>
   <div class='ocr_carea' id='block_1_3' title="bbox 167 770 1119 862">
    <p class='ocr_par' dir='ltr' id='par_1_3' title="bbox 167 770 1119 862">
     <span class='ocr_line' id='line_1_4' title="bbox 167 770 1119 862; baseline -0.001 -17"><span class='ocrx_word' id='word_1_22' title='bbox 167 770 177 825; x_wconf 67' lang='grc' dir='ltr'><strong>ἰ</strong></span> <span class='ocrx_word' id='word_1_23' title='bbox 226 789 348 848; x_wconf 69' lang='lat' dir='ltr'>contra</span> <span class='ocrx_word' id='word_1_24' title='bbox 368 785 401 849; x_wconf 85' lang='lat' dir='ltr'>n.</span> <span class='ocrx_word' id='word_1_25' title='bbox 422 784 570 844; x_wconf 72' lang='lat' dir='ltr'>tusses</span> <span class='ocrx_word' id='word_1_26' title='bbox 591 790 630 844; x_wconf 73' lang='lat' dir='ltr'>et</span> <span class='ocrx_word' id='word_1_27' title='bbox 650 785 688 847; x_wconf 88' lang='lat' dir='ltr'>o.</span> <span class='ocrx_word' id='word_1_28' title='bbox 711 784 956 845; x_wconf 62' lang='lat' dir='ltr'>aasentias</span> <span class='ocrx_word' id='word_1_29' title='bbox 978 784 1018 844; x_wconf 78' lang='lat' dir='ltr'>sn</span> <span class='ocrx_word' id='word_1_30' title='bbox 1039 783 1119 862; x_wconf 80' lang='lat' dir='ltr'>crp-</span> 
     </span>
    </p>
   </div>
   <div class='ocr_carea' id='block_1_4' title="bbox 167 865 1158 1027">
    <p class='ocr_par' dir='ltr' id='par_1_4' title="bbox 167 865 1158 1027">
     <span class='ocr_line' id='line_1_5' title="bbox 167 865 1158 947; baseline -0.005 -17"><span class='ocrx_word' id='word_1_31' title='bbox 167 870 179 908; x_wconf 74' lang='lat'><em>²</em></span> <span class='ocrx_word' id='word_1_32' title='bbox 224 869 308 930; x_wconf 87' lang='lat' dir='ltr'>scusi</span> <span class='ocrx_word' id='word_1_33' title='bbox 326 868 456 929; x_wconf 86' lang='lat' dir='ltr'>studio</span> <span class='ocrx_word' id='word_1_34' title='bbox 479 868 546 928; x_wconf 88' lang='lat' dir='ltr'>has</span> <span class='ocrx_word' id='word_1_35' title='bbox 569 866 789 947; x_wconf 77' lang='lat' dir='ltr'><strong>disputabit</strong></span> <span class='ocrx_word' id='word_1_36' title='bbox 810 867 1034 946; x_wconf 80' lang='lat' dir='ltr'>positiones</span> <span class='ocrx_word' id='word_1_37' title='bbox 1056 865 1119 925; x_wconf 80' lang='lat' dir='ltr'>Ec</span> <span class='ocrx_word' id='word_1_38' title='bbox 1154 870 1158 885; x_wconf 93' lang='lat'>&#39;</span> 
     </span>
     <span class='ocr_line' id='line_1_6' title="bbox 177 948 942 1027; baseline -0.005 -17"><span class='ocrx_word' id='word_1_39' title='bbox 177 952 179 981; x_wconf 75' lang='lat'>²</span> <span class='ocrx_word' id='word_1_40' title='bbox 397 950 523 1027; x_wconf 70' lang='lat' dir='ltr'>eius*)</span> <span class='ocrx_word' id='word_1_41' title='bbox 549 949 663 1010; x_wconf 85' lang='lat' dir='ltr'>XXVII</span> <span class='ocrx_word' id='word_1_42' title='bbox 678 950 761 1010; x_wconf 82' lang='lat' dir='ltr'>lunii</span> <span class='ocrx_word' id='word_1_43' title='bbox 784 948 942 1014; x_wconf 58' lang='lat' dir='ltr'>medix.</span> 
     </span>
    </p>
   </div>
   <div class='ocr_carea' id='block_1_5' title="bbox 167 1081 1125 3149">
    <p class='ocr_par' dir='ltr' id='par_1_5' title="bbox 167 1081 1120 1578">
     <span class='ocr_line' id='line_1_7' title="bbox 167 1081 1118 1166; baseline -0.002 -20"><span class='ocrx_word' id='word_1_44' title='bbox 167 1119 180 1155; x_wconf 73' lang='lat' dir='ltr'>er</span> <span class='ocrx_word' id='word_1_45' title='bbox 270 1081 302 1166; x_wconf 91' lang='lat' dir='ltr'>l)</span> <span class='ocrx_word' id='word_1_46' title='bbox 317 1083 424 1164; x_wconf 81' lang='lat' dir='ltr'>Neque</span> <span class='ocrx_word' id='word_1_47' title='bbox 447 1083 536 1145; x_wconf 92' lang='lat' dir='ltr'>dictis</span> <span class='ocrx_word' id='word_1_48' title='bbox 552 1103 657 1145; x_wconf 88' lang='lat' dir='ltr'>sacrae</span> <span class='ocrx_word' id='word_1_49' title='bbox 670 1086 847 1164; x_wconf 74' lang='lat' dir='ltr'>scripturae,</span> <span class='ocrx_word' id='word_1_50' title='bbox 865 1089 918 1144; x_wconf 90' lang='lat' dir='ltr'>aut</span> <span class='ocrx_word' id='word_1_51' title='bbox 936 1084 1048 1143; x_wconf 88' lang='lat' dir='ltr'>sanctis</span> <span class='ocrx_word' id='word_1_52' title='bbox 1067 1101 1118 1163; x_wconf 86' lang='lat' dir='ltr'>pa·</span> 
     </span>
     <span class='ocr_line' id='line_1_8' title="bbox 167 1166 1120 1249; baseline -0.005 -20"><span class='ocrx_word' id='word_1_53' title='bbox 167 1199 181 1237; x_wconf 69' lang='lat' dir='ltr'>r.</span> <span class='ocrx_word' id='word_1_54' title='bbox 225 1167 316 1243; x_wconf 74' lang='lat' dir='ltr'>tubus,</span> <span class='ocrx_word' id='word_1_55' title='bbox 336 1167 512 1249; x_wconf 80' lang='lat' dir='ltr'>Augustino</span> <span class='ocrx_word' id='word_1_56' title='bbox 534 1176 565 1227; x_wconf 90' lang='lat' dir='ltr'>et</span> <span class='ocrx_word' id='word_1_57' title='bbox 585 1167 653 1227; x_wconf 86' lang='lat' dir='ltr'>aliis</span> <span class='ocrx_word' id='word_1_58' title='bbox 675 1166 859 1245; x_wconf 87' lang='lat' dir='ltr'>concordat,</span> <span class='ocrx_word' id='word_1_59' title='bbox 892 1167 1057 1226; x_wconf 91' lang='lat' dir='ltr'>Dominum</span> <span class='ocrx_word' id='word_1_60' title='bbox 1089 1172 1120 1225; x_wconf 89' lang='lat' dir='ltr'>et</span> 
     </span>
     <span class='ocr_line' id='line_1_9' title="bbox 167 1248 1120 1330; baseline -0.002 -20"><span class='ocrx_word' id='word_1_61' title='bbox 167 1280 179 1319; x_wconf 59' lang='lat' dir='ltr'>a</span> <span class='ocrx_word' id='word_1_62' title='bbox 223 1251 378 1330; x_wconf 74' lang='lat' dir='ltr'>Magistrum</span> <span class='ocrx_word' id='word_1_63' title='bbox 403 1256 542 1310; x_wconf 84' lang='lat' dir='ltr'>nostruin</span> <span class='ocrx_word' id='word_1_64' title='bbox 564 1248 669 1309; x_wconf 81' lang='lat' dir='ltr'>desum</span> <span class='ocrx_word' id='word_1_65' title='bbox 691 1249 845 1310; x_wconf 80' lang='lat' dir='ltr'>Christum</span> <span class='ocrx_word' id='word_1_66' title='bbox 869 1248 1016 1326; x_wconf 86' lang='lat' dir='ltr'>dicendo,</span> <span class='ocrx_word' id='word_1_67' title='bbox 1044 1248 1120 1309; x_wconf 88' lang='lat' dir='ltr'>Poe·</span> 
     </span>
     <span class='ocr_line' id='line_1_10' title="bbox 167 1331 1118 1412; baseline -0.002 -20"><span class='ocrx_word' id='word_1_68' title='bbox 167 1343 176 1403; x_wconf 85' lang='lat' dir='ltr'>l</span> <span class='ocrx_word' id='word_1_69' title='bbox 222 1334 361 1393; x_wconf 87' lang='lat' dir='ltr'>nitentiam</span> <span class='ocrx_word' id='word_1_70' title='bbox 393 1333 496 1412; x_wconf 87' lang='lat' dir='ltr'>agite,</span> <span class='ocrx_word' id='word_1_71' title='bbox 536 1333 672 1393; x_wconf 88' lang='lat' dir='ltr'>voluisse</span> <span class='ocrx_word' id='word_1_72' title='bbox 702 1352 825 1394; x_wconf 89' lang='lat' dir='ltr'>ornnem</span> <span class='ocrx_word' id='word_1_73' title='bbox 857 1331 991 1391; x_wconf 85' lang='lat' dir='ltr'>fidelium</span> <span class='ocrx_word' id='word_1_74' title='bbox 1026 1332 1118 1391; x_wconf 87' lang='lat' dir='ltr'>vitam</span> 
     </span>
     <span class='ocr_line' id='line_1_11' title="bbox 167 1414 1119 1495; baseline 0.003 -24"><span class='ocrx_word' id='word_1_75' title='bbox 167 1416 192 1471; x_wconf 68' lang='grc' dir='ltr'>ι’</span> <span class='ocrx_word' id='word_1_76' title='bbox 221 1434 274 1475; x_wconf 91' lang='lat' dir='ltr'>esse</span> <span class='ocrx_word' id='word_1_77' title='bbox 294 1415 527 1495; x_wconf 88' lang='lat' dir='ltr'>poenitentiam.</span> <span class='ocrx_word' id='word_1_78' title='bbox 570 1415 661 1477; x_wconf 88' lang='lat' dir='ltr'>Unde</span> <span class='ocrx_word' id='word_1_79' title='bbox 684 1425 715 1476; x_wconf 91' lang='lat' dir='ltr'>et</span> <span class='ocrx_word' id='word_1_80' title='bbox 737 1415 775 1475; x_wconf 95' lang='lat' dir='ltr'>de</span> <span class='ocrx_word' id='word_1_81' title='bbox 804 1414 1019 1475; x_wconf 75' lang='lat' dir='ltr'>sacramentali</span> <span class='ocrx_word' id='word_1_82' title='bbox 1047 1433 1119 1493; x_wconf 89' lang='lat' dir='ltr'>poe-</span> 
     </span>
     <span class='ocr_line' id='line_1_12' title="bbox 219 1497 994 1578; baseline -0.001 -20"><span class='ocrx_word' id='word_1_83' title='bbox 219 1498 331 1558; x_wconf 90' lang='lat' dir='ltr'>nitentia</span> <span class='ocrx_word' id='word_1_84' title='bbox 350 1497 426 1557; x_wconf 90' lang='lat' dir='ltr'>illud</span> <span class='ocrx_word' id='word_1_85' title='bbox 449 1497 576 1559; x_wconf 89' lang='lat' dir='ltr'>verbum</span> <span class='ocrx_word' id='word_1_86' title='bbox 598 1498 710 1560; x_wconf 90' lang='lat' dir='ltr'>idonee</span> <span class='ocrx_word' id='word_1_87' title='bbox 732 1504 836 1578; x_wconf 90' lang='lat' dir='ltr'>potest</span> <span class='ocrx_word' id='word_1_88' title='bbox 855 1497 994 1578; x_wconf 85' lang='lat' dir='ltr'>intelligi.</span> 
     </span>
    </p>

    <p class='ocr_par' dir='ltr' id='par_1_6' title="bbox 216 1579 1121 2054">
     <span class='ocr_line' id='line_1_13' title="bbox 266 1579 1119 1660; baseline -0.006 -17"><span class='ocrx_word' id='word_1_89' title='bbox 266 1583 302 1658; x_wconf 84' lang='lat'>2)</span> <span class='ocrx_word' id='word_1_90' title='bbox 324 1580 390 1640; x_wconf 82' lang='lat' dir='ltr'>Etsi</span> <span class='ocrx_word' id='word_1_91' title='bbox 414 1590 543 1660; x_wconf 87' lang='lat' dir='ltr'>peccata</span> <span class='ocrx_word' id='word_1_92' title='bbox 564 1582 697 1642; x_wconf 86' lang='lat' dir='ltr'>venialis</span> <span class='ocrx_word' id='word_1_93' title='bbox 719 1581 779 1640; x_wconf 86' lang='lat' dir='ltr'>sint</span> <span class='ocrx_word' id='word_1_94' title='bbox 800 1579 994 1659; x_wconf 89' lang='lat' dir='ltr'>quotidiana,</span> <span class='ocrx_word' id='word_1_95' title='bbox 1017 1585 1119 1639; x_wconf 84' lang='lat' dir='ltr'>tamen</span> 
     </span>
     <span class='ocr_line' id='line_1_14' title="bbox 216 1661 1119 1744; baseline -0.002 -23"><span class='ocrx_word' id='word_1_96' title='bbox 216 1664 313 1722; x_wconf 89' lang='lat' dir='ltr'>iustum</span> <span class='ocrx_word' id='word_1_97' title='bbox 334 1682 458 1742; x_wconf 89' lang='lat' dir='ltr'>semper</span> <span class='ocrx_word' id='word_1_98' title='bbox 480 1672 609 1744; x_wconf 90' lang='lat' dir='ltr'>peccare</span> <span class='ocrx_word' id='word_1_99' title='bbox 630 1666 662 1730; x_wconf 92' lang='lat' dir='ltr'>in</span> <span class='ocrx_word' id='word_1_100' title='bbox 684 1664 768 1724; x_wconf 92' lang='lat' dir='ltr'>omni</span> <span class='ocrx_word' id='word_1_101' title='bbox 791 1682 885 1743; x_wconf 92' lang='lat' dir='ltr'>opere</span> <span class='ocrx_word' id='word_1_102' title='bbox 906 1661 1006 1738; x_wconf 94' lang='lat' dir='ltr'>bono,</span> <span class='ocrx_word' id='word_1_103' title='bbox 1028 1662 1119 1722; x_wconf 88' lang='lat' dir='ltr'>etiarn</span> 
     </span>
     <span class='ocr_line' id='line_1_15' title="bbox 216 1744 1121 1827; baseline -0.002 -22"><span class='ocrx_word' id='word_1_104' title='bbox 216 1745 283 1813; x_wconf 84' lang='lat' dir='ltr'>bene</span> <span class='ocrx_word' id='word_1_105' title='bbox 304 1745 482 1823; x_wconf 90' lang='lat' dir='ltr'>moriend0,</span> <span class='ocrx_word' id='word_1_106' title='bbox 511 1767 676 1827; x_wconf 85' lang='lat' dir='ltr'>negamus,</span> <span class='ocrx_word' id='word_1_107' title='bbox 699 1748 778 1806; x_wconf 87' lang='lat' dir='ltr'>sicut</span> <span class='ocrx_word' id='word_1_108' title='bbox 799 1764 959 1806; x_wconf 91' lang='lat' dir='ltr'>erroneum</span> <span class='ocrx_word' id='word_1_109' title='bbox 983 1744 1121 1820; x_wconf 81' lang='lat' dir='ltr'>dicimus,</span> 
     </span>
     <span class='ocr_line' id='line_1_16' title="bbox 216 1826 1119 1910; baseline -0.003 -23"><span class='ocrx_word' id='word_1_110' title='bbox 216 1829 314 1888; x_wconf 88' lang='lat' dir='ltr'>iustum</span> <span class='ocrx_word' id='word_1_111' title='bbox 340 1836 486 1888; x_wconf 90' lang='lat' dir='ltr'>manente</span> <span class='ocrx_word' id='word_1_112' title='bbox 514 1830 628 1891; x_wconf 84' lang='lat' dir='ltr'>iustitia</span> <span class='ocrx_word' id='word_1_113' title='bbox 658 1848 789 1910; x_wconf 89' lang='lat' dir='ltr'>peccare</span> <span class='ocrx_word' id='word_1_114' title='bbox 820 1847 914 1909; x_wconf 89' lang='lat' dir='ltr'>posse</span> <span class='ocrx_word' id='word_1_115' title='bbox 942 1826 1119 1898; x_wconf 84' lang='lat' dir='ltr'>mortaliter,</span> 
     </span>
     <span class='ocr_line' id='line_1_17' title="bbox 216 1910 1120 1993; baseline -0.001 -24"><span class='ocrx_word' id='word_1_116' title='bbox 216 1916 261 1970; x_wconf 88' lang='lat' dir='ltr'>aut</span> <span class='ocrx_word' id='word_1_117' title='bbox 277 1912 308 1970; x_wconf 91' lang='lat' dir='ltr'>in</span> <span class='ocrx_word' id='word_1_118' title='bbox 328 1930 425 1992; x_wconf 93' lang='lat' dir='ltr'>puero</span> <span class='ocrx_word' id='word_1_119' title='bbox 448 1920 520 1991; x_wconf 91' lang='lat' dir='ltr'>post</span> <span class='ocrx_word' id='word_1_120' title='bbox 538 1912 723 1993; x_wconf 89' lang='lat' dir='ltr'>baptismum</span> <span class='ocrx_word' id='word_1_121' title='bbox 740 1912 860 1972; x_wconf 89' lang='lat' dir='ltr'>alienae</span> <span class='ocrx_word' id='word_1_122' title='bbox 873 1910 1039 1970; x_wconf 91' lang='lat' dir='ltr'>voluntatis</span> <span class='ocrx_word' id='word_1_123' title='bbox 1051 1926 1120 1989; x_wconf 76' lang='lat' dir='ltr'>pec</span> 
     </span>
     <span class='ocr_line' id='line_1_18' title="bbox 216 1998 498 2054; baseline 0.004 -2"><span class='ocrx_word' id='word_1_124' title='bbox 216 1998 306 2053; x_wconf 63' lang='lat' dir='ltr'>mum</span> <span class='ocrx_word' id='word_1_125' title='bbox 328 2012 498 2054; x_wconf 89' lang='lat' dir='ltr'>remanere.</span> 
     </span>
    </p>

    <p class='ocr_par' dir='ltr' id='par_1_7' title="bbox 216 2073 1121 2241">
     <span class='ocr_line' id='line_1_19' title="bbox 271 2073 1121 2157; baseline -0.007 -18"><span class='ocrx_word' id='word_1_126' title='bbox 271 2078 306 2151; x_wconf 89' lang='grc'>3)</span> <span class='ocrx_word' id='word_1_127' title='bbox 330 2077 527 2137; x_wconf 86' lang='lat' dir='ltr'>Astruentein</span> <span class='ocrx_word' id='word_1_128' title='bbox 550 2079 773 2157; x_wconf 87' lang='lat' dir='ltr'>poeniteutiam</span> <span class='ocrx_word' id='word_1_129' title='bbox 796 2095 858 2136; x_wconf 91' lang='lat' dir='ltr'>nou</span> <span class='ocrx_word' id='word_1_130' title='bbox 880 2082 963 2135; x_wconf 86' lang='lat' dir='ltr'>recte</span> <span class='ocrx_word' id='word_1_131' title='bbox 984 2073 1121 2134; x_wconf 92' lang='lat' dir='ltr'>inchoari</span> 
     </span>
     <span class='ocr_line' id='line_1_20' title="bbox 216 2157 1121 2241; baseline -0.002 -24"><span class='ocrx_word' id='word_1_132' title='bbox 216 2177 232 2217; x_wconf 90' lang='lat' dir='ltr'>a</span> <span class='ocrx_word' id='word_1_133' title='bbox 251 2157 453 2220; x_wconf 87' lang='lat' dir='ltr'>detestatione</span> <span class='ocrx_word' id='word_1_134' title='bbox 474 2165 689 2240; x_wconf 89' lang='lat' dir='ltr'>peccatorum,</span> <span class='ocrx_word' id='word_1_135' title='bbox 718 2157 918 2241; x_wconf 91' lang='lat' dir='ltr'>recogitando</span> <span class='ocrx_word' id='word_1_136' title='bbox 940 2158 1121 2238; x_wconf 86' lang='lat' dir='ltr'>gravitatem</span> 
     </span>
    </p>

    <p class='ocr_par' dir='ltr' id='par_1_8' title="bbox 167 2241 1123 2484">
     <span class='ocr_line' id='line_1_21' title="bbox 167 2241 1120 2323; baseline 0 -24"><span class='ocrx_word' id='word_1_137' title='bbox 167 2280 171 2299; x_wconf 88' lang='lat'><em>.</em></span> <span class='ocrx_word' id='word_1_138' title='bbox 217 2242 325 2319; x_wconf 86' lang='lat' dir='ltr'>pcccati</span> <span class='ocrx_word' id='word_1_139' title='bbox 346 2248 377 2301; x_wconf 88' lang='lat' dir='ltr'>et</span> <span class='ocrx_word' id='word_1_140' title='bbox 398 2261 536 2323; x_wconf 89' lang='lat' dir='ltr'>poenae,</span> <span class='ocrx_word' id='word_1_141' title='bbox 570 2249 601 2303; x_wconf 91' lang='lat' dir='ltr'>et</span> <span class='ocrx_word' id='word_1_142' title='bbox 631 2241 713 2321; x_wconf 89' lang='lat' dir='ltr'>quod</span> <span class='ocrx_word' id='word_1_143' title='bbox 742 2243 835 2302; x_wconf 82' lang='lat' dir='ltr'>iaciat</span> <span class='ocrx_word' id='word_1_144' title='bbox 863 2242 959 2320; x_wconf 89' lang='lat' dir='ltr'>magis</span> <span class='ocrx_word' id='word_1_145' title='bbox 982 2245 1120 2320; x_wconf 87' lang='lat' dir='ltr'>peccato·</span> 
     </span>
     <span class='ocr_line' id='line_1_22' title="bbox 217 2322 1123 2405; baseline -0.002 -23"><span class='ocrx_word' id='word_1_146' title='bbox 217 2342 283 2402; x_wconf 89' lang='lat' dir='ltr'>rem,</span> <span class='ocrx_word' id='word_1_147' title='bbox 303 2330 449 2403; x_wconf 89' lang='lat' dir='ltr'>tanquam</span> <span class='ocrx_word' id='word_1_148' title='bbox 472 2325 634 2405; x_wconf 88' lang='lat' dir='ltr'>evangelio</span> <span class='ocrx_word' id='word_1_149' title='bbox 658 2333 689 2385; x_wconf 91' lang='lat' dir='ltr'>et</span> <span class='ocrx_word' id='word_1_150' title='bbox 710 2326 824 2385; x_wconf 89' lang='lat' dir='ltr'>sanctis</span> <span class='ocrx_word' id='word_1_151' title='bbox 847 2322 982 2404; x_wconf 89' lang='lat' dir='ltr'>patribus</span> <span class='ocrx_word' id='word_1_152' title='bbox 1005 2329 1123 2383; x_wconf 87' lang='lat' dir='ltr'>contra·</span> 
     </span>
     <span class='ocr_line' id='line_1_23' title="bbox 219 2406 745 2484; baseline 0.006 -18"><span class='ocrx_word' id='word_1_153' title='bbox 219 2407 298 2484; x_wconf 88' lang='lat' dir='ltr'>rium,</span> <span class='ocrx_word' id='word_1_154' title='bbox 318 2425 381 2467; x_wconf 92' lang='lat' dir='ltr'>non</span> <span class='ocrx_word' id='word_1_155' title='bbox 405 2406 533 2468; x_wconf 81' lang='lat' dir='ltr'>dicimus</span> <span class='ocrx_word' id='word_1_156' title='bbox 550 2407 745 2469; x_wconf 86' lang='lat' dir='ltr'>audiendum.</span> 
     </span>
    </p>

    <p class='ocr_par' dir='ltr' id='par_1_9' title="bbox 220 2486 1125 2651">
     <span class='ocr_line' id='line_1_24' title="bbox 288 2486 1125 2568; baseline -0.006 -17"><span class='ocrx_word' id='word_1_157' title='bbox 288 2490 325 2562; x_wconf 87' lang='grc'>4)</span> <span class='ocrx_word' id='word_1_158' title='bbox 345 2488 472 2566; x_wconf 90' lang='lat' dir='ltr'>Dicere,</span> <span class='ocrx_word' id='word_1_159' title='bbox 501 2491 599 2550; x_wconf 91' lang='lat' dir='ltr'>Deum</span> <span class='ocrx_word' id='word_1_160' title='bbox 621 2489 805 2551; x_wconf 88' lang='lat' dir='ltr'>remittendo</span> <span class='ocrx_word' id='word_1_161' title='bbox 828 2488 949 2568; x_wconf 90' lang='lat' dir='ltr'>culpam</span> <span class='ocrx_word' id='word_1_162' title='bbox 971 2486 1125 2548; x_wconf 87' lang='lat' dir='ltr'>remittere</span> 
     </span>
     <span class='ocr_line' id='line_1_25' title="bbox 220 2570 1122 2651; baseline -0.002 -21"><span class='ocrx_word' id='word_1_163' title='bbox 220 2589 355 2650; x_wconf 91' lang='lat' dir='ltr'>poenam,</span> <span class='ocrx_word' id='word_1_164' title='bbox 390 2579 421 2632; x_wconf 87' lang='lat' dir='ltr'>et</span> <span class='ocrx_word' id='word_1_165' title='bbox 460 2591 522 2633; x_wconf 90' lang='lat' dir='ltr'>non</span> <span class='ocrx_word' id='word_1_166' title='bbox 555 2580 744 2634; x_wconf 83' lang='lat' dir='ltr'>commutare</span> <span class='ocrx_word' id='word_1_167' title='bbox 771 2574 802 2632; x_wconf 92' lang='lat' dir='ltr'>in</span> <span class='ocrx_word' id='word_1_168' title='bbox 836 2590 967 2651; x_wconf 90' lang='lat' dir='ltr'>poenam</span> <span class='ocrx_word' id='word_1_169' title='bbox 989 2570 1122 2648; x_wconf 87' lang='lat' dir='ltr'>aliquam</span> 
     </span>
    </p>

    <p class='ocr_par' dir='ltr' id='par_1_10' title="bbox 167 2654 1125 2899">
     <span class='ocr_line' id='line_1_26' title="bbox 175 2654 1123 2736; baseline -0.002 -23"><span class='ocrx_word' id='word_1_170' title='bbox 175 2730 178 2735; x_wconf 28' lang='grc' dir='ltr'>Ι</span> <span class='ocrx_word' id='word_1_171' title='bbox 222 2654 408 2733; x_wconf 85' lang='lat' dir='ltr'>temporalem</span> <span class='ocrx_word' id='word_1_172' title='bbox 437 2656 688 2729; x_wconf 79' lang='lat' dir='ltr'>satisfactorium,</span> <span class='ocrx_word' id='word_1_173' title='bbox 716 2675 770 2736; x_wconf 90' lang='lat' dir='ltr'>per</span> <span class='ocrx_word' id='word_1_174' title='bbox 798 2672 933 2715; x_wconf 89' lang='lat' dir='ltr'>canones</span> <span class='ocrx_word' id='word_1_175' title='bbox 962 2659 993 2712; x_wconf 91' lang='lat' dir='ltr'>et</span> <span class='ocrx_word' id='word_1_176' title='bbox 1025 2670 1123 2712; x_wconf 88' lang='lat' dir='ltr'>sacer·</span> 
     </span>
     <span class='ocr_line' id='line_1_27' title="bbox 167 2735 1125 2818; baseline -0.001 -24"><span class='ocrx_word' id='word_1_177' title='bbox 167 2778 169 2809; x_wconf 80' lang='lat'>÷</span> <span class='ocrx_word' id='word_1_178' title='bbox 223 2735 291 2795; x_wconf 90' lang='lat' dir='ltr'>dotis</span> <span class='ocrx_word' id='word_1_179' title='bbox 310 2737 530 2798; x_wconf 89' lang='lat' dir='ltr'>iniunctionem</span> <span class='ocrx_word' id='word_1_180' title='bbox 552 2739 583 2798; x_wconf 91' lang='lat' dir='ltr'>in</span> <span class='ocrx_word' id='word_1_181' title='bbox 606 2745 694 2818; x_wconf 87' lang='lat' dir='ltr'>parte</span> <span class='ocrx_word' id='word_1_182' title='bbox 715 2737 764 2797; x_wconf 89' lang='lat' dir='ltr'>vel</span> <span class='ocrx_word' id='word_1_183' title='bbox 787 2744 852 2798; x_wconf 91' lang='lat' dir='ltr'>toto</span> <span class='ocrx_word' id='word_1_184' title='bbox 873 2735 1069 2814; x_wconf 88' lang='lat' dir='ltr'>declaratam,</span> <span class='ocrx_word' id='word_1_185' title='bbox 1090 2738 1125 2793; x_wconf 91' lang='lat' dir='ltr'>ut</span> 
     </span>
     <span class='ocr_line' id='line_1_28' title="bbox 167 2815 1123 2899; baseline 0 -22"><span class='ocrx_word' id='word_1_186' title='bbox 167 2820 169 2831; x_wconf 93' lang='lat'>&#39;</span> <span class='ocrx_word' id='word_1_187' title='bbox 224 2836 315 2879; x_wconf 88' lang='lat' dir='ltr'>sacrae</span> <span class='ocrx_word' id='word_1_188' title='bbox 334 2821 518 2899; x_wconf 87' lang='lat' dir='ltr'>scripturae,</span> <span class='ocrx_word' id='word_1_189' title='bbox 547 2827 578 2881; x_wconf 88' lang='lat' dir='ltr'>et</span> <span class='ocrx_word' id='word_1_190' title='bbox 598 2821 664 2881; x_wconf 93' lang='lat' dir='ltr'>usui</span> <span class='ocrx_word' id='word_1_191' title='bbox 687 2821 837 2881; x_wconf 88' lang='lat' dir='ltr'>ecclesiae</span> <span class='ocrx_word' id='word_1_192' title='bbox 859 2836 1034 2898; x_wconf 86' lang='lat' dir='ltr'>repugnans</span> <span class='ocrx_word' id='word_1_193' title='bbox 1062 2815 1123 2877; x_wconf 90' lang='lat' dir='ltr'>exi-</span> 
     </span>
    </p>

    <p class='ocr_par' dir='ltr' id='par_1_11' title="bbox 226 2902 375 2962">
     <span class='ocr_line' id='line_1_29' title="bbox 226 2902 375 2962; baseline 0.02 -3"><span class='ocrx_word' id='word_1_194' title='bbox 226 2902 375 2962; x_wconf 69' lang='lat' dir='ltr'>sumamus.</span> 
     </span>
    </p>

    <p class='ocr_par' dir='ltr' id='par_1_12' title="bbox 230 2981 1125 3149">
     <span class='ocr_line' id='line_1_30' title="bbox 278 2981 1124 3065; baseline -0.009 -17"><span class='ocrx_word' id='word_1_195' title='bbox 278 2986 311 3060; x_wconf 79' lang='lat'>5)</span> <span class='ocrx_word' id='word_1_196' title='bbox 324 2982 498 3059; x_wconf 82' lang='lat' dir='ltr'>Quemlibet</span> <span class='ocrx_word' id='word_1_197' title='bbox 510 2985 714 3063; x_wconf 89' lang='lat' dir='ltr'>sacerdotem,</span> <span class='ocrx_word' id='word_1_198' title='bbox 737 2985 819 3045; x_wconf 91' lang='lat' dir='ltr'>nullo</span> <span class='ocrx_word' id='word_1_199' title='bbox 832 2983 970 3065; x_wconf 90' lang='lat' dir='ltr'>praelato</span> <span class='ocrx_word' id='word_1_200' title='bbox 989 2981 1124 3060; x_wconf 92' lang='lat' dir='ltr'>dempto,</span> 
     </span>
     <span class='ocr_line' id='line_1_31' title="bbox 230 3065 1125 3149; baseline 0.001 -26"><span class='ocrx_word' id='word_1_201' title='bbox 230 3083 272 3126; x_wconf 88' lang='lat' dir='ltr'>suo</span> <span class='ocrx_word' id='word_1_202' title='bbox 291 3066 407 3128; x_wconf 89' lang='lat' dir='ltr'>subdito</span> <span class='ocrx_word' id='word_1_203' title='bbox 430 3069 547 3147; x_wconf 87' lang='lat' dir='ltr'>petenti</span> <span class='ocrx_word' id='word_1_204' title='bbox 569 3087 663 3149; x_wconf 87' lang='lat' dir='ltr'>posse</span> <span class='ocrx_word' id='word_1_205' title='bbox 685 3070 840 3129; x_wconf 88' lang='lat' dir='ltr'>remittere</span> <span class='ocrx_word' id='word_1_206' title='bbox 856 3075 909 3127; x_wconf 91' lang='lat' dir='ltr'>aut</span> <span class='ocrx_word' id='word_1_207' title='bbox 922 3065 1034 3126; x_wconf 88' lang='lat' dir='ltr'>debere</span> <span class='ocrx_word' id='word_1_208' title='bbox 1051 3081 1125 3145; x_wconf 91' lang='lat' dir='ltr'>poe·</span> 
     </span>
    </p>
   </div>
   <div class='ocr_carea' id='block_1_6' title="bbox 232 3176 391 3186">
    <p class='ocr_par' dir='ltr' id='par_1_13' title="bbox 232 3176 391 3186">
     <span class='ocr_line' id='line_1_32' title="bbox 232 3176 391 3186; baseline 0.006 -3"><span class='ocrx_word' id='word_1_209' title='bbox 232 3176 391 3186; x_wconf 70' lang='lat'>——.</span> 
     </span>
    </p>
   </div>
   <div class='ocr_carea' id='block_1_7' title="bbox 273 3223 1128 3793">
    <p class='ocr_par' dir='ltr' id='par_1_14' title="bbox 273 3223 1128 3793">
     <span class='ocr_line' id='line_1_33' title="bbox 273 3223 1126 3349; baseline -0.005 -1"><span class='ocrx_word' id='word_1_210' title='bbox 273 3225 300 3288; x_wconf 57' lang='lat' dir='ltr'>u</span> <span class='ocrx_word' id='word_1_211' title='bbox 317 3224 478 3348; x_wconf 62' lang='lat' dir='ltr'>iiiiii</span> <span class='ocrx_word' id='word_1_212' title='bbox 492 3223 1126 3349; x_wconf 60' lang='lat' dir='ltr'>rcrrrnnrnnasinina</span> 
     </span>
     <span class='ocr_line' id='line_1_34' title="bbox 317 3366 1126 3436; baseline -0.007 -15"><span class='ocrx_word' id='word_1_213' title='bbox 317 3366 500 3427; x_wconf 74' lang='lat' dir='ltr'>carolostadii</span> <span class='ocrx_word' id='word_1_214' title='bbox 512 3367 622 3436; x_wconf 87' lang='lat' dir='ltr'>Lipsiae</span> <span class='ocrx_word' id='word_1_215' title='bbox 643 3374 704 3431; x_wconf 64' lang='lat' dir='ltr'>etc„</span> <span class='ocrx_word' id='word_1_216' title='bbox 722 3369 749 3419; x_wconf 92' lang='lat' dir='ltr'>in</span> <span class='ocrx_word' id='word_1_217' title='bbox 770 3366 936 3420; x_wconf 85' lang='lat' dir='ltr'>editionibus</span> <span class='ocrx_word' id='word_1_218' title='bbox 956 3372 1046 3417; x_wconf 87' lang='lat' dir='ltr'>sutem</span> <span class='ocrx_word' id='word_1_219' title='bbox 1061 3378 1126 3432; x_wconf 91' lang='lat' dir='ltr'>opp.</span> 
     </span>
     <span class='ocr_line' id='line_1_35' title="bbox 318 3436 1126 3507; baseline -0.004 -17"><span class='ocrx_word' id='word_1_220' title='bbox 318 3440 361 3492; x_wconf 79' lang='lat' dir='ltr'>lat.</span> <span class='ocrx_word' id='word_1_221' title='bbox 379 3439 494 3491; x_wconf 88' lang='lat' dir='ltr'>Luthcri</span> <span class='ocrx_word' id='word_1_222' title='bbox 513 3446 569 3490; x_wconf 87' lang='lat' dir='ltr'>tam</span> <span class='ocrx_word' id='word_1_223' title='bbox 587 3439 701 3492; x_wconf 75' lang='lat' dir='ltr'>lenensi</span> <span class='ocrx_word' id='word_1_224' title='bbox 720 3455 802 3507; x_wconf 87' lang='lat' dir='ltr'>qnam</span> <span class='ocrx_word' id='word_1_225' title='bbox 823 3438 1079 3505; x_wconf 87' lang='lat' dir='ltr'>Wittembergensi,</span> <span class='ocrx_word' id='word_1_226' title='bbox 1097 3436 1126 3487; x_wconf 89' lang='lat' dir='ltr'>in</span> 
     </span>
     <span class='ocr_line' id='line_1_36' title="bbox 318 3508 1128 3579; baseline -0.006 -16"><span class='ocrx_word' id='word_1_227' title='bbox 318 3512 414 3579; x_wconf 87' lang='lat' dir='ltr'>quibus</span> <span class='ocrx_word' id='word_1_228' title='bbox 440 3509 633 3563; x_wconf 86' lang='lat' dir='ltr'>tantummodo</span> <span class='ocrx_word' id='word_1_229' title='bbox 664 3526 713 3577; x_wconf 88' lang='lat' dir='ltr'>ea,</span> <span class='ocrx_word' id='word_1_230' title='bbox 738 3526 809 3577; x_wconf 87' lang='lat' dir='ltr'>quae</span> <span class='ocrx_word' id='word_1_231' title='bbox 831 3512 902 3561; x_wconf 86' lang='lat' dir='ltr'>inter</span> <span class='ocrx_word' id='word_1_232' title='bbox 928 3508 1075 3560; x_wconf 89' lang='lat' dir='ltr'>Lutherum</span> <span class='ocrx_word' id='word_1_233' title='bbox 1100 3512 1128 3560; x_wconf 88' lang='lat' dir='ltr'>et</span> 
     </span>
     <span class='ocr_line' id='line_1_37' title="bbox 317 3580 1124 3650; baseline -0.004 -15"><span class='ocrx_word' id='word_1_234' title='bbox 317 3582 424 3635; x_wconf 86' lang='lat' dir='ltr'>Ecclum</span> <span class='ocrx_word' id='word_1_235' title='bbox 446 3581 587 3650; x_wconf 87' lang='lat' dir='ltr'>disputata</span> <span class='ocrx_word' id='word_1_236' title='bbox 606 3587 686 3644; x_wconf 86' lang='lat' dir='ltr'>sunt,</span> <span class='ocrx_word' id='word_1_237' title='bbox 707 3581 873 3641; x_wconf 80' lang='lat' dir='ltr'>redduntur,</span> <span class='ocrx_word' id='word_1_238' title='bbox 892 3581 987 3631; x_wconf 87' lang='lat' dir='ltr'>titulus</span> <span class='ocrx_word' id='word_1_239' title='bbox 1007 3580 1051 3630; x_wconf 88' lang='lat' dir='ltr'>hic</span> <span class='ocrx_word' id='word_1_240' title='bbox 1070 3584 1124 3633; x_wconf 88' lang='lat' dir='ltr'>est:</span> 
     </span>
     <span class='ocr_line' id='line_1_38' title="bbox 319 3648 1127 3718; baseline -0.001 -14"><span class='ocrx_word' id='word_1_241' title='bbox 319 3653 417 3707; x_wconf 86' lang='lat' dir='ltr'>Contra</span> <span class='ocrx_word' id='word_1_242' title='bbox 442 3653 471 3706; x_wconf 86' lang='lat' dir='ltr'>F.</span> <span class='ocrx_word' id='word_1_243' title='bbox 496 3653 643 3705; x_wconf 80' lang='lat' dir='ltr'>Martiuum</span> <span class='ocrx_word' id='word_1_244' title='bbox 664 3653 810 3706; x_wconf 80' lang='lat' dir='ltr'>lutherum</span> <span class='ocrx_word' id='word_1_245' title='bbox 838 3653 866 3703; x_wconf 91' lang='lat' dir='ltr'>in</span> <span class='ocrx_word' id='word_1_246' title='bbox 885 3651 1008 3718; x_wconf 85' lang='lat' dir='ltr'>Lipsenci</span> <span class='ocrx_word' id='word_1_247' title='bbox 1035 3648 1127 3703; x_wconf 88' lang='lat' dir='ltr'>studio</span> 
     </span>
     <span class='ocr_line' id='line_1_39' title="bbox 315 3721 1126 3793; baseline 0.002 -19"><span class='ocrx_word' id='word_1_248' title='bbox 315 3723 364 3774; x_wconf 73' lang='lat' dir='ltr'>lias</span> <span class='ocrx_word' id='word_1_249' title='bbox 395 3724 549 3790; x_wconf 81' lang='lat' dir='ltr'>disputabit</span> <span class='ocrx_word' id='word_1_250' title='bbox 569 3725 725 3791; x_wconf 86' lang='lat' dir='ltr'>positiones</span> <span class='ocrx_word' id='word_1_251' title='bbox 746 3724 860 3793; x_wconf 85' lang='lat' dir='ltr'>Ecclns,</span> <span class='ocrx_word' id='word_1_252' title='bbox 888 3722 933 3776; x_wconf 83' lang='lat' dir='ltr'>tv.</span> <span class='ocrx_word' id='word_1_253' title='bbox 965 3721 1030 3775; x_wconf 79' lang='lat' dir='ltr'>tulii</span> <span class='ocrx_word' id='word_1_254' title='bbox 1053 3734 1126 3776; x_wconf 81' lang='lat' dir='ltr'>anno</span> 
     </span>
    </p>
   </div>
   <div class='ocr_carea' id='block_1_8' title="bbox 291 3790 1141 3924">
    <p class='ocr_par' dir='ltr' id='par_1_15' title="bbox 291 3790 1141 3924">
     <span class='ocr_line' id='line_1_40' title="bbox 291 3790 1141 3924; baseline 0.012 -85"><span class='ocrx_word' id='word_1_255' title='bbox 291 3790 441 3924; x_wconf 46' lang='lat' dir='ltr'><em>&amp;2¹1le</em></span> <span class='ocrx_word' id='word_1_256' title='bbox 459 3793 533 3845; x_wconf 88' lang='lat' dir='ltr'>Irora</span> <span class='ocrx_word' id='word_1_257' title='bbox 558 3794 611 3849; x_wconf 86' lang='lat' dir='ltr'>VH.</span> <span class='ocrx_word' id='word_1_258' title='bbox 632 3796 726 3862; x_wconf 84' lang='lat' dir='ltr'>(Edit.</span> <span class='ocrx_word' id='word_1_259' title='bbox 747 3799 812 3857; x_wconf 86' lang='lat' dir='ltr'>Jen.</span> <span class='ocrx_word' id='word_1_260' title='bbox 828 3798 849 3870; x_wconf 93' lang='lat' dir='ltr'>l,</span> <span class='ocrx_word' id='word_1_261' title='bbox 866 3816 897 3873; x_wconf 88' lang='lat' dir='ltr'>p.</span> <span class='ocrx_word' id='word_1_262' title='bbox 907 3797 974 3856; x_wconf 74' lang='lat' dir='ltr'>uli.</span> <span class='ocrx_word' id='word_1_263' title='bbox 995 3794 1141 3851; x_wconf 74' lang='lat' dir='ltr'>Wittemlu.</span> 
     </span>
    </p>
   </div>
   <div class='ocr_carea' id='block_1_9' title="bbox 0 0 1375 4417">
    <p class='ocr_par' dir='ltr' id='par_1_16' title="bbox 0 0 1375 4417">
     <span class='ocr_line' id='line_1_41' title="bbox 0 0 1375 4417; baseline 0 0"><span class='ocrx_word' id='word_1_264' title='bbox 0 0 1375 4417; x_wconf 95' lang='lat' dir='ltr'> </span> 
     </span>
    </p>
   </div>
  </div>
 </body>
</html>
