2709 4417
518 363 536 399 a
551 346 672 401 llotariis
691 354 813 415 excepta.
1086 340 1126 409 57

212 540 256 592 tes
296 533 328 590 in
351 530 444 592 coelo
468 532 550 593 velle
572 531 754 593 deturbare?
786 531 862 592 Nam
886 533 910 591 si
933 531 1024 591 etiam
1047 530 1126 589 insa·

213 616 293 675 niant
327 634 438 675 omues
473 615 648 676 adulatores
684 616 773 676 Rom.
801 614 974 691 Pontillcis,
1014 631 1127 694 negare

216 716 273 759 nou
296 705 438 777 possunt,
459 698 620 760 ecclesiam
634 698 745 759 Christi
767 699 860 758 fuisse
882 701 921 761 '20
942 715 1041 757 anuos
1064 696 1127 755 lun·

217 780 338 855 datam,
362 788 540 841 coronatam
563 801 617 861 per
639 781 763 841 multam
788 781 870 841 orbis
892 791 1036 840 terrarum
1061 798 1127 858 par·

218 874 297 933 tem,
330 868 496 942 antequam
520 865 607 926 Rom.
631 864 763 925 ecclesis
792 864 878 925 fleret
899 883 938 923 ex
961 863 1066 936 Petro,
1096 868 1129 922 ut

221 947 385 1007 clarissime
406 954 494 1026 patet
516 967 553 1006 ex
578 949 711 1027 epistola
730 948 769 1007 ad
792 947 929 1023 Galatas,
952 944 1001 1006 ubi
1024 944 1129 1006 scribit

221 1029 325 1090 Paulus
348 1027 406 1105 ²⁸),
434 1049 467 1090 se
494 1038 567 1110 post
587 1040 649 1091 tres
670 1048 769 1091 annos
792 1031 912 1090 venisse
933 1028 972 1090 ad
995 1028 1127 1110 Petrum,

221 1112 323 1173 ddude
345 1121 418 1192 post
439 1113 666 1190 quatuordecim
691 1131 789 1174 annos
820 1114 930 1173 iterum
952 1112 1128 1173 ascendisse

223 1195 256 1256 ad
277 1196 409 1256 Petrum.
437 1195 495 1270 Qui
517 1198 543 1256 si
566 1197 778 1274 conferantur,
809 1197 1002 1256 invenientur
1034 1195 1128 1254 ferme

223 1279 321 1338 decem
336 1281 533 1339 etoctoauni
557 1287 628 1359 post
637 1281 850 1341 ascensionem
860 1278 981 1353 Christi,
1005 1276 1127 1357 quaudo

224 1362 321 1421 Petrus
345 1361 446 1422 adhuc
468 1369 532 1422 erat
553 1362 796 1442 Hierosolymis,
826 1372 859 1422 ut
879 1372 996 1422 taceam
1020 1379 1128 1437 annos,

225 1445 325 1523 quibus
348 1444 429 1504 sedit
452 1446 649 1525 Antiochiae,
676 1454 709 1506 ut
733 1464 793 1505 uon
817 1447 916 1525 possit
937 1445 1012 1511 dici.
1041 1443 1128 1503 Rom.

226 1528 378 1588 ecclesiam
411 1546 480 1587 esse
502 1530 629 1608 primam
658 1536 690 1588 et
711 1535 803 1609 caput
830 1529 894 1588 iure
916 1527 1030 1587 divino.
1059 1525 1127 1585 Jam

226 1609 290 1669 illud
315 1612 409 1689 magis
432 1624 535 1691 urget,
569 1610 651 1690 quod
680 1629 792 1692 graeca
820 1611 952 1671 ecclesia
973 1628 1068 1687 usque
1090 1608 1128 1668 ad

226 1702 319 1753 nostra
351 1702 493 1773 tempora
522 1713 674 1773 nunquam
706 1695 826 1773 accepit
858 1695 1023 1773 episcopos
1056 1709 1128 1752 suos

226 1775 416 1835 eonlirmatos
446 1796 486 1835 ex
514 1777 601 1839 Rom.
625 1777 700 1837 ldeo
729 1779 753 1836 si
782 1777 887 1836 luisset
917 1778 971 1835 ius
993 1775 1126 1835 divinum

227 1878 271 1937 per
290 1865 413 1918 tantum
439 1864 573 1939 tempus,
612 1878 720 1919 omnes
743 1860 880 1939 episcopi
915 1857 1129 1933 Alexandriae,

227 1940 501 2020 Constantinopolis
523 1942 640 2021 aliquot
661 1943 855 2015 sanctissimi,
880 1951 912 2001 ut
925 1939 1127 2020 Gregor.Na-

228 2043 281 2082 mu.
303 2034 335 2083 et
356 2025 452 2083 ceteri
474 2042 564 2103 quam
589 2025 710 2105 plurimi
733 2032 837 2086 essent
857 2024 1002 2097 damuati,
1025 2023 1128 2083 haere

227 2107 266 2165 tici
287 2115 317 2165 et
338 2106 512 2185 Bohemici,
542 2126 603 2186 qua
630 2106 822 2188 blasphemia
843 2107 917 2166 nihil
946 2114 1049 2185 potest
1078 2105 1128 2164 de·

228 2189 385 2249 testabilius
408 2188 479 2249 dici.

436 2339 484 2399 Ad
506 2348 688 2420 argumenta
710 2340 907 2402 solutionum.

294 2454 427 2529 Quando
450 2457 591 2537 egregius
613 2457 650 2517 D.
671 2456 709 2518 D.
732 2456 820 2517 dicit:
856 2456 1034 2535 Aequalitas
1056 2474 1129 2536 apo·

228 2537 340 2598 stolatus
365 2557 427 2598 non
451 2539 640 2619 praeiudicat
660 2541 812 2620 primatui,
836 2549 866 2599 et
878 2539 1002 2599 adducit
1014 2538 1044 2598 S.
1055 2548 1129 2599 mat.

226 2620 396 2680 luacletum
420 2621 519 2681 distin.
542 2626 591 2687 21.
623 2624 675 2683 Ga.
698 2623 728 2682 in
752 2622 842 2682 Novo
868 2630 946 2696 test,
968 2621 1038 2681 dion
1062 2621 1127 2680 irre·-

227 2705 297 2780 viter,
321 2704 384 2764 hoc
406 2712 453 2764 est·
474 2724 566 2764 unum
588 2704 627 2764 de
649 2704 851 2785 frigidissimis
874 2705 1023 2764 decretis.
1047 2703 1127 2781 quod

225 2786 374 2867 impugno,
398 2806 456 2846 nec
478 2787 556 2846 ullus
579 2787 650 2847 mihi
672 2787 879 2867 persuadebit,
902 2788 961 2847 hoc
973 2786 1127 2846 decretum

224 2886 281 2928 esse
303 2869 394 2929 huius
423 2870 519 2930 sancti
542 2869 696 2949 pontilicis
719 2878 750 2930 et
772 2871 921 2950 martyris.
948 2868 994 2928 Ad
1023 2887 1131 2928 secun·

223 2947 303 3010 dnm:
332 2950 404 3011 Nou
435 2953 524 3032 posui
547 2954 606 3011 vim
628 2954 659 3011 in
682 2953 877 3014 ordinatione¹
904 2952 1129 3032 apostolorum,

223 3033 254 3092 de
273 3053 335 3113 quo
355 3035 387 3092 in
411 3035 598 3115 opponendo
622 3034 799 3095 videbimus.

293 3117 411 3191 Tertio,
435 3116 713 3198 quodCypriauum
738 3118 856 3177 induxit
878 3117 1126 3196 aequiparantem

224 3199 373 3277 apostolos
396 3207 458 3258 tam
481 3203 511 3259 iu
535 3200 652 3260 bonore
681 3219 770 3278 quam
795 3202 824 3259 in
849 3206 1019 3279 potestate,
1060 3218 1127 3256 rum

225 3300 271 3361 rgo
297 3280 445 3341 dixissem
469 3282 502 3345 B.
526 3282 646 3342 Petrum
669 3282 787 3343 honore
810 3284 902 3341 luisse
924 3283 1067 3360 priorem,
1096 3280 1128 3339 li-

224 3361 391 3425 beutissime
414 3364 561 3438 admitto,
585 3374 616 3424 et
637 3366 662 3424 si
686 3384 764 3444 opus
787 3376 848 3439 est,
877 3364 1006 3427 libenter
1027 3382 1128 3422 errare

227 3446 296 3523 volo,
319 3447 414 3507 modo
438 3448 474 3509 D.
491 3446 528 3507 D.
552 3446 691 3508 obtineat
713 3448 773 3507 hoc
795 3467 851 3527 pro
875 3447 1012 3515 veritate,
1035 3453 1065 3504 et
1086 3444 1130 3504 di·

226 3537 264 3588 cut
283 3538 406 3609 postea,
429 3529 479 3590 ubi
502 3537 611 3610 postea
621 3539 744 3590 maneat
767 3531 962 3611 principatus.
986 3529 1063 3588 Dico
1086 3538 1130 3587 ta·

227 3630 293 3689 neu,
315 3612 399 3691 quod
416 3606 559 3692 aequalis
582 3622 628 3674 est
650 3611 971 3693 honorapostolorum
987 3612 1025 3671 ad
1040 3611 1129 3687 alios,

327 3770 444 3779 -—-.-·--
459 3772 463 3777 .
499 3772 518 3783 .,

254 3852 283 3913 't
300 3852 387 3905 Galat
409 3854 444 3906 2-
