<?xml version="1.0" encoding="UTF-8"?>
<!DOCTYPE html PUBLIC "-//W3C//DTD XHTML 1.0 Transitional//EN"
    "http://www.w3.org/TR/xhtml1/DTD/xhtml1-transitional.dtd">
<html xmlns="http://www.w3.org/1999/xhtml" xml:lang="en" lang="en">
 <head>
  <title>
</title>
<meta http-equiv="Content-Type" content="text/html;charset=utf-8" />
  <meta name='ocr-system' content='tesseract 3.04.00' />
  <meta name='ocr-capabilities' content='ocr_page ocr_carea ocr_par ocr_line ocrx_word'/>
</head>
<body>
  <div class='ocr_page' id='page_1' title='image "./operalatinavari00schmgoog_0209.png"; bbox 0 0 2709 4417; ppageno 0'>
   <div class='ocr_carea' id='block_1_1' title="bbox 499 325 1102 430">
    <p class='ocr_par' dir='ltr' id='par_1_1' title="bbox 499 325 1102 430">
     <span class='ocr_line' id='line_1_1' title="bbox 499 325 1102 430; baseline 0.002 -15"><span class='ocrx_word' id='word_1_1' title='bbox 499 378 517 415; x_wconf 87' lang='lat' dir='ltr'>a</span> <span class='ocrx_word' id='word_1_2' title='bbox 532 354 655 416; x_wconf 72' lang='lat' dir='ltr'>Ilotariis</span> <span class='ocrx_word' id='word_1_3' title='bbox 674 365 798 430; x_wconf 83' lang='lat' dir='ltr'>excepta.</span> <span class='ocrx_word' id='word_1_4' title='bbox 1040 325 1102 428; x_wconf 70' lang='grc' dir='ltr'>197ι</span> 
     </span>
    </p>
   </div>
   <div class='ocr_carea' id='block_1_2' title="bbox 198 549 1175 3613">
    <p class='ocr_par' dir='ltr' id='par_1_2' title="bbox 200 549 1103 1276">
     <span class='ocr_line' id='line_1_2' title="bbox 200 549 1102 632; baseline 0.003 -23"><span class='ocrx_word' id='word_1_5' title='bbox 200 552 237 629; x_wconf 66' lang='lat' dir='ltr'>&#39;ui</span> <span class='ocrx_word' id='word_1_6' title='bbox 259 549 422 612; x_wconf 88' lang='lat' dir='ltr'>descendit</span> <span class='ocrx_word' id='word_1_7' title='bbox 441 553 473 622; x_wconf 78' lang='lat' dir='ltr'>&#39;l</span> <span class='ocrx_word' id='word_1_8' title='bbox 499 550 537 613; x_wconf 90' lang='lat' dir='ltr'>de</span> <span class='ocrx_word' id='word_1_9' title='bbox 558 552 711 632; x_wconf 79' lang='lat' dir='ltr'><strong>sapientia</strong></span> <span class='ocrx_word' id='word_1_10' title='bbox 732 551 771 612; x_wconf 90' lang='lat' dir='ltr'>ad</span> <span class='ocrx_word' id='word_1_11' title='bbox 793 551 944 627; x_wconf 90' lang='lat' dir='ltr'>timorem,</span> <span class='ocrx_word' id='word_1_12' title='bbox 967 550 1023 612; x_wconf 83' lang='lat' dir='ltr'>aad</span> <span class='ocrx_word' id='word_1_13' title='bbox 1044 570 1102 613; x_wconf 90' lang='lat' dir='ltr'>nos</span> 
     </span>
     <span class='ocr_line' id='line_1_3' title="bbox 200 634 1102 696; baseline 0.001 -2.008"><span class='ocrx_word' id='word_1_14' title='bbox 200 640 293 694; x_wconf 72' lang='lat' dir='ltr'>rontra</span> <span class='ocrx_word' id='word_1_15' title='bbox 322 634 552 695; x_wconf 88' lang='lat' dir='ltr'>descenderes</span> <span class='ocrx_word' id='word_1_16' title='bbox 576 637 686 696; x_wconf 89' lang='lat' dir='ltr'>timore</span> <span class='ocrx_word' id='word_1_17' title='bbox 714 635 762 695; x_wconf 88' lang='lat' dir='ltr'>ad</span> <span class='ocrx_word' id='word_1_18' title='bbox 775 637 941 696; x_wconf 76' lang='lat' dir='ltr'>ceritatem</span> <span class='ocrx_word' id='word_1_19' title='bbox 970 635 1102 695; x_wconf 86' lang='lat' dir='ltr'>Dooenti</span> 
     </span>
     <span class='ocr_line' id='line_1_4' title="bbox 200 716 1102 800; baseline 0.001 -25"><span class='ocrx_word' id='word_1_20' title='bbox 200 719 231 775; x_wconf 75' lang='lat' dir='ltr'>ric</span> <span class='ocrx_word' id='word_1_21' title='bbox 252 717 440 796; x_wconf 84' lang='lat' dir='ltr'>respondeo,</span> <span class='ocrx_word' id='word_1_22' title='bbox 465 717 547 797; x_wconf 91' lang='lat' dir='ltr'>quod</span> <span class='ocrx_word' id='word_1_23' title='bbox 569 717 657 778; x_wconf 88' lang='lat' dir='ltr'>divus</span> <span class='ocrx_word' id='word_1_24' title='bbox 672 718 839 800; x_wconf 79' lang='lat' dir='ltr'>Gregorius</span> <span class='ocrx_word' id='word_1_25' title='bbox 860 735 922 777; x_wconf 92' lang='lat' dir='ltr'>non</span> <span class='ocrx_word' id='word_1_26' title='bbox 938 716 1030 778; x_wconf 89' lang='lat' dir='ltr'>debet</span> <span class='ocrx_word' id='word_1_27' title='bbox 1052 738 1102 778; x_wconf 88' lang='lat' dir='ltr'>ex-</span> 
     </span>
     <span class='ocr_line' id='line_1_5' title="bbox 200 799 1103 881; baseline 0.002 -22.016"><span class='ocrx_word' id='word_1_28' title='bbox 200 799 309 860; x_wconf 79' lang='lat' dir='ltr'>ludere</span> <span class='ocrx_word' id='word_1_29' title='bbox 333 803 511 876; x_wconf 84' lang='lat' dir='ltr'>caritatem,</span> <span class='ocrx_word' id='word_1_30' title='bbox 533 821 591 862; x_wconf 89' lang='lat' dir='ltr'>nec</span> <span class='ocrx_word' id='word_1_31' title='bbox 613 802 744 862; x_wconf 87' lang='lat' dir='ltr'>exclusit</span> <span class='ocrx_word' id='word_1_32' title='bbox 764 821 783 861; x_wconf 93' lang='lat' dir='ltr'>a</span> <span class='ocrx_word' id='word_1_33' title='bbox 805 802 916 862; x_wconf 89' lang='lat' dir='ltr'>timore</span> <span class='ocrx_word' id='word_1_34' title='bbox 936 801 1103 881; x_wconf 81' lang='lat' dir='ltr'>insipiente</span> 
     </span>
     <span class='ocr_line' id='line_1_6' title="bbox 200 884 1103 964; baseline 0 -20"><span class='ocrx_word' id='word_1_35' title='bbox 200 884 424 956; x_wconf 64' lang='lat' dir='ltr'>mandentem,</span> <span class='ocrx_word' id='word_1_36' title='bbox 447 885 579 944; x_wconf 87' lang='lat' dir='ltr'>sicutD</span> <span class='ocrx_word' id='word_1_37' title='bbox 601 884 638 944; x_wconf 88' lang='lat' dir='ltr'>D.</span> <span class='ocrx_word' id='word_1_38' title='bbox 660 885 813 964; x_wconf 85' lang='lat' dir='ltr'>intelligit,</span> <span class='ocrx_word' id='word_1_39' title='bbox 835 885 913 943; x_wconf 91' lang='lat' dir='ltr'>sicut</span> <span class='ocrx_word' id='word_1_40' title='bbox 934 902 992 943; x_wconf 91' lang='lat' dir='ltr'>nec</span> <span class='ocrx_word' id='word_1_41' title='bbox 1013 904 1032 944; x_wconf 89' lang='lat' dir='ltr'>a</span> <span class='ocrx_word' id='word_1_42' title='bbox 1055 903 1103 943; x_wconf 92' lang='lat' dir='ltr'>ca·</span> 
     </span>
     <span class='ocr_line' id='line_1_7' title="bbox 200 965 1100 1046; baseline 0.001 -21"><span class='ocrx_word' id='word_1_43' title='bbox 200 968 274 1025; x_wconf 82' lang='lat' dir='ltr'>itate</span> <span class='ocrx_word' id='word_1_44' title='bbox 297 965 470 1027; x_wconf 74' lang='lat' dir='ltr'>excluditur</span> <span class='ocrx_word' id='word_1_45' title='bbox 490 968 589 1027; x_wconf 87' lang='lat' dir='ltr'>omnis</span> <span class='ocrx_word' id='word_1_46' title='bbox 613 969 704 1028; x_wconf 85' lang='lat' dir='ltr'>timor</span> <span class='ocrx_word' id='word_1_47' title='bbox 720 966 848 1044; x_wconf 84' lang='lat' dir='ltr'>servilis,</span> <span class='ocrx_word' id='word_1_48' title='bbox 870 968 1078 1046; x_wconf 88' lang='lat' dir='ltr'>praesertim&#39;</span> <span class='ocrx_word' id='word_1_49' title='bbox 1071 986 1100 1026; x_wconf 91' lang='grc' dir='ltr'>ιιι</span> 
     </span>
     <span class='ocr_line' id='line_1_8' title="bbox 200 1049 1103 1128; baseline 0.001 -19"><span class='ocrx_word' id='word_1_50' title='bbox 200 1068 245 1109; x_wconf 83' lang='lat' dir='ltr'>rac</span> <span class='ocrx_word' id='word_1_51' title='bbox 266 1050 338 1122; x_wconf 84' lang='lat' dir='ltr'>vita,</span> <span class='ocrx_word' id='word_1_52' title='bbox 362 1068 430 1108; x_wconf 89' lang='lat' dir='ltr'>cum</span> <span class='ocrx_word' id='word_1_53' title='bbox 454 1050 589 1110; x_wconf 87' lang='lat' dir='ltr'>caritatis</span> <span class='ocrx_word' id='word_1_54' title='bbox 612 1049 745 1110; x_wconf 83' lang='lat' dir='ltr'>officium</span> <span class='ocrx_word' id='word_1_55' title='bbox 770 1053 808 1110; x_wconf 91' lang='lat' dir='ltr'>sit</span> <span class='ocrx_word' id='word_1_56' title='bbox 837 1049 993 1128; x_wconf 85' lang='lat' dir='ltr'>expellere</span> <span class='ocrx_word' id='word_1_57' title='bbox 1014 1051 1103 1110; x_wconf 88' lang='lat' dir='ltr'>timo-</span> 
     </span>
     <span class='ocr_line' id='line_1_9' title="bbox 200 1131 1101 1212; baseline 0.002 -21"><span class='ocrx_word' id='word_1_58' title='bbox 200 1151 250 1192; x_wconf 75' lang='lat' dir='ltr'>rem</span> <span class='ocrx_word' id='word_1_59' title='bbox 272 1131 425 1208; x_wconf 88' lang='lat' dir='ltr'>servilem,</span> <span class='ocrx_word' id='word_1_60' title='bbox 445 1139 538 1212; x_wconf 75' lang='lat' dir='ltr'>atque</span> <span class='ocrx_word' id='word_1_61' title='bbox 558 1132 588 1193; x_wconf 93' lang='lat' dir='ltr'>id</span> <span class='ocrx_word' id='word_1_62' title='bbox 612 1139 678 1195; x_wconf 88' lang='lat' dir='ltr'>tota</span> <span class='ocrx_word' id='word_1_63' title='bbox 699 1135 770 1208; x_wconf 87' lang='lat' dir='ltr'>vita,</span> <span class='ocrx_word' id='word_1_64' title='bbox 794 1140 825 1193; x_wconf 89' lang='lat' dir='ltr'>et</span> <span class='ocrx_word' id='word_1_65' title='bbox 846 1131 991 1192; x_wconf 87' lang='lat' dir='ltr'>inducere</span> <span class='ocrx_word' id='word_1_66' title='bbox 1013 1134 1101 1193; x_wconf 90' lang='lat' dir='ltr'>timo·</span> 
     </span>
     <span class='ocr_line' id='line_1_10' title="bbox 200 1214 407 1276; baseline 0.01 -2"><span class='ocrx_word' id='word_1_67' title='bbox 200 1235 250 1275; x_wconf 89' lang='lat' dir='ltr'>rem</span> <span class='ocrx_word' id='word_1_68' title='bbox 271 1214 407 1276; x_wconf 86' lang='lat' dir='ltr'>filialem.</span> 
     </span>
    </p>

    <p class='ocr_par' dir='ltr' id='par_1_3' title="bbox 200 1296 1131 2701">
     <span class='ocr_line' id='line_1_11' title="bbox 269 1296 1103 1378; baseline -0.001 -19"><span class='ocrx_word' id='word_1_69' title='bbox 269 1297 375 1368; x_wconf 79' lang='lat' dir='ltr'>Sexto,</span> <span class='ocrx_word' id='word_1_70' title='bbox 397 1296 436 1357; x_wconf 85' lang='lat' dir='ltr'>ad</span> <span class='ocrx_word' id='word_1_71' title='bbox 460 1299 639 1359; x_wconf 77' lang='lat' dir='ltr'>autoritates</span> <span class='ocrx_word' id='word_1_72' title='bbox 661 1298 767 1368; x_wconf 84' lang='lat' dir='ltr'>Pauli,</span> <span class='ocrx_word' id='word_1_73' title='bbox 790 1298 873 1377; x_wconf 91' lang='lat' dir='ltr'>quod</span> <span class='ocrx_word' id='word_1_74' title='bbox 892 1297 956 1357; x_wconf 85' lang='lat' dir='ltr'>Lex</span> <span class='ocrx_word' id='word_1_75' title='bbox 977 1306 1103 1378; x_wconf 88' lang='lat' dir='ltr'>propter</span> 
     </span>
     <span class='ocr_line' id='line_1_12' title="bbox 200 1380 1104 1461; baseline -0.002 -20"><span class='ocrx_word' id='word_1_76' title='bbox 200 1383 446 1461; x_wconf 75' lang='lat' dir='ltr'>transgressiones</span> <span class='ocrx_word' id='word_1_77' title='bbox 467 1383 568 1461; x_wconf 89' lang='lat' dir='ltr'>posita</span> <span class='ocrx_word' id='word_1_78' title='bbox 592 1388 654 1459; x_wconf 88' lang='lat' dir='ltr'>est,</span> <span class='ocrx_word' id='word_1_79' title='bbox 676 1389 708 1441; x_wconf 91' lang='lat' dir='ltr'>et</span> <span class='ocrx_word' id='word_1_80' title='bbox 728 1388 821 1460; x_wconf 83' lang='lat' dir='ltr'>anget</span> <span class='ocrx_word' id='word_1_81' title='bbox 842 1380 1007 1456; x_wconf 89' lang='lat' dir='ltr'>delictum,</span> <span class='ocrx_word' id='word_1_82' title='bbox 1030 1381 1104 1441; x_wconf 92' lang='lat' dir='ltr'>dicit</span> 
     </span>
     <span class='ocr_line' id='line_1_13' title="bbox 200 1463 1102 1544; baseline -0.001 -21"><span class='ocrx_word' id='word_1_83' title='bbox 200 1464 261 1524; x_wconf 86' lang='lat' dir='ltr'>nihil</span> <span class='ocrx_word' id='word_1_84' title='bbox 283 1483 352 1524; x_wconf 90' lang='lat' dir='ltr'>esse</span> <span class='ocrx_word' id='word_1_85' title='bbox 374 1463 414 1524; x_wconf 90' lang='lat' dir='ltr'>ad</span> <span class='ocrx_word' id='word_1_86' title='bbox 433 1466 644 1544; x_wconf 87' lang='lat' dir='ltr'>propositum,</span> <span class='ocrx_word' id='word_1_87' title='bbox 674 1471 707 1524; x_wconf 89' lang='lat' dir='ltr'>et</span> <span class='ocrx_word' id='word_1_88' title='bbox 732 1484 780 1523; x_wconf 91' lang='lat' dir='ltr'>me</span> <span class='ocrx_word' id='word_1_89' title='bbox 809 1463 989 1524; x_wconf 89' lang='lat' dir='ltr'>diverticula</span> <span class='ocrx_word' id='word_1_90' title='bbox 1009 1482 1102 1542; x_wconf 89' lang='lat' dir='ltr'>quae·</span> 
     </span>
     <span class='ocr_line' id='line_1_14' title="bbox 201 1546 1131 1627; baseline -0.001 -22"><span class='ocrx_word' id='word_1_91' title='bbox 201 1548 315 1624; x_wconf 85' lang='lat' dir='ltr'>sivisse,</span> <span class='ocrx_word' id='word_1_92' title='bbox 349 1546 506 1606; x_wconf 87' lang='lat' dir='ltr'>adducens</span> <span class='ocrx_word' id='word_1_93' title='bbox 529 1548 731 1627; x_wconf 69' lang='lat' dir='ltr'>augustinum</span> <span class='ocrx_word' id='word_1_94' title='bbox 755 1554 863 1607; x_wconf 86' lang='lat' dir='ltr'>contra</span> <span class='ocrx_word' id='word_1_95' title='bbox 882 1547 1027 1606; x_wconf 84' lang='lat' dir='ltr'>Faustum</span> <span class='ocrx_word' id='word_1_96' title='bbox 1050 1546 1100 1606; x_wconf 88' lang='lat' dir='ltr'>lib.</span> <span class='ocrx_word' id='word_1_97' title='bbox 1127 1608 1131 1616; x_wconf 67' lang='grc'><em>,</em></span> 
     </span>
     <span class='ocr_line' id='line_1_15' title="bbox 202 1628 1101 1709; baseline -0.004 -17"><span class='ocrx_word' id='word_1_98' title='bbox 202 1631 246 1692; x_wconf 77' lang='lat'>22:</span> <span class='ocrx_word' id='word_1_99' title='bbox 263 1630 423 1689; x_wconf 80' lang='lat' dir='ltr'>Peccatum</span> <span class='ocrx_word' id='word_1_100' title='bbox 449 1648 518 1689; x_wconf 85' lang='lat' dir='ltr'>esse</span> <span class='ocrx_word' id='word_1_101' title='bbox 540 1628 653 1690; x_wconf 83' lang='lat' dir='ltr'>dictum</span> <span class='ocrx_word' id='word_1_102' title='bbox 675 1631 725 1689; x_wconf 89' lang='lat' dir='ltr'>vel</span> <span class='ocrx_word' id='word_1_103' title='bbox 748 1630 980 1689; x_wconf 85' lang='lat' dir='ltr'>lactnmcontra</span> <span class='ocrx_word' id='word_1_104' title='bbox 1002 1630 1101 1709; x_wconf 82' lang='lat' dir='ltr'>legem</span> 
     </span>
     <span class='ocr_line' id='line_1_16' title="bbox 203 1711 1101 1790; baseline 0.001 -20"><span class='ocrx_word' id='word_1_105' title='bbox 203 1712 262 1790; x_wconf 69' lang='lat' dir='ltr'>Dei,</span> <span class='ocrx_word' id='word_1_106' title='bbox 283 1713 387 1772; x_wconf 91' lang='lat' dir='ltr'>nescio</span> <span class='ocrx_word' id='word_1_107' title='bbox 417 1711 488 1790; x_wconf 87' lang='lat' dir='ltr'>quid</span> <span class='ocrx_word' id='word_1_108' title='bbox 511 1712 587 1773; x_wconf 86' lang='lat' dir='ltr'>velit</span> <span class='ocrx_word' id='word_1_109' title='bbox 607 1713 643 1772; x_wconf 93' lang='lat' dir='ltr'>D.</span> <span class='ocrx_word' id='word_1_110' title='bbox 666 1713 703 1774; x_wconf 89' lang='lat' dir='ltr'>D.</span> <span class='ocrx_word' id='word_1_111' title='bbox 735 1712 804 1773; x_wconf 84' lang='lat' dir='ltr'>Non</span> <span class='ocrx_word' id='word_1_112' title='bbox 828 1719 875 1772; x_wconf 90' lang='lat' dir='ltr'>est</span> <span class='ocrx_word' id='word_1_113' title='bbox 895 1711 945 1771; x_wconf 91' lang='lat' dir='ltr'>hic</span> <span class='ocrx_word' id='word_1_114' title='bbox 965 1711 1101 1790; x_wconf 88' lang='lat' dir='ltr'>disputa-</span> 
     </span>
     <span class='ocr_line' id='line_1_17' title="bbox 205 1794 1102 1875; baseline 0 -21"><span class='ocrx_word' id='word_1_115' title='bbox 205 1796 249 1872; x_wconf 87' lang='lat' dir='ltr'>tio,</span> <span class='ocrx_word' id='word_1_116' title='bbox 276 1794 346 1874; x_wconf 89' lang='lat' dir='ltr'>quid</span> <span class='ocrx_word' id='word_1_117' title='bbox 369 1796 408 1854; x_wconf 90' lang='lat' dir='ltr'>sit</span> <span class='ocrx_word' id='word_1_118' title='bbox 429 1801 604 1875; x_wconf 83' lang='lat' dir='ltr'>peccatum,</span> <span class='ocrx_word' id='word_1_119' title='bbox 631 1794 703 1855; x_wconf 93' lang='lat' dir='ltr'>ideo</span> <span class='ocrx_word' id='word_1_120' title='bbox 727 1794 887 1874; x_wconf 84' lang='lat' dir='ltr'>superfluis</span> <span class='ocrx_word' id='word_1_121' title='bbox 920 1794 1020 1855; x_wconf 86' lang='lat' dir='ltr'>verbis</span> <span class='ocrx_word' id='word_1_122' title='bbox 1042 1794 1102 1854; x_wconf 91' lang='lat' dir='ltr'>hoc</span> 
     </span>
     <span class='ocr_line' id='line_1_18' title="bbox 205 1876 1100 1958; baseline 0 -22"><span class='ocrx_word' id='word_1_123' title='bbox 205 1886 303 1956; x_wconf 87' lang='lat' dir='ltr'>ternpus</span> <span class='ocrx_word' id='word_1_124' title='bbox 335 1877 487 1958; x_wconf 87' lang='lat' dir='ltr'>perditum</span> <span class='ocrx_word' id='word_1_125' title='bbox 512 1885 568 1939; x_wconf 88' lang='lat' dir='ltr'>est.</span> <span class='ocrx_word' id='word_1_126' title='bbox 612 1877 731 1958; x_wconf 81' lang='lat' dir='ltr'>Scopas</span> <span class='ocrx_word' id='word_1_127' title='bbox 753 1880 811 1937; x_wconf 84' lang='lat' dir='ltr'>iste</span> <span class='ocrx_word' id='word_1_128' title='bbox 832 1884 984 1952; x_wconf 85' lang='lat' dir='ltr'>versatur,</span> <span class='ocrx_word' id='word_1_129' title='bbox 1018 1876 1100 1955; x_wconf 91' lang='lat' dir='ltr'>quod</span> 
     </span>
     <span class='ocr_line' id='line_1_19' title="bbox 205 1959 1100 2040; baseline -0.001 -21"><span class='ocrx_word' id='word_1_130' title='bbox 205 1962 347 2032; x_wconf 84' lang='lat' dir='ltr'>autoritate</span> <span class='ocrx_word' id='word_1_131' title='bbox 369 1961 455 2021; x_wconf 88' lang='lat' dir='ltr'>Pauli</span> <span class='ocrx_word' id='word_1_132' title='bbox 479 1961 571 2020; x_wconf 87' lang='lat' dir='ltr'>timor</span> <span class='ocrx_word' id='word_1_133' title='bbox 592 1961 711 2020; x_wconf 89' lang='lat' dir='ltr'>servilis</span> <span class='ocrx_word' id='word_1_134' title='bbox 747 1980 808 2020; x_wconf 92' lang='lat' dir='ltr'>non</span> <span class='ocrx_word' id='word_1_135' title='bbox 832 1961 931 2040; x_wconf 88' lang='lat' dir='ltr'>possit</span> <span class='ocrx_word' id='word_1_136' title='bbox 952 1978 1021 2019; x_wconf 86' lang='lat' dir='ltr'>esse</span> <span class='ocrx_word' id='word_1_137' title='bbox 1043 1959 1100 2018; x_wconf 88' lang='lat' dir='ltr'>nisi</span> 
     </span>
     <span class='ocr_line' id='line_1_20' title="bbox 205 2042 1101 2123; baseline -0.002 -21"><span class='ocrx_word' id='word_1_138' title='bbox 205 2049 362 2121; x_wconf 87' lang='lat' dir='ltr'>peccatum,</span> <span class='ocrx_word' id='word_1_139' title='bbox 391 2051 422 2103; x_wconf 88' lang='lat' dir='ltr'>et</span> <span class='ocrx_word' id='word_1_140' title='bbox 443 2063 556 2123; x_wconf 86' lang='lat' dir='ltr'>augere</span> <span class='ocrx_word' id='word_1_141' title='bbox 577 2051 737 2122; x_wconf 91' lang='lat' dir='ltr'>peccatum</span> <span class='ocrx_word' id='word_1_142' title='bbox 766 2062 822 2123; x_wconf 92' lang='lat' dir='ltr'>per</span> <span class='ocrx_word' id='word_1_143' title='bbox 842 2044 984 2103; x_wconf 86' lang='lat' dir='ltr'>virtutem</span> <span class='ocrx_word' id='word_1_144' title='bbox 1012 2042 1101 2120; x_wconf 76' lang='lat' dir='ltr'>legis,</span> 
     </span>
     <span class='ocr_line' id='line_1_21' title="bbox 206 2125 1103 2206; baseline 0.002 -24"><span class='ocrx_word' id='word_1_145' title='bbox 206 2126 223 2183; x_wconf 89' lang='lat' dir='ltr'>si</span> <span class='ocrx_word' id='word_1_146' title='bbox 244 2126 318 2185; x_wconf 87' lang='lat' dir='ltr'>desit</span> <span class='ocrx_word' id='word_1_147' title='bbox 345 2133 414 2206; x_wconf 82' lang='lat' dir='ltr'>gra</span> <span class='ocrx_word' id='word_1_148' title='bbox 402 2127 453 2185; x_wconf 86' lang='lat' dir='ltr'>ia</span> <span class='ocrx_word' id='word_1_149' title='bbox 495 2125 536 2185; x_wconf 77' lang='lat' dir='ltr'>Et</span> <span class='ocrx_word' id='word_1_150' title='bbox 562 2127 606 2186; x_wconf 89' lang='lat' dir='ltr'>sio</span> <span class='ocrx_word' id='word_1_151' title='bbox 637 2129 816 2186; x_wconf 83' lang='lat' dir='ltr'>autoritates</span> <span class='ocrx_word' id='word_1_152' title='bbox 839 2125 924 2186; x_wconf 88' lang='lat' dir='ltr'>Pauli</span> <span class='ocrx_word' id='word_1_153' title='bbox 947 2144 1008 2184; x_wconf 91' lang='lat' dir='ltr'>non</span> <span class='ocrx_word' id='word_1_154' title='bbox 1032 2132 1103 2184; x_wconf 88' lang='lat' dir='ltr'>aunt</span> 
     </span>
     <span class='ocr_line' id='line_1_22' title="bbox 206 2207 1099 2286; baseline 0.001 -21"><span class='ocrx_word' id='word_1_155' title='bbox 206 2207 373 2286; x_wconf 90' lang='lat' dir='ltr'>diverticula,</span> <span class='ocrx_word' id='word_1_156' title='bbox 396 2207 450 2269; x_wconf 92' lang='lat' dir='ltr'>sed</span> <span class='ocrx_word' id='word_1_157' title='bbox 469 2208 600 2270; x_wconf 78' lang='lat' dir='ltr'>fulmina</span> <span class='ocrx_word' id='word_1_158' title='bbox 613 2211 804 2270; x_wconf 84' lang='lat' dir='ltr'>conterentis</span> <span class='ocrx_word' id='word_1_159' title='bbox 818 2210 998 2268; x_wconf 77' lang='lat' dir='ltr'>sententiam</span> <span class='ocrx_word' id='word_1_160' title='bbox 1014 2209 1048 2267; x_wconf 94' lang='lat' dir='ltr'><strong>D</strong></span> <span class='ocrx_word' id='word_1_161' title='bbox 1063 2208 1099 2266; x_wconf 94' lang='lat' dir='ltr'><strong>D</strong></span> 
     </span>
     <span class='ocr_line' id='line_1_23' title="bbox 206 2289 1101 2372; baseline 0.001 -24"><span class='ocrx_word' id='word_1_162' title='bbox 206 2289 342 2370; x_wconf 88' lang='lat' dir='ltr'>usquead</span> <span class='ocrx_word' id='word_1_163' title='bbox 376 2291 545 2370; x_wconf 85' lang='lat' dir='ltr'>pulverem.</span> <span class='ocrx_word' id='word_1_164' title='bbox 585 2292 654 2351; x_wconf 88' lang='lat' dir='ltr'>Non</span> <span class='ocrx_word' id='word_1_165' title='bbox 688 2310 762 2372; x_wconf 84' lang='lat' dir='ltr'>ergo</span> <span class='ocrx_word' id='word_1_166' title='bbox 785 2311 844 2372; x_wconf 86' lang='lat' dir='ltr'>ego</span> <span class='ocrx_word' id='word_1_167' title='bbox 866 2310 906 2350; x_wconf 88' lang='lat' dir='ltr'>ex</span> <span class='ocrx_word' id='word_1_168' title='bbox 927 2290 1101 2350; x_wconf 83' lang='lat' dir='ltr'>hominibus</span> 
     </span>
     <span class='ocr_line' id='line_1_24' title="bbox 205 2360 1101 2455; baseline -0.001 -24"><span class='ocrx_word' id='word_1_169' title='bbox 205 2372 313 2453; x_wconf 86' lang='lat' dir='ltr'>angelos</span> <span class='ocrx_word' id='word_1_170' title='bbox 324 2373 417 2449; x_wconf 82' lang='lat' dir='ltr'>sacro</span> <span class='ocrx_word' id='word_1_171' title='bbox 440 2373 516 2433; x_wconf 88' lang='lat' dir='ltr'>oblit</span> <span class='ocrx_word' id='word_1_172' title='bbox 505 2382 551 2433; x_wconf 90' lang='lat' dir='ltr'>us</span> <span class='ocrx_word' id='word_1_173' title='bbox 562 2374 745 2455; x_wconf 78' lang='lat' dir='ltr'>fragilitatis</span> <span class='ocrx_word' id='word_1_174' title='bbox 767 2374 821 2434; x_wconf 89' lang='lat' dir='ltr'>scd</span> <span class='ocrx_word' id='word_1_175' title='bbox 838 2373 948 2446; x_wconf 90' lang='lat' dir='ltr'>doceo</span> <span class='ocrx_word' id='word_1_176' title='bbox 965 2360 1004 2431; x_wconf 82' lang='lat' dir='ltr'>ne</span> <span class='ocrx_word' id='word_1_177' title='bbox 1018 2372 1101 2432; x_wconf 89' lang='lat' dir='ltr'>Deos</span> 
     </span>
     <span class='ocr_line' id='line_1_25' title="bbox 204 2454 1101 2536; baseline 0.002 -24"><span class='ocrx_word' id='word_1_178' title='bbox 204 2454 330 2516; x_wconf 83' lang='lat' dir='ltr'>iaciamus</span> <span class='ocrx_word' id='word_1_179' title='bbox 352 2472 393 2518; x_wconf 84' lang='lat' dir='ltr'>ex</span> <span class='ocrx_word' id='word_1_180' title='bbox 416 2457 649 2536; x_wconf 86' lang='lat' dir='ltr'>peccatoribus,</span> <span class='ocrx_word' id='word_1_181' title='bbox 672 2456 744 2516; x_wconf 92' lang='lat' dir='ltr'>dum</span> <span class='ocrx_word' id='word_1_182' title='bbox 769 2456 991 2517; x_wconf 85' lang='lat' dir='ltr'>obliviscuntur</span> <span class='ocrx_word' id='word_1_183' title='bbox 1012 2455 1101 2535; x_wconf 84' lang='lat' dir='ltr'>fragi-</span> 
     </span>
     <span class='ocr_line' id='line_1_26' title="bbox 204 2536 1103 2637; baseline 0.002 -42"><span class='ocrx_word' id='word_1_184' title='bbox 204 2536 277 2598; x_wconf 87' lang='lat' dir='ltr'>litatis</span> <span class='ocrx_word' id='word_1_185' title='bbox 306 2558 402 2614; x_wconf 89' lang='lat' dir='ltr'>suae,</span> <span class='ocrx_word' id='word_1_186' title='bbox 435 2557 496 2617; x_wconf 86' lang='lat' dir='ltr'>qua</span> <span class='ocrx_word' id='word_1_187' title='bbox 524 2557 587 2599; x_wconf 81' lang='lat' dir='ltr'>usn</span> <span class='ocrx_word' id='word_1_188' title='bbox 596 2545 744 2618; x_wconf 88' lang='lat' dir='ltr'>possunt</span> <span class='ocrx_word' id='word_1_189' title='bbox 770 2540 827 2597; x_wconf 86' lang='lat' dir='ltr'>nisi</span> <span class='ocrx_word' id='word_1_190' title='bbox 860 2538 973 2637; x_wconf 86' lang='lat' dir='ltr'>malum</span> <span class='ocrx_word' id='word_1_191' title='bbox 1001 2538 1103 2598; x_wconf 87' lang='lat' dir='ltr'>lacere</span> 
     </span>
     <span class='ocr_line' id='line_1_27' title="bbox 202 2623 419 2701; baseline 0.01 -24"><span class='ocrx_word' id='word_1_192' title='bbox 202 2628 258 2683; x_wconf 87' lang='lat' dir='ltr'>aute</span> <span class='ocrx_word' id='word_1_193' title='bbox 278 2623 419 2701; x_wconf 86' lang='lat' dir='ltr'>gratiam.</span> 
     </span>
    </p>

    <p class='ocr_par' dir='ltr' id='par_1_4' title="bbox 198 2701 1104 3262">
     <span class='ocr_line' id='line_1_28' title="bbox 267 2701 1104 2784; baseline 0 -21"><span class='ocrx_word' id='word_1_194' title='bbox 267 2702 359 2778; x_wconf 83' lang='lat' dir='ltr'>Quod</span> <span class='ocrx_word' id='word_1_195' title='bbox 388 2704 622 2764; x_wconf 85' lang='lat' dir='ltr'>couversionem</span> <span class='ocrx_word' id='word_1_196' title='bbox 657 2703 711 2764; x_wconf 89' lang='lat' dir='ltr'>fllii</span> <span class='ocrx_word' id='word_1_197' title='bbox 739 2703 858 2784; x_wconf 85' lang='lat' dir='ltr'>prodigi</span> <span class='ocrx_word' id='word_1_198' title='bbox 888 2703 1000 2763; x_wconf 83' lang='lat' dir='ltr'>factam</span> <span class='ocrx_word' id='word_1_199' title='bbox 1030 2701 1104 2763; x_wconf 91' lang='lat' dir='ltr'>dicit</span> 
     </span>
     <span class='ocr_line' id='line_1_29' title="bbox 198 2784 1103 2867; baseline -0.003 -20"><span class='ocrx_word' id='word_1_200' title='bbox 198 2786 447 2866; x_wconf 82' lang='lat' dir='ltr'>contemplatione</span> <span class='ocrx_word' id='word_1_201' title='bbox 477 2802 615 2865; x_wconf 87' lang='lat' dir='ltr'>poenae,</span> <span class='ocrx_word' id='word_1_202' title='bbox 648 2805 738 2867; x_wconf 85' lang='lat' dir='ltr'>nego.</span> <span class='ocrx_word' id='word_1_203' title='bbox 790 2786 836 2846; x_wconf 86' lang='lat' dir='ltr'>Ad</span> <span class='ocrx_word' id='word_1_204' title='bbox 877 2784 1103 2865; x_wconf 85' lang='lat' dir='ltr'>probationem,</span> 
     </span>
     <span class='ocr_line' id='line_1_30' title="bbox 198 2868 1103 2948; baseline -0.003 -18"><span class='ocrx_word' id='word_1_205' title='bbox 198 2868 280 2948; x_wconf 62' lang='lat' dir='ltr'>Juod&#39;</span> <span class='ocrx_word' id='word_1_206' title='bbox 298 2870 453 2929; x_wconf 89' lang='lat' dir='ltr'>neminem</span> <span class='ocrx_word' id='word_1_207' title='bbox 485 2869 627 2944; x_wconf 89' lang='lat' dir='ltr'>haberet,</span> <span class='ocrx_word' id='word_1_208' title='bbox 664 2871 714 2947; x_wconf 89' lang='lat' dir='ltr'>qni</span> <span class='ocrx_word' id='word_1_209' title='bbox 738 2889 806 2929; x_wconf 90' lang='lat' dir='ltr'>eum</span> <span class='ocrx_word' id='word_1_210' title='bbox 829 2870 946 2947; x_wconf 89' lang='lat' dir='ltr'>siliquis</span> <span class='ocrx_word' id='word_1_211' title='bbox 969 2869 1103 2943; x_wconf 84' lang='lat' dir='ltr'>satiaret,</span> 
     </span>
     <span class='ocr_line' id='line_1_31' title="bbox 198 2951 1102 3023; baseline 0 -13"><span class='ocrx_word' id='word_1_212' title='bbox 198 2951 269 3013; x_wconf 88' lang='lat' dir='ltr'>lico:</span> <span class='ocrx_word' id='word_1_213' title='bbox 303 2951 370 3011; x_wconf 86' lang='lat' dir='ltr'>Nisi</span> <span class='ocrx_word' id='word_1_214' title='bbox 392 2952 473 3011; x_wconf 89' lang='lat' dir='ltr'>intus</span> <span class='ocrx_word' id='word_1_215' title='bbox 495 2951 601 3012; x_wconf 85' lang='lat' dir='ltr'>luisset</span> <span class='ocrx_word' id='word_1_216' title='bbox 622 2959 737 3013; x_wconf 87' lang='lat' dir='ltr'>tractus</span> <span class='ocrx_word' id='word_1_217' title='bbox 760 2960 790 3012; x_wconf 92' lang='lat' dir='ltr'>et</span> <span class='ocrx_word' id='word_1_218' title='bbox 811 2954 841 3012; x_wconf 91' lang='lat' dir='ltr'>in</span> <span class='ocrx_word' id='word_1_219' title='bbox 865 2971 899 3011; x_wconf 89' lang='lat' dir='ltr'>se</span> <span class='ocrx_word' id='word_1_220' title='bbox 922 2968 1102 3023; x_wconf 84' lang='lat' dir='ltr'>conversus,</span> 
     </span>
     <span class='ocr_line' id='line_1_32' title="bbox 199 3034 1104 3114; baseline 0 -21"><span class='ocrx_word' id='word_1_221' title='bbox 199 3036 287 3097; x_wconf 70' lang='lat' dir='ltr'>totius</span> <span class='ocrx_word' id='word_1_222' title='bbox 310 3034 391 3094; x_wconf 87' lang='lat' dir='ltr'>fame</span> <span class='ocrx_word' id='word_1_223' title='bbox 415 3042 550 3095; x_wconf 90' lang='lat' dir='ltr'>mortuus</span> <span class='ocrx_word' id='word_1_224' title='bbox 571 3042 669 3113; x_wconf 83' lang='lat' dir='ltr'>esset,</span> <span class='ocrx_word' id='word_1_225' title='bbox 692 3055 782 3114; x_wconf 86' lang='lat' dir='ltr'>quam</span> <span class='ocrx_word' id='word_1_226' title='bbox 806 3035 961 3110; x_wconf 88' lang='lat' dir='ltr'>rediisset,</span> <span class='ocrx_word' id='word_1_227' title='bbox 990 3041 1022 3094; x_wconf 90' lang='lat' dir='ltr'>ut</span> <span class='ocrx_word' id='word_1_228' title='bbox 1044 3041 1104 3093; x_wconf 87' lang='lat' dir='ltr'>stet</span> 
     </span>
     <span class='ocr_line' id='line_1_33' title="bbox 198 3116 1103 3195; baseline 0.004 -22"><span class='ocrx_word' id='word_1_229' title='bbox 198 3117 352 3178; x_wconf 62' lang='lat' dir='ltr'>tententia:</span> <span class='ocrx_word' id='word_1_230' title='bbox 375 3116 474 3177; x_wconf 88' lang='lat' dir='ltr'>Nemo</span> <span class='ocrx_word' id='word_1_231' title='bbox 498 3119 581 3178; x_wconf 88' lang='lat' dir='ltr'>venit</span> <span class='ocrx_word' id='word_1_232' title='bbox 602 3118 640 3178; x_wconf 88' lang='lat' dir='ltr'>ad</span> <span class='ocrx_word' id='word_1_233' title='bbox 665 3138 723 3195; x_wconf 88' lang='lat' dir='ltr'>me,</span> <span class='ocrx_word' id='word_1_234' title='bbox 747 3119 803 3178; x_wconf 90' lang='lat' dir='ltr'>nisi</span> <span class='ocrx_word' id='word_1_235' title='bbox 825 3119 916 3178; x_wconf 83' lang='lat' dir='ltr'>Pater</span> <span class='ocrx_word' id='word_1_236' title='bbox 936 3137 1023 3177; x_wconf 89' lang='lat' dir='ltr'>meus</span> <span class='ocrx_word' id='word_1_237' title='bbox 1046 3122 1103 3177; x_wconf 90' lang='lat' dir='ltr'>tra-</span> 
     </span>
     <span class='ocr_line' id='line_1_34' title="bbox 198 3202 368 3262; baseline 0.006 -2"><span class='ocrx_word' id='word_1_238' title='bbox 198 3202 265 3262; x_wconf 82' lang='lat' dir='ltr'>rerit</span> <span class='ocrx_word' id='word_1_239' title='bbox 286 3219 368 3261; x_wconf 91' lang='lat' dir='ltr'>eum.</span> 
     </span>
    </p>

    <p class='ocr_par' dir='ltr' id='par_1_5' title="bbox 198 3280 1175 3613">
     <span class='ocr_line' id='line_1_35' title="bbox 267 3280 1104 3362; baseline -0.004 -20"><span class='ocrx_word' id='word_1_240' title='bbox 267 3281 359 3358; x_wconf 77' lang='lat' dir='ltr'>Quod</span> <span class='ocrx_word' id='word_1_241' title='bbox 369 3281 559 3362; x_wconf 83' lang='lat' dir='ltr'>Augustinus</span> <span class='ocrx_word' id='word_1_242' title='bbox 582 3282 669 3355; x_wconf 86' lang='lat' dir='ltr'>dicit,</span> <span class='ocrx_word' id='word_1_243' title='bbox 695 3282 787 3343; x_wconf 88' lang='lat' dir='ltr'>verba</span> <span class='ocrx_word' id='word_1_244' title='bbox 808 3283 872 3343; x_wconf 87' lang='lat' dir='ltr'>eius</span> <span class='ocrx_word' id='word_1_245' title='bbox 893 3282 987 3342; x_wconf 74' lang='lat' dir='ltr'>finisse</span> <span class='ocrx_word' id='word_1_246' title='bbox 1010 3280 1104 3340; x_wconf 87' lang='lat' dir='ltr'>verba</span> 
     </span>
     <span class='ocr_line' id='line_1_36' title="bbox 198 3362 1175 3445; baseline -0.004 -19"><span class='ocrx_word' id='word_1_247' title='bbox 198 3367 407 3427; x_wconf 70' lang='lat' dir='ltr'>toenitentiam</span> <span class='ocrx_word' id='word_1_248' title='bbox 418 3364 600 3439; x_wconf 88' lang='lat' dir='ltr'>meditantis,</span> <span class='ocrx_word' id='word_1_249' title='bbox 615 3364 751 3426; x_wconf 87' lang='lat' dir='ltr'>nondum</span> <span class='ocrx_word' id='word_1_250' title='bbox 768 3367 896 3445; x_wconf 84' lang='lat' dir='ltr'>agentis,</span> <span class='ocrx_word' id='word_1_251' title='bbox 918 3384 1008 3443; x_wconf 88' lang='lat' dir='ltr'>spero</span> <span class='ocrx_word' id='word_1_252' title='bbox 1021 3362 1103 3442; x_wconf 91' lang='lat' dir='ltr'>quod</span> <span class='ocrx_word' id='word_1_253' title='bbox 1168 3402 1175 3416; x_wconf 84' lang='lat'><strong>·</strong></span> 
     </span>
     <span class='ocr_line' id='line_1_37' title="bbox 198 3447 1105 3528; baseline -0.006 -18"><span class='ocrx_word' id='word_1_254' title='bbox 198 3469 241 3511; x_wconf 77' lang='lat' dir='ltr'>iro</span> <span class='ocrx_word' id='word_1_255' title='bbox 266 3467 316 3508; x_wconf 91' lang='lat' dir='ltr'>me</span> <span class='ocrx_word' id='word_1_256' title='bbox 338 3447 439 3521; x_wconf 76' lang='lat' dir='ltr'>faciat,</span> <span class='ocrx_word' id='word_1_257' title='bbox 463 3447 585 3525; x_wconf 86' lang='lat' dir='ltr'>quando</span> <span class='ocrx_word' id='word_1_258' title='bbox 608 3448 747 3510; x_wconf 86' lang='lat' dir='ltr'>meditari</span> <span class='ocrx_word' id='word_1_259' title='bbox 762 3449 995 3528; x_wconf 87' lang='lat' dir='ltr'>poenitentiam,</span> <span class='ocrx_word' id='word_1_260' title='bbox 1018 3465 1105 3526; x_wconf 89' lang='lat' dir='ltr'>prae·</span> 
     </span>
     <span class='ocr_line' id='line_1_38' title="bbox 198 3529 1104 3613; baseline 0 -25"><span class='ocrx_word' id='word_1_261' title='bbox 198 3533 291 3593; x_wconf 66' lang='lat' dir='ltr'>tertim</span> <span class='ocrx_word' id='word_1_262' title='bbox 304 3530 478 3613; x_wconf 82' lang='lat' dir='ltr'>medullitus</span> <span class='ocrx_word' id='word_1_263' title='bbox 500 3532 530 3591; x_wconf 89' lang='lat' dir='ltr'>in</span> <span class='ocrx_word' id='word_1_264' title='bbox 553 3531 655 3610; x_wconf 90' lang='lat' dir='ltr'>corde,</span> <span class='ocrx_word' id='word_1_265' title='bbox 678 3533 718 3592; x_wconf 92' lang='lat' dir='ltr'>sit</span> <span class='ocrx_word' id='word_1_266' title='bbox 739 3539 822 3593; x_wconf 89' lang='lat' dir='ltr'>certe</span> <span class='ocrx_word' id='word_1_267' title='bbox 843 3531 978 3610; x_wconf 87' lang='lat' dir='ltr'>incipere</span> <span class='ocrx_word' id='word_1_268' title='bbox 999 3529 1104 3608; x_wconf 88' lang='lat' dir='ltr'>poeui-</span> 
     </span>
    </p>
   </div>
   <div class='ocr_carea' id='block_1_3' title="bbox 210 3792 665 3863">
    <p class='ocr_par' dir='ltr' id='par_1_6' title="bbox 210 3792 665 3863">
     <span class='ocr_line' id='line_1_39' title="bbox 210 3792 665 3863; baseline 0.033 -24"><span class='ocrx_word' id='word_1_269' title='bbox 210 3793 243 3860; x_wconf 87' lang='lat'>1)</span> <span class='ocrx_word' id='word_1_270' title='bbox 264 3795 295 3842; x_wconf 89' lang='lat' dir='ltr'>ln</span> <span class='ocrx_word' id='word_1_271' title='bbox 314 3792 356 3843; x_wconf 85' lang='lat' dir='ltr'>ed.</span> <span class='ocrx_word' id='word_1_272' title='bbox 381 3799 473 3863; x_wconf 80' lang='lat' dir='ltr'>orig..·</span> <span class='ocrx_word' id='word_1_273' title='bbox 500 3796 665 3854; x_wconf 87' lang='lat' dir='ltr'>descendat.</span> 
     </span>
    </p>
   </div>
   <div class='ocr_carea' id='block_1_4' title="bbox 0 0 1367 4417">
    <p class='ocr_par' dir='ltr' id='par_1_7' title="bbox 0 0 1367 4417">
     <span class='ocr_line' id='line_1_40' title="bbox 0 0 1367 4417; baseline 0 0"><span class='ocrx_word' id='word_1_274' title='bbox 0 0 1367 4417; x_wconf 95' lang='lat' dir='ltr'> </span> 
     </span>
    </p>
   </div>
  </div>
 </body>
</html>
