<?xml version="1.0" encoding="UTF-8"?>
<!DOCTYPE html PUBLIC "-//W3C//DTD XHTML 1.0 Transitional//EN"
    "http://www.w3.org/TR/xhtml1/DTD/xhtml1-transitional.dtd">
<html xmlns="http://www.w3.org/1999/xhtml" xml:lang="en" lang="en">
 <head>
  <title>
</title>
<meta http-equiv="Content-Type" content="text/html;charset=utf-8" />
  <meta name='ocr-system' content='tesseract 3.04.00' />
  <meta name='ocr-capabilities' content='ocr_page ocr_carea ocr_par ocr_line ocrx_word'/>
</head>
<body>
  <div class='ocr_page' id='page_1' title='image "./operalatinavari00schmgoog_0019.png"; bbox 0 0 2709 4417; ppageno 0'>
   <div class='ocr_carea' id='block_1_1' title="bbox 433 352 1140 417">
    <p class='ocr_par' dir='ltr' id='par_1_1' title="bbox 433 352 1140 417">
     <span class='ocr_line' id='line_1_1' title="bbox 433 352 1140 417; baseline 0.003 -13"><span class='ocrx_word' id='word_1_1' title='bbox 433 352 567 406; x_wconf 83' lang='lat' dir='ltr'>adversus</span> <span class='ocrx_word' id='word_1_2' title='bbox 587 354 794 407; x_wconf 85' lang='lat' dir='ltr'>criminationes</span> <span class='ocrx_word' id='word_1_3' title='bbox 812 352 933 407; x_wconf 77' lang='lat' dir='ltr'>[ratheri.</span> <span class='ocrx_word' id='word_1_4' title='bbox 1121 354 1140 417; x_wconf 81' lang='lat'><strong>7</strong></span> 
     </span>
    </p>
   </div>
   <div class='ocr_carea' id='block_1_2' title="bbox 181 538 1146 3841">
    <p class='ocr_par' dir='ltr' id='par_1_2' title="bbox 181 538 1146 3841">
     <span class='ocr_line' id='line_1_2' title="bbox 236 538 1140 622; baseline 0 -21"><span class='ocrx_word' id='word_1_5' title='bbox 236 542 282 601; x_wconf 86' lang='lat' dir='ltr'>init</span> <span class='ocrx_word' id='word_1_6' title='bbox 307 540 458 618; x_wconf 89' lang='lat' dir='ltr'>impressa</span> <span class='ocrx_word' id='word_1_7' title='bbox 490 538 649 620; x_wconf 75' lang='lat' dir='ltr'><strong>Augustae</strong></span> <span class='ocrx_word' id='word_1_8' title='bbox 684 546 756 599; x_wconf 89' lang='lat' dir='ltr'>ante</span> <span class='ocrx_word' id='word_1_9' title='bbox 790 558 924 601; x_wconf 90' lang='lat' dir='ltr'>mensem</span> <span class='ocrx_word' id='word_1_10' title='bbox 952 540 1140 622; x_wconf 75' lang='lat' dir='ltr'>ianuarium,</span> 
     </span>
     <span class='ocr_line' id='line_1_3' title="bbox 238 621 1139 700; baseline 0.002 -17"><span class='ocrx_word' id='word_1_11' title='bbox 238 625 295 683; x_wconf 93' lang='lat' dir='ltr'>dum</span> <span class='ocrx_word' id='word_1_12' title='bbox 319 622 392 682; x_wconf 89' lang='lat' dir='ltr'>illac</span> <span class='ocrx_word' id='word_1_13' title='bbox 417 624 475 682; x_wconf 90' lang='lat' dir='ltr'>iter</span> <span class='ocrx_word' id='word_1_14' title='bbox 507 621 546 681; x_wconf 91' lang='lat' dir='ltr'>ad</span> <span class='ocrx_word' id='word_1_15' title='bbox 578 624 706 700; x_wconf 76' lang='lat' dir='ltr'>patriani</span> <span class='ocrx_word' id='word_1_16' title='bbox 731 622 874 684; x_wconf 84' lang='lat' dir='ltr'>facerem.</span> <span class='ocrx_word' id='word_1_17' title='bbox 918 623 1050 684; x_wconf 78' lang='lat' dir='ltr'>Litterae</span> <span class='ocrx_word' id='word_1_18' title='bbox 1072 624 1139 685; x_wconf 76' lang='lat' dir='ltr'>Luc</span> 
     </span>
     <span class='ocr_line' id='line_1_4' title="bbox 238 705 1140 785; baseline 0.001 -19"><span class='ocrx_word' id='word_1_19' title='bbox 238 706 297 778; x_wconf 86' lang='lat' dir='ltr'>teri,</span> <span class='ocrx_word' id='word_1_20' title='bbox 328 723 409 784; x_wconf 91' lang='lat' dir='ltr'>quae</span> <span class='ocrx_word' id='word_1_21' title='bbox 440 722 536 784; x_wconf 88' lang='lat' dir='ltr'>penes</span> <span class='ocrx_word' id='word_1_22' title='bbox 559 725 608 764; x_wconf 91' lang='lat' dir='ltr'>me</span> <span class='ocrx_word' id='word_1_23' title='bbox 631 714 768 779; x_wconf 77' lang='lat' dir='ltr'>exstant,</span> <span class='ocrx_word' id='word_1_24' title='bbox 805 712 876 764; x_wconf 91' lang='lat' dir='ltr'>sunt</span> <span class='ocrx_word' id='word_1_25' title='bbox 907 705 997 765; x_wconf 89' lang='lat' dir='ltr'>datae</span> <span class='ocrx_word' id='word_1_26' title='bbox 1018 705 1140 785; x_wconf 76' lang='lat' dir='ltr'><strong>Lipsiae</strong></span> 
     </span>
     <span class='ocr_line' id='line_1_5' title="bbox 238 787 1140 871; baseline 0.001 -24"><span class='ocrx_word' id='word_1_27' title='bbox 238 795 260 853; x_wconf 82' lang='grc'>7.</span> <span class='ocrx_word' id='word_1_28' title='bbox 276 787 395 849; x_wconf 74' lang='lat' dir='ltr'>ianuar.</span> <span class='ocrx_word' id='word_1_29' title='bbox 440 788 556 867; x_wconf 83' lang='lat' dir='ltr'>Accepi</span> <span class='ocrx_word' id='word_1_30' title='bbox 588 807 641 847; x_wconf 87' lang='lat' dir='ltr'>eas</span> <span class='ocrx_word' id='word_1_31' title='bbox 664 788 692 850; x_wconf 87' lang='grc'>8.</span> <span class='ocrx_word' id='word_1_32' title='bbox 716 787 881 859; x_wconf 77' lang='lat' dir='ltr'>Februarii,</span> <span class='ocrx_word' id='word_1_33' title='bbox 928 787 1053 864; x_wconf 91' lang='lat' dir='ltr'>Videte,</span> <span class='ocrx_word' id='word_1_34' title='bbox 1076 788 1140 871; x_wconf 81' lang='lat' dir='ltr'>dig-</span> 
     </span>
     <span class='ocr_line' id='line_1_6' title="bbox 238 868 1139 950; baseline 0 -19"><span class='ocrx_word' id='word_1_35' title='bbox 238 871 337 931; x_wconf 87' lang='lat' dir='ltr'>nissimi</span> <span class='ocrx_word' id='word_1_36' title='bbox 348 870 467 944; x_wconf 90' lang='lat' dir='ltr'>Patres,</span> <span class='ocrx_word' id='word_1_37' title='bbox 488 868 618 930; x_wconf 86' lang='lat' dir='ltr'>schedas</span> <span class='ocrx_word' id='word_1_38' title='bbox 641 888 725 930; x_wconf 90' lang='lat' dir='ltr'>meas</span> <span class='ocrx_word' id='word_1_39' title='bbox 748 871 830 949; x_wconf 88' lang='lat' dir='ltr'>prins</span> <span class='ocrx_word' id='word_1_40' title='bbox 852 870 947 930; x_wconf 84' lang='lat' dir='ltr'>fuisse</span> <span class='ocrx_word' id='word_1_41' title='bbox 963 873 1139 950; x_wconf 85' lang='lat' dir='ltr'>impressas,</span> 
     </span>
     <span class='ocr_line' id='line_1_7' title="bbox 181 952 1138 1032; baseline 0.003 -20"><span class='ocrx_word' id='word_1_42' title='bbox 181 981 183 986; x_wconf 93' lang='lat'>·</span> <span class='ocrx_word' id='word_1_43' title='bbox 238 972 312 1032; x_wconf 87' lang='lat' dir='ltr'>qnam</span> <span class='ocrx_word' id='word_1_44' title='bbox 347 952 466 1012; x_wconf 87' lang='lat' dir='ltr'>litteras</span> <span class='ocrx_word' id='word_1_45' title='bbox 500 954 656 1031; x_wconf 71' lang='lat' dir='ltr'>scripserit</span> <span class='ocrx_word' id='word_1_46' title='bbox 688 952 728 1012; x_wconf 89' lang='lat' dir='ltr'>ad</span> <span class='ocrx_word' id='word_1_47' title='bbox 762 972 812 1012; x_wconf 93' lang='lat' dir='ltr'>me</span> <span class='ocrx_word' id='word_1_48' title='bbox 839 952 991 1015; x_wconf 89' lang='lat' dir='ltr'>Lutterus.</span> <span class='ocrx_word' id='word_1_49' title='bbox 1033 952 1138 1017; x_wconf 88' lang='lat' dir='ltr'>Taceo</span> 
     </span>
     <span class='ocr_line' id='line_1_8' title="bbox 181 1034 1140 1114; baseline 0.003 -20"><span class='ocrx_word' id='word_1_50' title='bbox 181 1060 183 1067; x_wconf 56' lang='lat'>&lt;</span> <span class='ocrx_word' id='word_1_51' title='bbox 238 1034 304 1114; x_wconf 89' lang='lat' dir='ltr'>quod</span> <span class='ocrx_word' id='word_1_52' title='bbox 325 1034 365 1095; x_wconf 86' lang='lat' dir='ltr'>ob</span> <span class='ocrx_word' id='word_1_53' title='bbox 380 1034 518 1095; x_wconf 91' lang='lat' dir='ltr'>locorum</span> <span class='ocrx_word' id='word_1_54' title='bbox 536 1035 798 1114; x_wconf 85' lang='lat' dir='ltr'>intercapedinem</span> <span class='ocrx_word' id='word_1_55' title='bbox 813 1035 998 1096; x_wconf 78' lang='lat' dir='ltr'>tardiuscule</span> <span class='ocrx_word' id='word_1_56' title='bbox 1019 1036 1140 1097; x_wconf 88' lang='lat' dir='ltr'>inerunt</span> 
     </span>
     <span class='ocr_line' id='line_1_9' title="bbox 237 1117 1139 1198; baseline 0.002 -22"><span class='ocrx_word' id='word_1_57' title='bbox 237 1118 310 1177; x_wconf 78' lang='lat' dir='ltr'>nihi·</span> <span class='ocrx_word' id='word_1_58' title='bbox 326 1125 560 1197; x_wconf 79' lang='lat' dir='ltr'>praesentatae:</span> <span class='ocrx_word' id='word_1_59' title='bbox 592 1117 761 1198; x_wconf 82' lang='lat' dir='ltr'>intelligitis</span> <span class='ocrx_word' id='word_1_60' title='bbox 792 1119 853 1177; x_wconf 90' lang='lat' dir='ltr'>iam</span> <span class='ocrx_word' id='word_1_61' title='bbox 885 1118 1029 1194; x_wconf 81' lang='lat' dir='ltr'>arbitror,</span> <span class='ocrx_word' id='word_1_62' title='bbox 1060 1137 1139 1197; x_wconf 90' lang='lat' dir='ltr'>quae</span> 
     </span>
     <span class='ocr_line' id='line_1_10' title="bbox 235 1198 1139 1281; baseline 0 -21"><span class='ocrx_word' id='word_1_63' title='bbox 235 1202 284 1260; x_wconf 85' lang='lat' dir='ltr'>sint</span> <span class='ocrx_word' id='word_1_64' title='bbox 303 1198 374 1260; x_wconf 85' lang='lat' dir='ltr'>illae</span> <span class='ocrx_word' id='word_1_65' title='bbox 396 1200 542 1280; x_wconf 87' lang='lat' dir='ltr'>strophae</span> <span class='ocrx_word' id='word_1_66' title='bbox 563 1200 725 1261; x_wconf 80' lang='lat' dir='ltr'>infeliciter</span> <span class='ocrx_word' id='word_1_67' title='bbox 746 1207 886 1260; x_wconf 73' lang='lat' dir='ltr'>versutae</span> <span class='ocrx_word' id='word_1_68' title='bbox 910 1207 941 1260; x_wconf 88' lang='lat' dir='ltr'>et</span> <span class='ocrx_word' id='word_1_69' title='bbox 958 1200 1073 1281; x_wconf 82' lang='lat' dir='ltr'>figurae</span> <span class='ocrx_word' id='word_1_70' title='bbox 1097 1202 1139 1260; x_wconf 90' lang='lat' dir='ltr'>ni·</span> 
     </span>
     <span class='ocr_line' id='line_1_11' title="bbox 233 1281 1140 1362; baseline 0.001 -20"><span class='ocrx_word' id='word_1_71' title='bbox 233 1282 285 1342; x_wconf 91' lang='lat' dir='ltr'>bilo</span> <span class='ocrx_word' id='word_1_72' title='bbox 306 1281 456 1361; x_wconf 83' lang='lat' dir='ltr'>figuratae</span> <span class='ocrx_word' id='word_1_73' title='bbox 478 1283 632 1359; x_wconf 79' lang='lat' dir='ltr'>civilior&#39;es</span> <span class='ocrx_word' id='word_1_74' title='bbox 661 1284 793 1343; x_wconf 89' lang='lat' dir='ltr'>astutiae</span> <span class='ocrx_word' id='word_1_75' title='bbox 822 1293 853 1343; x_wconf 89' lang='lat' dir='ltr'>et</span> <span class='ocrx_word' id='word_1_76' title='bbox 875 1290 1059 1344; x_wconf 88' lang='lat' dir='ltr'>veternosae</span> <span class='ocrx_word' id='word_1_77' title='bbox 1071 1302 1140 1362; x_wconf 90' lang='lat' dir='ltr'>pru·</span> 
     </span>
     <span class='ocr_line' id='line_1_12' title="bbox 233 1364 1139 1444; baseline 0.001 -20"><span class='ocrx_word' id='word_1_78' title='bbox 233 1365 352 1427; x_wconf 86' lang='lat' dir='ltr'>dentiae.</span> <span class='ocrx_word' id='word_1_79' title='bbox 382 1364 527 1427; x_wconf 80' lang='lat' dir='ltr'>Ceterum</span> <span class='ocrx_word' id='word_1_80' title='bbox 549 1365 633 1444; x_wconf 87' lang='lat' dir='ltr'>quod</span> <span class='ocrx_word' id='word_1_81' title='bbox 654 1367 685 1425; x_wconf 91' lang='lat' dir='ltr'>in</span> <span class='ocrx_word' id='word_1_82' title='bbox 710 1384 758 1425; x_wconf 90' lang='lat' dir='ltr'>me</span> <span class='ocrx_word' id='word_1_83' title='bbox 779 1368 899 1426; x_wconf 87' lang='lat' dir='ltr'>iocatur</span> <span class='ocrx_word' id='word_1_84' title='bbox 919 1373 952 1425; x_wconf 94' lang='lat' dir='ltr'>et</span> <span class='ocrx_word' id='word_1_85' title='bbox 973 1365 1058 1441; x_wconf 85' lang='lat' dir='ltr'>ludit,</span> <span class='ocrx_word' id='word_1_86' title='bbox 1080 1364 1139 1425; x_wconf 82' lang='lat' dir='ltr'>sui·</span> 
     </span>
     <span class='ocr_line' id='line_1_13' title="bbox 232 1447 1139 1527; baseline -0.001 -20"><span class='ocrx_word' id='word_1_87' title='bbox 232 1448 286 1507; x_wconf 89' lang='lat' dir='ltr'>lero</span> <span class='ocrx_word' id='word_1_88' title='bbox 307 1454 339 1507; x_wconf 91' lang='lat' dir='ltr'>et</span> <span class='ocrx_word' id='word_1_89' title='bbox 358 1449 478 1527; x_wconf 88' lang='lat' dir='ltr'>patior:</span> <span class='ocrx_word' id='word_1_90' title='bbox 511 1447 591 1508; x_wconf 87' lang='lat' dir='ltr'>absit</span> <span class='ocrx_word' id='word_1_91' title='bbox 611 1448 685 1508; x_wconf 90' lang='lat' dir='ltr'>mihi</span> <span class='ocrx_word' id='word_1_92' title='bbox 705 1449 846 1527; x_wconf 83' lang='lat' dir='ltr'>gloriari,</span> <span class='ocrx_word' id='word_1_93' title='bbox 882 1449 907 1508; x_wconf 90' lang='lat' dir='ltr'>si</span> <span class='ocrx_word' id='word_1_94' title='bbox 935 1449 965 1508; x_wconf 91' lang='lat' dir='ltr'>in</span> <span class='ocrx_word' id='word_1_95' title='bbox 988 1447 1139 1527; x_wconf 81' lang='lat' dir='ltr'>aliquibus</span> 
     </span>
     <span class='ocr_line' id='line_1_14' title="bbox 232 1529 1139 1611; baseline 0 -21"><span class='ocrx_word' id='word_1_96' title='bbox 232 1529 334 1590; x_wconf 80' lang='lat' dir='ltr'>Studiis</span> <span class='ocrx_word' id='word_1_97' title='bbox 355 1530 407 1589; x_wconf 86' lang='lat' dir='ltr'>vel</span> <span class='ocrx_word' id='word_1_98' title='bbox 428 1530 613 1591; x_wconf 85' lang='lat' dir='ltr'>Germaniae</span> <span class='ocrx_word' id='word_1_99' title='bbox 635 1530 684 1591; x_wconf 90' lang='lat' dir='ltr'>vel</span> <span class='ocrx_word' id='word_1_100' title='bbox 705 1531 812 1591; x_wconf 87' lang='lat' dir='ltr'>Italiae</span> <span class='ocrx_word' id='word_1_101' title='bbox 835 1531 999 1591; x_wconf 81' lang='lat' dir='ltr'>exercendi</span> <span class='ocrx_word' id='word_1_102' title='bbox 1023 1531 1139 1611; x_wconf 84' lang='lat' dir='ltr'>ingenii</span> 
     </span>
     <span class='ocr_line' id='line_1_15' title="bbox 230 1612 1137 1692; baseline 0.001 -21"><span class='ocrx_word' id='word_1_103' title='bbox 230 1630 314 1672; x_wconf 87' lang='lat' dir='ltr'>cansa</span> <span class='ocrx_word' id='word_1_104' title='bbox 333 1613 456 1672; x_wconf 86' lang='lat' dir='ltr'>iuvenis</span> <span class='ocrx_word' id='word_1_105' title='bbox 478 1612 641 1692; x_wconf 86' lang='lat' dir='ltr'>disputavi.</span> <span class='ocrx_word' id='word_1_106' title='bbox 685 1613 748 1673; x_wconf 87' lang='lat' dir='ltr'>Sim</span> <span class='ocrx_word' id='word_1_107' title='bbox 769 1613 894 1674; x_wconf 89' lang='lat' dir='ltr'>Luttero</span> <span class='ocrx_word' id='word_1_108' title='bbox 916 1621 948 1674; x_wconf 92' lang='lat' dir='ltr'>et</span> <span class='ocrx_word' id='word_1_109' title='bbox 971 1613 1137 1683; x_wconf 81' lang='lat' dir='ltr'>Bodensts-</span> 
     </span>
     <span class='ocr_line' id='line_1_16' title="bbox 229 1695 1139 1777; baseline 0.002 -24"><span class='ocrx_word' id='word_1_110' title='bbox 229 1696 272 1755; x_wconf 90' lang='lat' dir='ltr'>nio</span> <span class='ocrx_word' id='word_1_111' title='bbox 294 1695 481 1774; x_wconf 87' lang='lat' dir='ltr'>sophisticus</span> <span class='ocrx_word' id='word_1_112' title='bbox 503 1703 670 1776; x_wconf 85' lang='lat' dir='ltr'>argutator,</span> <span class='ocrx_word' id='word_1_113' title='bbox 693 1697 750 1754; x_wconf 90' lang='lat' dir='ltr'>sim</span> <span class='ocrx_word' id='word_1_114' title='bbox 772 1696 958 1777; x_wconf 83' lang='lat' dir='ltr'>theologista</span> <span class='ocrx_word' id='word_1_115' title='bbox 990 1697 1139 1775; x_wconf 82' lang='lat' dir='ltr'>sophista,</span> 
     </span>
     <span class='ocr_line' id='line_1_17' title="bbox 229 1777 1138 1856; baseline 0.001 -20"><span class='ocrx_word' id='word_1_116' title='bbox 229 1778 503 1838; x_wconf 76' lang='lat' dir='ltr'>Aristotelicotatos</span> <span class='ocrx_word' id='word_1_117' title='bbox 516 1778 729 1851; x_wconf 84' lang='lat' dir='ltr'>scholasticus,</span> <span class='ocrx_word' id='word_1_118' title='bbox 745 1777 926 1856; x_wconf 80' lang='lat' dir='ltr'>disputator,</span> <span class='ocrx_word' id='word_1_119' title='bbox 944 1778 1018 1838; x_wconf 90' lang='lat' dir='ltr'>nihil</span> <span class='ocrx_word' id='word_1_120' title='bbox 1032 1780 1138 1853; x_wconf 89' lang='lat' dir='ltr'>sciam,</span> 
     </span>
     <span class='ocr_line' id='line_1_18' title="bbox 228 1858 1139 1940; baseline 0 -21"><span class='ocrx_word' id='word_1_121' title='bbox 228 1860 319 1919; x_wconf 78' lang='lat' dir='ltr'>sciam</span> <span class='ocrx_word' id='word_1_122' title='bbox 338 1861 398 1939; x_wconf 90' lang='lat' dir='ltr'>ipsi</span> <span class='ocrx_word' id='word_1_123' title='bbox 421 1861 541 1936; x_wconf 87' lang='lat' dir='ltr'>omnia,</span> <span class='ocrx_word' id='word_1_124' title='bbox 571 1863 642 1921; x_wconf 89' lang='lat' dir='ltr'>novi</span> <span class='ocrx_word' id='word_1_125' title='bbox 665 1863 817 1938; x_wconf 86' lang='lat' dir='ltr'>quamsit</span> <span class='ocrx_word' id='word_1_126' title='bbox 840 1861 909 1920; x_wconf 92' lang='lat' dir='ltr'>mibi</span> <span class='ocrx_word' id='word_1_127' title='bbox 933 1869 1018 1920; x_wconf 89' lang='lat' dir='ltr'>curta</span> <span class='ocrx_word' id='word_1_128' title='bbox 1040 1858 1139 1940; x_wconf 90' lang='lat' dir='ltr'>supel-</span> 
     </span>
     <span class='ocr_line' id='line_1_19' title="bbox 228 1942 1140 2022; baseline 0.003 -23"><span class='ocrx_word' id='word_1_129' title='bbox 228 1942 280 2001; x_wconf 63' lang='lat' dir='ltr'>lex„</span> <span class='ocrx_word' id='word_1_130' title='bbox 322 1942 386 2003; x_wconf 77' lang='lat' dir='ltr'>sim</span> <span class='ocrx_word' id='word_1_131' title='bbox 408 1942 554 2022; x_wconf 88' lang='lat' dir='ltr'>pusillus,</span> <span class='ocrx_word' id='word_1_132' title='bbox 582 1944 626 2003; x_wconf 93' lang='lat' dir='ltr'>illi</span> <span class='ocrx_word' id='word_1_133' title='bbox 647 1942 772 2020; x_wconf 82' lang='lat' dir='ltr'>Golias,</span> <span class='ocrx_word' id='word_1_134' title='bbox 795 1944 873 2003; x_wconf 90' lang='lat' dir='ltr'>alter</span> <span class='ocrx_word' id='word_1_135' title='bbox 895 1943 1057 2019; x_wconf 89' lang='lat' dir='ltr'>Hercules,</span> <span class='ocrx_word' id='word_1_136' title='bbox 1079 1944 1140 2002; x_wconf 91' lang='lat' dir='ltr'>sint</span> 
     </span>
     <span class='ocr_line' id='line_1_20' title="bbox 227 2024 1138 2108; baseline 0.002 -25"><span class='ocrx_word' id='word_1_137' title='bbox 227 2042 326 2084; x_wconf 88' lang='lat' dir='ltr'>eorum</span> <span class='ocrx_word' id='word_1_138' title='bbox 348 2024 461 2086; x_wconf 90' lang='lat' dir='ltr'>iudicio</span> <span class='ocrx_word' id='word_1_139' title='bbox 484 2034 701 2105; x_wconf 88' lang='lat' dir='ltr'>praeceptores</span> <span class='ocrx_word' id='word_1_140' title='bbox 730 2026 788 2084; x_wconf 91' lang='lat' dir='ltr'>mei</span> <span class='ocrx_word' id='word_1_141' title='bbox 810 2025 964 2096; x_wconf 84' lang='lat' dir='ltr'>infelices,</span> <span class='ocrx_word' id='word_1_142' title='bbox 998 2044 1076 2108; x_wconf 90' lang='lat' dir='ltr'>qnos</span> <span class='ocrx_word' id='word_1_143' title='bbox 1096 2025 1138 2085; x_wconf 86' lang='lat' dir='ltr'>fe·</span> 
     </span>
     <span class='ocr_line' id='line_1_21' title="bbox 229 2106 1139 2187; baseline 0.002 -22"><span class='ocrx_word' id='word_1_144' title='bbox 229 2108 295 2166; x_wconf 85' lang='lat' dir='ltr'>lices</span> <span class='ocrx_word' id='word_1_145' title='bbox 317 2108 465 2184; x_wconf 85' lang='lat' dir='ltr'>arbitror,</span> <span class='ocrx_word' id='word_1_146' title='bbox 487 2107 643 2187; x_wconf 84' lang='lat' dir='ltr'>quibusvis</span> <span class='ocrx_word' id='word_1_147' title='bbox 666 2106 840 2183; x_wconf 78' lang='lat' dir='ltr'>nominibus</span> <span class='ocrx_word' id='word_1_148' title='bbox 863 2128 911 2168; x_wconf 93' lang='lat' dir='ltr'>me</span> <span class='ocrx_word' id='word_1_149' title='bbox 934 2108 1139 2168; x_wconf 86' lang='lat' dir='ltr'>dehonestare</span> 
     </span>
     <span class='ocr_line' id='line_1_22' title="bbox 228 2189 1139 2270; baseline 0.002 -22"><span class='ocrx_word' id='word_1_150' title='bbox 228 2190 363 2267; x_wconf 85' lang='lat' dir='ltr'>nitantur,</span> <span class='ocrx_word' id='word_1_151' title='bbox 384 2192 502 2270; x_wconf 89' lang='lat' dir='ltr'>patiar,</span> <span class='ocrx_word' id='word_1_152' title='bbox 531 2189 698 2252; x_wconf 90' lang='lat' dir='ltr'>dummodo</span> <span class='ocrx_word' id='word_1_153' title='bbox 728 2189 851 2251; x_wconf 90' lang='lat' dir='ltr'>fldelem</span> <span class='ocrx_word' id='word_1_154' title='bbox 874 2210 923 2251; x_wconf 91' lang='lat' dir='ltr'>me</span> <span class='ocrx_word' id='word_1_155' title='bbox 944 2210 1014 2251; x_wconf 86' lang='lat' dir='ltr'>esse</span> <span class='ocrx_word' id='word_1_156' title='bbox 1037 2193 1139 2250; x_wconf 92' lang='lat' dir='ltr'>sinant</span> 
     </span>
     <span class='ocr_line' id='line_1_23' title="bbox 229 2272 1139 2353; baseline 0 -21"><span class='ocrx_word' id='word_1_157' title='bbox 229 2280 257 2332; x_wconf 81' lang='lat' dir='ltr'>et</span> <span class='ocrx_word' id='word_1_158' title='bbox 277 2272 491 2333; x_wconf 81' lang='lat' dir='ltr'>Christianum.</span> <span class='ocrx_word' id='word_1_159' title='bbox 531 2273 561 2334; x_wconf 81' lang='lat' dir='ltr'>st</span> <span class='ocrx_word' id='word_1_160' title='bbox 583 2273 687 2334; x_wconf 79' lang='lat' dir='ltr'>fecero</span> <span class='ocrx_word' id='word_1_161' title='bbox 711 2275 824 2351; x_wconf 88' lang='lat' dir='ltr'>omnia,</span> <span class='ocrx_word' id='word_1_162' title='bbox 846 2292 925 2352; x_wconf 90' lang='lat' dir='ltr'>quae</span> <span class='ocrx_word' id='word_1_163' title='bbox 949 2272 1139 2353; x_wconf 87' lang='lat' dir='ltr'>praeceperit</span> 
     </span>
     <span class='ocr_line' id='line_1_24' title="bbox 231 2354 1137 2437; baseline 0.002 -24"><span class='ocrx_word' id='word_1_164' title='bbox 231 2354 293 2413; x_wconf 87' lang='lat' dir='ltr'>milri</span> <span class='ocrx_word' id='word_1_165' title='bbox 310 2355 466 2431; x_wconf 90' lang='lat' dir='ltr'>dominus,</span> <span class='ocrx_word' id='word_1_166' title='bbox 488 2357 553 2416; x_wconf 90' lang='lat' dir='ltr'>scio</span> <span class='ocrx_word' id='word_1_167' title='bbox 577 2358 647 2436; x_wconf 90' lang='lat' dir='ltr'>quia</span> <span class='ocrx_word' id='word_1_168' title='bbox 662 2375 770 2437; x_wconf 76' lang='lat' dir='ltr'>sersus</span> <span class='ocrx_word' id='word_1_169' title='bbox 787 2357 901 2416; x_wconf 92' lang='lat' dir='ltr'>inutilis</span> <span class='ocrx_word' id='word_1_170' title='bbox 918 2376 999 2415; x_wconf 92' lang='lat' dir='ltr'>sum:</span> <span class='ocrx_word' id='word_1_171' title='bbox 1022 2362 1137 2433; x_wconf 89' lang='lat' dir='ltr'>quanto</span> 
     </span>
     <span class='ocr_line' id='line_1_25' title="bbox 230 2436 1138 2518; baseline 0.002 -24"><span class='ocrx_word' id='word_1_172' title='bbox 230 2438 318 2516; x_wconf 81' lang='lat' dir='ltr'>magis</span> <span class='ocrx_word' id='word_1_173' title='bbox 340 2436 413 2498; x_wconf 92' lang='lat' dir='ltr'>dum</span> <span class='ocrx_word' id='word_1_174' title='bbox 435 2456 573 2518; x_wconf 83' lang='lat' dir='ltr'>agnosco</span> <span class='ocrx_word' id='word_1_175' title='bbox 596 2458 645 2498; x_wconf 91' lang='lat' dir='ltr'>me</span> <span class='ocrx_word' id='word_1_176' title='bbox 667 2458 730 2499; x_wconf 92' lang='lat' dir='ltr'>non</span> <span class='ocrx_word' id='word_1_177' title='bbox 752 2439 870 2499; x_wconf 85' lang='lat' dir='ltr'>iecisse.</span> <span class='ocrx_word' id='word_1_178' title='bbox 896 2458 962 2498; x_wconf 86' lang='lat' dir='ltr'>sum</span> <span class='ocrx_word' id='word_1_179' title='bbox 984 2437 1138 2497; x_wconf 87' lang='lat' dir='ltr'>inutilissi-</span> 
     </span>
     <span class='ocr_line' id='line_1_26' title="bbox 230 2518 1138 2600; baseline 0 -22"><span class='ocrx_word' id='word_1_180' title='bbox 230 2538 296 2578; x_wconf 83' lang='lat' dir='ltr'>mus.</span> <span class='ocrx_word' id='word_1_181' title='bbox 329 2518 476 2580; x_wconf 83' lang='lat' dir='ltr'>Attamen</span> <span class='ocrx_word' id='word_1_182' title='bbox 500 2521 641 2600; x_wconf 85' lang='lat' dir='ltr'>quicquid</span> <span class='ocrx_word' id='word_1_183' title='bbox 666 2522 734 2581; x_wconf 88' lang='lat' dir='ltr'>Deo</span> <span class='ocrx_word' id='word_1_184' title='bbox 757 2521 894 2582; x_wconf 92' lang='lat' dir='ltr'>donante</span> <span class='ocrx_word' id='word_1_185' title='bbox 915 2522 1021 2600; x_wconf 85' lang='lat' dir='ltr'>accepi</span> <span class='ocrx_word' id='word_1_186' title='bbox 1044 2518 1138 2579; x_wconf 90' lang='lat' dir='ltr'>liben-</span> 
     </span>
     <span class='ocr_line' id='line_1_27' title="bbox 230 2602 1139 2681; baseline 0.001 -21"><span class='ocrx_word' id='word_1_187' title='bbox 230 2608 269 2660; x_wconf 89' lang='lat' dir='ltr'>ter</span> <span class='ocrx_word' id='word_1_188' title='bbox 288 2620 444 2681; x_wconf 81' lang='lat' dir='ltr'>exponam</span> <span class='ocrx_word' id='word_1_189' title='bbox 466 2621 523 2681; x_wconf 90' lang='lat' dir='ltr'>pro</span> <span class='ocrx_word' id='word_1_190' title='bbox 547 2606 677 2663; x_wconf 88' lang='lat' dir='ltr'>veritate</span> <span class='ocrx_word' id='word_1_191' title='bbox 699 2602 770 2663; x_wconf 84' lang='lat' dir='ltr'>ildei</span> <span class='ocrx_word' id='word_1_192' title='bbox 793 2613 824 2665; x_wconf 89' lang='lat' dir='ltr'>et</span> <span class='ocrx_word' id='word_1_193' title='bbox 838 2603 971 2664; x_wconf 88' lang='lat' dir='ltr'>ecclesia</span> <span class='ocrx_word' id='word_1_194' title='bbox 985 2602 1139 2662; x_wconf 86' lang='lat' dir='ltr'>catholice</span> 
     </span>
     <span class='ocr_line' id='line_1_28' title="bbox 230 2684 1135 2764; baseline 0.002 -22"><span class='ocrx_word' id='word_1_195' title='bbox 230 2684 343 2744; x_wconf 91' lang='lat' dir='ltr'>tuenda.</span> <span class='ocrx_word' id='word_1_196' title='bbox 371 2685 413 2745; x_wconf 82' lang='lat' dir='ltr'>Et</span> <span class='ocrx_word' id='word_1_197' title='bbox 434 2692 580 2764; x_wconf 89' lang='lat' dir='ltr'>quantum</span> <span class='ocrx_word' id='word_1_198' title='bbox 601 2686 686 2746; x_wconf 89' lang='lat' dir='ltr'>Dens</span> <span class='ocrx_word' id='word_1_199' title='bbox 707 2685 835 2763; x_wconf 86' lang='lat' dir='ltr'>dederit,</span> <span class='ocrx_word' id='word_1_200' title='bbox 857 2685 1009 2746; x_wconf 85' lang='lat' dir='ltr'>erroribus</span> <span class='ocrx_word' id='word_1_201' title='bbox 1030 2704 1135 2764; x_wconf 81' lang='lat' dir='ltr'>repug-</span> 
     </span>
     <span class='ocr_line' id='line_1_29' title="bbox 231 2766 1139 2849; baseline 0.002 -25"><span class='ocrx_word' id='word_1_202' title='bbox 231 2766 303 2827; x_wconf 91' lang='lat' dir='ltr'>nabo</span> <span class='ocrx_word' id='word_1_203' title='bbox 333 2773 365 2828; x_wconf 90' lang='lat' dir='ltr'>et</span> <span class='ocrx_word' id='word_1_204' title='bbox 385 2786 442 2827; x_wconf 91' lang='lat' dir='ltr'>eos</span> <span class='ocrx_word' id='word_1_205' title='bbox 464 2787 647 2849; x_wconf 79' lang='lat' dir='ltr'>expungam.</span> <span class='ocrx_word' id='word_1_206' title='bbox 691 2766 782 2828; x_wconf 88' lang='lat' dir='ltr'>Nulla</span> <span class='ocrx_word' id='word_1_207' title='bbox 810 2770 890 2828; x_wconf 89' lang='lat' dir='ltr'>enirn</span> <span class='ocrx_word' id='word_1_208' title='bbox 924 2776 981 2827; x_wconf 86' lang='lat' dir='ltr'>nos</span> <span class='ocrx_word' id='word_1_209' title='bbox 1005 2784 1139 2827; x_wconf 90' lang='lat' dir='ltr'>commo-</span> 
     </span>
     <span class='ocr_line' id='line_1_30' title="bbox 231 2848 1140 2931; baseline 0.001 -25"><span class='ocrx_word' id='word_1_210' title='bbox 231 2868 294 2909; x_wconf 81' lang='lat' dir='ltr'>rere</span> <span class='ocrx_word' id='word_1_211' title='bbox 316 2848 432 2910; x_wconf 89' lang='lat' dir='ltr'>debent</span> <span class='ocrx_word' id='word_1_212' title='bbox 450 2851 592 2910; x_wconf 88' lang='lat' dir='ltr'>convicia</span> <span class='ocrx_word' id='word_1_213' title='bbox 605 2851 666 2924; x_wconf 87' lang='lat' dir='ltr'>(ait</span> <span class='ocrx_word' id='word_1_214' title='bbox 677 2850 877 2931; x_wconf 83' lang='lat' dir='ltr'>Gregorius),</span> <span class='ocrx_word' id='word_1_215' title='bbox 898 2857 932 2909; x_wconf 91' lang='lat' dir='ltr'>ut</span> <span class='ocrx_word' id='word_1_216' title='bbox 953 2869 972 2908; x_wconf 86' lang='lat' dir='ltr'>a</span> <span class='ocrx_word' id='word_1_217' title='bbox 992 2852 1043 2909; x_wconf 87' lang='lat' dir='ltr'>vis</span> <span class='ocrx_word' id='word_1_218' title='bbox 1056 2855 1140 2908; x_wconf 83' lang='lat' dir='ltr'>recta</span> 
     </span>
     <span class='ocr_line' id='line_1_31' title="bbox 233 2931 1139 3013; baseline -0.001 -23"><span class='ocrx_word' id='word_1_219' title='bbox 233 2937 257 2990; x_wconf 85' lang='lat' dir='ltr'>et</span> <span class='ocrx_word' id='word_1_220' title='bbox 276 2951 294 2991; x_wconf 91' lang='lat' dir='ltr'>a</span> <span class='ocrx_word' id='word_1_221' title='bbox 315 2940 399 2992; x_wconf 86' lang='lat' dir='ltr'>certa</span> <span class='ocrx_word' id='word_1_222' title='bbox 421 2933 529 3013; x_wconf 87' lang='lat' dir='ltr'>regula</span> <span class='ocrx_word' id='word_1_223' title='bbox 549 2933 740 2995; x_wconf 87' lang='lat' dir='ltr'>recedamus.</span> <span class='ocrx_word' id='word_1_224' title='bbox 783 2933 956 2994; x_wconf 88' lang='lat' dir='ltr'>Amicitiam</span> <span class='ocrx_word' id='word_1_225' title='bbox 983 2939 1084 2992; x_wconf 88' lang='lat' dir='ltr'>tamen</span> <span class='ocrx_word' id='word_1_226' title='bbox 1108 2931 1139 2989; x_wconf 92' lang='lat' dir='ltr'>in</span> 
     </span>
     <span class='ocr_line' id='line_1_32' title="bbox 233 3014 1140 3092; baseline 0.001 -20"><span class='ocrx_word' id='word_1_227' title='bbox 233 3031 259 3072; x_wconf 88' lang='lat' dir='ltr'>ss</span> <span class='ocrx_word' id='word_1_228' title='bbox 280 3034 379 3074; x_wconf 89' lang='lat' dir='ltr'>meam</span> <span class='ocrx_word' id='word_1_229' title='bbox 401 3014 544 3078; x_wconf 87' lang='lat' dir='ltr'>Lutterus</span> <span class='ocrx_word' id='word_1_230' title='bbox 567 3023 710 3076; x_wconf 89' lang='lat' dir='ltr'>causatur</span> <span class='ocrx_word' id='word_1_231' title='bbox 731 3016 914 3092; x_wconf 89' lang='lat' dir='ltr'>simulatam,</span> <span class='ocrx_word' id='word_1_232' title='bbox 935 3015 1045 3092; x_wconf 84' lang='lat' dir='ltr'>fateor,</span> <span class='ocrx_word' id='word_1_233' title='bbox 1068 3014 1140 3073; x_wconf 89' lang='lat' dir='ltr'>ami·</span> 
     </span>
     <span class='ocr_line' id='line_1_33' title="bbox 234 3096 1139 3159; baseline 0 -4"><span class='ocrx_word' id='word_1_234' title='bbox 234 3096 324 3155; x_wconf 81' lang='lat' dir='ltr'>citiam</span> <span class='ocrx_word' id='word_1_235' title='bbox 348 3096 388 3158; x_wconf 91' lang='lat' dir='ltr'>ob</span> <span class='ocrx_word' id='word_1_236' title='bbox 412 3098 528 3159; x_wconf 83' lang='lat' dir='ltr'>litteras</span> <span class='ocrx_word' id='word_1_237' title='bbox 557 3110 587 3159; x_wconf 88' lang='lat' dir='ltr'>et</span> <span class='ocrx_word' id='word_1_238' title='bbox 609 3099 744 3159; x_wconf 92' lang='lat' dir='ltr'>studium</span> <span class='ocrx_word' id='word_1_239' title='bbox 766 3118 835 3157; x_wconf 91' lang='lat' dir='ltr'>cum</span> <span class='ocrx_word' id='word_1_240' title='bbox 858 3118 895 3157; x_wconf 87' lang='lat' dir='ltr'>eo</span> <span class='ocrx_word' id='word_1_241' title='bbox 918 3098 971 3156; x_wconf 91' lang='lat' dir='ltr'>inii</span> <span class='ocrx_word' id='word_1_242' title='bbox 994 3116 1051 3156; x_wconf 90' lang='lat' dir='ltr'>nec</span> <span class='ocrx_word' id='word_1_243' title='bbox 1073 3097 1139 3155; x_wconf 89' lang='lat' dir='ltr'>viso</span> 
     </span>
     <span class='ocr_line' id='line_1_34' title="bbox 236 3178 1139 3262; baseline 0 -25"><span class='ocrx_word' id='word_1_244' title='bbox 236 3182 279 3246; x_wconf 86' lang='lat' dir='ltr'>(ut</span> <span class='ocrx_word' id='word_1_245' title='bbox 307 3198 376 3239; x_wconf 90' lang='lat' dir='ltr'>cum</span> <span class='ocrx_word' id='word_1_246' title='bbox 406 3180 506 3241; x_wconf 90' lang='lat' dir='ltr'>doctis</span> <span class='ocrx_word' id='word_1_247' title='bbox 543 3181 644 3241; x_wconf 84' lang='lat' dir='ltr'>lacere</span> <span class='ocrx_word' id='word_1_248' title='bbox 676 3178 800 3262; x_wconf 87' lang='lat' dir='ltr'>soleo),</span> <span class='ocrx_word' id='word_1_249' title='bbox 839 3180 892 3241; x_wconf 86' lang='lat' dir='ltr'>sed</span> <span class='ocrx_word' id='word_1_250' title='bbox 928 3187 1089 3258; x_wconf 89' lang='lat' dir='ltr'>tantopere</span> <span class='ocrx_word' id='word_1_251' title='bbox 1119 3197 1139 3237; x_wconf 90' lang='lat' dir='ltr'>a</span> 
     </span>
     <span class='ocr_line' id='line_1_35' title="bbox 235 3260 1141 3342; baseline 0.001 -22"><span class='ocrx_word' id='word_1_252' title='bbox 235 3264 379 3321; x_wconf 84' lang='lat' dir='ltr'>communi</span> <span class='ocrx_word' id='word_1_253' title='bbox 400 3265 516 3339; x_wconf 86' lang='lat' dir='ltr'>amico,</span> <span class='ocrx_word' id='word_1_254' title='bbox 546 3264 673 3324; x_wconf 88' lang='lat' dir='ltr'>doctiss.</span> <span class='ocrx_word' id='word_1_255' title='bbox 707 3262 928 3342; x_wconf 82' lang='lat' dir='ltr'>Christophoro</span> <span class='ocrx_word' id='word_1_256' title='bbox 952 3260 1141 3338; x_wconf 83' lang='lat' dir='ltr'>Scheurlin0,</span> 
     </span>
     <span class='ocr_line' id='line_1_36' title="bbox 236 3342 1141 3427; baseline 0.001 -26"><span class='ocrx_word' id='word_1_257' title='bbox 236 3343 481 3422; x_wconf 67' lang='lat' dir='ltr'>loressonsulto,</span> <span class='ocrx_word' id='word_1_258' title='bbox 503 3348 711 3427; x_wconf 85' lang='lat' dir='ltr'>integerrimo,</span> <span class='ocrx_word' id='word_1_259' title='bbox 733 3344 961 3406; x_wconf 89' lang='lat' dir='ltr'>commendato.</span> <span class='ocrx_word' id='word_1_260' title='bbox 996 3342 1058 3404; x_wconf 82' lang='lat' dir='ltr'>Sed</span> <span class='ocrx_word' id='word_1_261' title='bbox 1079 3361 1141 3402; x_wconf 87' lang='lat' dir='ltr'>cre-</span> 
     </span>
     <span class='ocr_line' id='line_1_37' title="bbox 238 3425 1142 3508; baseline 0 -23"><span class='ocrx_word' id='word_1_262' title='bbox 238 3425 310 3487; x_wconf 88' lang='lat' dir='ltr'>ditne</span> <span class='ocrx_word' id='word_1_263' title='bbox 330 3446 425 3506; x_wconf 90' lang='lat' dir='ltr'>posse</span> <span class='ocrx_word' id='word_1_264' title='bbox 445 3447 496 3488; x_wconf 89' lang='lat' dir='ltr'>me</span> <span class='ocrx_word' id='word_1_265' title='bbox 518 3448 587 3489; x_wconf 88' lang='lat' dir='ltr'>esse</span> <span class='ocrx_word' id='word_1_266' title='bbox 604 3431 734 3489; x_wconf 87' lang='lat' dir='ltr'>amicum</span> <span class='ocrx_word' id='word_1_267' title='bbox 757 3430 795 3504; x_wconf 92' lang='lat' dir='ltr'>ei,</span> <span class='ocrx_word' id='word_1_268' title='bbox 818 3428 869 3508; x_wconf 90' lang='lat' dir='ltr'>qui</span> <span class='ocrx_word' id='word_1_269' title='bbox 884 3435 971 3487; x_wconf 89' lang='lat' dir='ltr'>extra</span> <span class='ocrx_word' id='word_1_270' title='bbox 983 3427 1142 3486; x_wconf 83' lang='lat' dir='ltr'>Ecclesiae</span> 
     </span>
     <span class='ocr_line' id='line_1_38' title="bbox 238 3510 1141 3590; baseline -0.001 -22"><span class='ocrx_word' id='word_1_271' title='bbox 238 3510 372 3569; x_wconf 70' lang='lat' dir='ltr'>unitatm</span> <span class='ocrx_word' id='word_1_272' title='bbox 395 3512 569 3589; x_wconf 83' lang='lat' dir='ltr'>contendit,</span> <span class='ocrx_word' id='word_1_273' title='bbox 599 3531 666 3570; x_wconf 91' lang='lat' dir='ltr'>curn</span> <span class='ocrx_word' id='word_1_274' title='bbox 692 3512 726 3572; x_wconf 91' lang='lat' dir='ltr'>B.</span> <span class='ocrx_word' id='word_1_275' title='bbox 749 3510 953 3590; x_wconf 86' lang='lat' dir='ltr'>Hieronymus</span> <span class='ocrx_word' id='word_1_276' title='bbox 977 3511 1059 3569; x_wconf 91' lang='lat' dir='ltr'>omni</span> <span class='ocrx_word' id='word_1_277' title='bbox 1081 3515 1141 3569; x_wconf 90' lang='lat' dir='ltr'>stu·</span> 
     </span>
     <span class='ocr_line' id='line_1_39' title="bbox 239 3590 1144 3673; baseline 0.001 -23"><span class='ocrx_word' id='word_1_278' title='bbox 239 3590 280 3651; x_wconf 88' lang='lat' dir='ltr'>dio</span> <span class='ocrx_word' id='word_1_279' title='bbox 299 3593 433 3653; x_wconf 84' lang='lat' dir='ltr'>affirmet</span> <span class='ocrx_word' id='word_1_280' title='bbox 454 3612 489 3654; x_wconf 89' lang='lat' dir='ltr'>se</span> <span class='ocrx_word' id='word_1_281' title='bbox 509 3596 628 3673; x_wconf 85' lang='lat' dir='ltr'>egisse,</span> <span class='ocrx_word' id='word_1_282' title='bbox 658 3602 692 3654; x_wconf 92' lang='lat' dir='ltr'>ut</span> <span class='ocrx_word' id='word_1_283' title='bbox 712 3595 817 3655; x_wconf 88' lang='lat' dir='ltr'>hostes</span> <span class='ocrx_word' id='word_1_284' title='bbox 839 3593 1000 3652; x_wconf 84' lang='lat' dir='ltr'>Ecclesiae</span> <span class='ocrx_word' id='word_1_285' title='bbox 1026 3600 1058 3651; x_wconf 87' lang='lat' dir='ltr'>et</span> <span class='ocrx_word' id='word_1_286' title='bbox 1078 3592 1144 3651; x_wconf 90' lang='lat' dir='ltr'>eius</span> 
     </span>
     <span class='ocr_line' id='line_1_40' title="bbox 240 3673 1142 3754; baseline -0.001 -20"><span class='ocrx_word' id='word_1_287' title='bbox 240 3673 332 3736; x_wconf 87' lang='lat' dir='ltr'>hostes</span> <span class='ocrx_word' id='word_1_288' title='bbox 366 3674 484 3737; x_wconf 83' lang='lat' dir='ltr'>flerent</span> <span class='ocrx_word' id='word_1_289' title='bbox 527 3677 690 3738; x_wconf 89' lang='lat' dir='ltr'>Hominem</span> <span class='ocrx_word' id='word_1_290' title='bbox 714 3694 802 3754; x_wconf 87' lang='lat' dir='ltr'>amo,</span> <span class='ocrx_word' id='word_1_291' title='bbox 836 3694 954 3735; x_wconf 83' lang='lat' dir='ltr'>errores</span> <span class='ocrx_word' id='word_1_292' title='bbox 984 3692 1051 3734; x_wconf 93' lang='lat' dir='ltr'>cum</span> <span class='ocrx_word' id='word_1_293' title='bbox 1084 3674 1142 3733; x_wconf 89' lang='lat' dir='ltr'>Au-</span> 
     </span>
     <span class='ocr_line' id='line_1_41' title="bbox 229 3757 1146 3841; baseline 0.004 -26"><span class='ocrx_word' id='word_1_294' title='bbox 229 3759 339 3815; x_wconf 66' lang='lat' dir='ltr'>tumno</span> <span class='ocrx_word' id='word_1_295' title='bbox 360 3757 441 3818; x_wconf 79' lang='lat' dir='ltr'>odio.</span> <span class='ocrx_word' id='word_1_296' title='bbox 484 3759 544 3818; x_wconf 78' lang='lat' dir='ltr'>Est</span> <span class='ocrx_word' id='word_1_297' title='bbox 564 3760 628 3821; x_wconf 86' lang='lat' dir='ltr'>boc</span> <span class='ocrx_word' id='word_1_298' title='bbox 650 3770 827 3826; x_wconf 87' lang='lat' dir='ltr'>monstmm</span> <span class='ocrx_word' id='word_1_299' title='bbox 848 3760 958 3841; x_wconf 84' lang='lat' dir='ltr'>alere,</span> <span class='ocrx_word' id='word_1_300' title='bbox 983 3758 1146 3822; x_wconf 63' lang='lat' dir='ltr'>ventam</span> 
     </span>
    </p>
   </div>
   <div class='ocr_carea' id='block_1_3' title="bbox 216 3828 1166 3932">
    <p class='ocr_par' dir='ltr' id='par_1_3' title="bbox 216 3828 1166 3932">
     <span class='ocr_line' id='line_1_42' title="bbox 216 3828 1166 3932; baseline 0.038 -51"><span class='ocrx_word' id='word_1_301' title='bbox 216 3828 338 3893; x_wconf 73' lang='lat' dir='ltr'>atnam.</span> <span class='ocrx_word' id='word_1_302' title='bbox 358 3834 474 3897; x_wconf 74' lang='lat' dir='ltr'>Pontis.</span> <span class='ocrx_word' id='word_1_303' title='bbox 496 3843 577 3904; x_wconf 83' lang='lat' dir='ltr'>tueri</span> <span class='ocrx_word' id='word_1_304' title='bbox 597 3862 639 3907; x_wconf 85' lang='lat' dir='ltr'>aa</span> <span class='ocrx_word' id='word_1_305' title='bbox 661 3852 807 3932; x_wconf 79' lang='lat' dir='ltr'>proximi</span> <span class='ocrx_word' id='word_1_306' title='bbox 829 3849 972 3917; x_wconf 85' lang='lat' dir='ltr'>reditum</span> <span class='ocrx_word' id='word_1_307' title='bbox 991 3846 1034 3913; x_wconf 88' lang='lat' dir='ltr'>ab</span> <span class='ocrx_word' id='word_1_308' title='bbox 1056 3860 1166 3910; x_wconf 67' lang='lat' dir='ltr'>onore</span> 
     </span>
    </p>
   </div>
   <div class='ocr_carea' id='block_1_4' title="bbox 1184 594 1201 637">
    <p class='ocr_par' dir='ltr' id='par_1_4' title="bbox 1184 594 1201 637">
     <span class='ocr_line' id='line_1_43' title="bbox 1184 594 1201 637; baseline 0 0"><span class='ocrx_word' id='word_1_309' title='bbox 1184 594 1201 637; x_wconf 58' lang='grc' dir='ltr'><strong>ὑ</strong></span> 
     </span>
    </p>
   </div>
   <div class='ocr_carea' id='block_1_5' title="bbox 0 0 1360 4417">
    <p class='ocr_par' dir='ltr' id='par_1_5' title="bbox 0 0 1360 4417">
     <span class='ocr_line' id='line_1_44' title="bbox 0 0 1360 4417; baseline 0 0"><span class='ocrx_word' id='word_1_310' title='bbox 0 0 1360 4417; x_wconf 95' lang='lat' dir='ltr'> </span> 
     </span>
    </p>
   </div>
  </div>
 </body>
</html>
