2709 4417
261 341 324 413 188
463 347 620 417 Disputatio
639 348 748 417 Lipsiae
768 349 863 409 tabita
880 365 906 404 a
925 349 988 404 xlx

159 566 165 585 ·
261 536 343 597 nium
366 535 618 598 scholasticorum
641 537 808 598 Doctorum
839 557 956 598 mecum
980 556 1051 597 esse
1066 536 1111 608 ¹),
1138 550 1162 602 et

260 627 368 681 contra
390 620 511 680 obiecta
526 621 591 681 eius
614 640 761 700 pugnare,
783 641 852 680 cum
864 641 972 683 omnes
985 625 1162 685 consentiant

260 705 474 765 contritionem
498 711 642 783 oportere
660 702 726 763 fleri
746 704 777 763 in
790 706 926 784 caritate,
948 705 975 765 si
997 702 1089 764 debet
1109 725 1163 768 esse

261 787 343 849 bona
369 796 400 846 et
425 787 579 847 meritoria
600 788 800 866 poenitentia.
825 788 915 863 Quod
945 807 1009 868 ego
1038 808 1112 847 sane
1130 791 1163 849 in·

261 870 379 951 telligo,
401 871 616 930 contritionem
640 869 705 929 fieri
729 877 874 932 movente
886 879 918 933 et
937 873 1107 949 imperante
1125 892 1163 932 ca-

260 954 359 1032 ritate,
381 961 414 1012 ut
435 954 479 1012 sic
501 954 540 1012 sit
562 953 755 1029 voluntaria,
772 953 886 1030 hilaris,
909 970 1056 1014 amorosa
1071 958 1164 1034 poeni·

259 1037 364 1098 tentia.
398 1035 472 1096 Ideo
494 1036 567 1095 licet
586 1032 745 1096 iohannes
765 1037 971 1117 increpaverit
990 1035 1123 1096 iudaeos
1140 1048 1165 1099 et

259 1121 413 1195 terruerit,
443 1138 504 1178 non
528 1118 599 1179 ideo
626 1120 779 1197 sequitur,
811 1122 1007 1198 poenitentes
1045 1121 1164 1200 incipere

259 1203 391 1283 etiama
412 1209 536 1265 terrore.
559 1201 621 1261 Aut
642 1203 667 1260 si
689 1202 838 1282 incipiunt
859 1224 877 1263 a
899 1212 1027 1279 terrore,
1050 1205 1105 1263 nisi
1126 1225 1163 1264 cc

259 1286 387 1346 cesserit
407 1285 521 1364 gratia,
550 1284 732 1364 hypocritae
754 1294 825 1346 sunt
845 1289 969 1365 verius,
992 1305 1084 1365 quam
1105 1307 1162 1366 poe-

260 1370 402 1429 nitentes.

342 1450 463 1531 Adiccit
483 1450 520 1509 D.
542 1451 577 1511 D.
600 1451 760 1522 rationem,
783 1450 867 1529 quod
882 1451 966 1511 Dens
990 1471 1039 1510 res
1063 1453 1105 1511 sic
1122 1453 1162 1512 ad-

160 1597 162 1601 ,
260 1534 430 1607 ministrat,
462 1539 495 1592 ut
521 1533 583 1592 ima
609 1552 664 1612 per
696 1533 797 1593 media
823 1532 915 1593 ducat
942 1532 981 1593 ad
1010 1536 1162 1613 superiora,

259 1615 341 1695 quod
373 1615 489 1694 aptavit
516 1614 555 1675 ad
578 1617 739 1693 timorem,
768 1617 894 1694 volens,
927 1623 1089 1696 peccatum
1109 1638 1164 1678 esse

258 1701 371 1773 imum,
400 1700 539 1758 timorem
570 1698 720 1773 medium,
750 1718 886 1759 amorem
908 1701 1063 1778 superius,
1096 1702 1163 1778 quod

259 1802 318 1863 ego
341 1789 483 1857 transeo,
506 1788 538 1840 et
558 1801 621 1841 non
643 1783 774 1861 accipio.

305 1904 307 1911 ·
340 1865 423 1924 Dicit
444 1865 552 1942 etiam,
581 1883 650 1924 esse
671 1865 885 1945 perfectionis,
913 1866 938 1924 si
954 1864 1050 1926 homo
1073 1875 1165 1945 posset

258 1966 292 2008 se
316 1967 398 2008 merc
420 1947 480 2006 Dei
509 1945 615 2007 obtutu
643 1954 674 2008 et
698 1967 804 2007 amore
831 1947 963 2007 iustitiae
996 1949 1113 2028 erigere
1132 1950 1164 2009 sd

257 2031 386 2110 gratiam
409 2029 639 2108 capessendam.
663 2030 724 2091 Sed
746 2031 813 2110 quis
837 2037 885 2091 est
905 2031 965 2105 hic,
988 2040 1021 2091 et
1043 2031 1165 2092 laudabi-

258 2132 324 2172 mus
347 2113 439 2172 eum?
461 2112 668 2192 Respondco:
696 2113 762 2173 Nec
782 2113 893 2173 timore
915 2133 974 2173 nec
995 2133 1101 2174 amore
1120 2136 1166 2195 po·

257 2202 318 2255 test
338 2216 373 2256 se
393 2195 487 2255 homo
510 2197 627 2275 erigere
647 2195 687 2255 ad
709 2197 836 2276 gratiam
862 2197 1100 2276 capessendam,
1120 2197 1167 2258 sed

256 2280 356 2358 gratis
373 2279 547 2358 praevenit,
576 2285 607 2338 et
629 2286 733 2339 movet
754 2279 793 2338 ad
818 2299 932 2338 merum
954 2281 1011 2340 Dei
1035 2281 1168 2342 obtutum

258 2364 299 2422 ct'
311 2380 448 2422 amorem
469 2359 612 2421 iustitiae.

340 2443 388 2505 Ad
412 2443 633 2523 Angustinnm,
662 2445 714 2522 qui
742 2443 854 2504 doceat
875 2444 1063 2524 praecedere
1091 2445 1170 2505 timo-

256 2545 320 2586 rem
343 2533 415 2586 ante
436 2527 575 2606 gratiam,
599 2534 629 2586 ct
640 2527 773 2586 intrante
788 2529 915 2587 caritate
928 2527 1003 2607 pelli
1025 2527 1168 2588 timorem.

258 2607 349 2669 dico:
381 2609 412 2670 Si
434 2615 517 2670 recte
538 2609 742 2689 intelligatur,
766 2609 910 2687 admitto,
931 2611 993 2670 hoc
1014 2615 1072 2686 est,
1094 2609 1169 2689 quod

257 2692 446 2771 poenitentia
459 2691 595 2751 nondum
617 2700 666 2752 est
686 2693 817 2772 incepta,
840 2693 963 2772 quando
986 2695 1080 2751 timor
1090 2712 1168 2772 prae-

258 2773 340 2834 cedit
361 2776 528 2834 caritatem.
551 2774 611 2834 Sed
635 2777 768 2835 intrante
789 2778 915 2836 caritate
937 2777 1082 2854 incipitur
1102 2795 1168 2855 poe-

257 2858 395 2931 nitentia,
417 2857 447 2915 id
470 2864 525 2933 est,
547 2877 635 2918 amor
656 2859 791 2919 iustitiae
813 2858 967 2919 etodium
991 2861 1120 2938 peccati.
1143 2859 1168 2920 Si

256 2947 357 3000 autern
373 2941 482 3000 caritas
495 2959 556 3000 non
574 2942 710 3019 intraret,
731 2943 822 3002 timor
833 2961 894 3002 non
906 2948 1095 3020 operaretur,
1117 2943 1168 3001 nisi

258 3024 374 3083 maiora
396 3030 531 3101 peccata.
566 3023 668 3098 Quare
689 3025 749 3084 istc
770 3024 935 3085 similitudo
959 3032 1046 3084 setae
1070 3030 1102 3084 et
1122 3025 1169 3084 lini

256 3105 403 3185 probatur
432 3106 519 3177 mihi,
549 3105 641 3166 modo
664 3125 726 3166 non
749 3109 951 3188 intelligatur,
980 3107 1064 3186 quod
1087 3109 1169 3168 timor

256 3187 380 3249 inducat
401 3190 578 3265 caritatem,
601 3189 683 3268 quod
706 3192 862 3270 exipsius
885 3192 921 3251 D.
944 3191 979 3250 D.
1004 3191 1106 3251 verbis
1128 3210 1167 3250 cu·

255 3272 318 3350 pio,
341 3271 422 3350 quod
444 3272 502 3330 nisi
524 3280 615 3332 exeat
637 3278 721 3349 seta,
744 3292 806 3334 non
828 3273 964 3334 succedit
988 3273 1093 3353 linum,
1115 3274 1167 3333 hoc

258 3361 323 3431 est,
356 3357 413 3413 nisi
436 3356 546 3430 timor,
580 3356 630 3433 qui
664 3356 792 3434 impedit
818 3358 1039 3437 poenitentiam
1063 3377 1167 3432 veram,

256 3437 386 3516 pellatur
418 3457 472 3516 per
509 3439 670 3498 intrantem
702 3441 880 3514 caritatem,
918 3458 1074 3517 nunqnam
1104 3459 1166 3500 vere

256 3521 446 3599 poenitetur,
469 3526 502 3579 ut
523 3522 567 3580 sic
588 3520 729 3582 dixerim.
1057 3519 1067 3532 ⁸

340 3602 533 3663 Ambrosium
555 3603 712 3664 inductum
733 3606 764 3664 in
787 3604 927 3684 Epistola
953 3604 992 3664 ad
1024 3604 1165 3680 Studium,

266 3867 298 3932 1)
320 3869 354 3926 In
375 3868 520 3932 edidero
539 3875 573 3929 ct
595 3864 677 3946 apud
693 3863 842 3926 tossen·-
868 3853 990 3918 mi'itc,
1022 3900 1025 3909 .
