2709 4417
272 348 336 418 ’152
477 352 635 424 Disputatio
653 353 762 423 Lipsiae
779 354 875 408 habits
893 370 918 410 s.
937 352 1000 407 xlx
1210 364 1216 417 1

272 539 383 601 remitti
395 539 513 618 absque
524 546 690 619 augmento
706 539 835 620 gutiae,
847 558 911 600 non
924 539 1079 617 oonaedo',
1088 538 1178 603 donat
1211 542 1216 589 ἲ·

273 621 393 703 probet
436 623 501 682 Imo
524 628 572 682 est
592 628 700 683 eontra
720 640 900 702 expressum
921 628 1053 697 textum,
1071 621 1175 685 ssd-Ro
1209 622 1216 683 ἑ

274 724 331 767 ma.
354 708 383 784 7,
406 704 514 784 Gal-b,
536 704 586 765 ubi
608 705 768 785 apostolus
789 705 877 766 dioit:
902 705 1103 766 Venundatus
1123 725 1177 769 sna
1208 726 1216 769 t

274 787 331 850 snb
359 795 504 868 peceato,
531 788 598 866 quis
628 786 769 849 liberabit
795 807 846 848 ms
872 787 912 849 de
933 795 1034 850 morte
1055 790 1177 869 eorporis
1209 792 1213 833 -'

272 871 382 931 buius?
405 870 598 952 Respondet:
622 869 729 931 Gratia
751 870 808 930 Dei
829 889 885 950 per
905 870 1012 932 Jesum
1029 870 1177 943 Christum,

273 954 396 1015 Certum
419 961 467 1014 est
487 961 589 1015 antem
611 954 787 1034 apostolum
812 972 874 1015 non
894 954 992 1016 inisse
1011 955 1043 1014 in
1059 956 1177 1035 prietatis

276 1036 466 1098 mortalibus.
490 1034 602 1100 Cetera
622 1035 763 1115 relinquo
785 1036 904 1098 futurae
926 1036 1124 1118 disputationi
1141 1039 1177 1099 in

273 1127 319 1181 tar
341 1121 496 1200 egregium
509 1120 546 1179 D.
557 1119 724 1180 Doctorum
746 1117 942 1199 Andream1)
967 1126 999 1181 et
1016 1120 1176 1182 lobanneu

273 1203 409 1263 Ennium.
451 1202 573 1271 lithos
594 1220 756 1263 erroneum
779 1208 842 1282 est,
870 1202 954 1284 quod
977 1202 1100 1265 veniale
1116 1223 1175 1286 pao

275 1292 375 1347 uatum
385 1286 482 1345 Deum
505 1283 725 1362 nouoffendat,
748 1303 817 1346 oum
839 1285 1079 1366 displiceatDeo
1099 1304 1176 1348 omne

272 1368 476 1439 immundum,
500 1375 531 1428 et
550 1367 697 1448 reprobet
717 1386 803 1445 eum,
832 1370 884 1448 qni
907 1370 1034 1430 minima
1056 1369 1176 1448 solverit

271 1451 377 1515 blattb.
400 1455 429 1515 b.
463 1450 529 1512 Nee
550 1450 694 1531 probavit
713 1451 751 1513 D.
775 1452 813 1513 Ι).
835 1450 991 1528 militare,
1013 1451 1096 1533 quod
1115 1454 1175 1514 sab's

293 1535 436 1594 otiantur.

271 1554 293 1615 p
354 1615 497 1678 Secundo
524 1615 722 1696 (imminutor,
755 1616 838 1696 quod
865 1635 925 1678 nee
949 1636 1043 1677 unam
1071 1616 1172 1678 literam
1207 1660 1216 1673 ..

271 1718 327 1780 pro
350 1719 419 1760 mea
441 1699 593 1760 sententia
614 1697 806 1777 induxerim,
829 1718 897 1760 eum
920 1701 989 1779 ipse
1009 1718 1066 1780 pro
1086 1718 1173 1761 reeen-
1204 1764 1212 1779 ,Ι

272 1784 382 1844 tiorum
406 1782 559 1843 sententia
574 1788 619 1842 tot
641 1780 818 1861 Suriptnrae
839 1788 871 1843 et
891 1782 1013 1844 Patrum
1036 1781 1171 1844 induxerit
1201 1820 1216 1860 3

272 1866 462 1927 autoritates.
504 1862 707 1944 Respondeat
740 1864 788 1924 Eo
821 1866 919 1946 magis
953 1865 1028 1925 mibi
1049 1871 1171 1945 snspsota
1202 1882 1208 1899 ··

273 1949 337 2008 eius
359 1949 521 2022 sententia,
544 1965 605 2026 quo
627 1946 730 2026 plures
751 1947 881 2024 induxit,
903 1949 1044 2028 quiaper
1064 1948 1170 2028 oapillos

269 2038 301 2091 et
322 2031 445 2094 obtorto
470 2030 552 2092 eollo
576 2027 725 2107 adduxit,
761 2030 840 2090 sient
870 2031 902 2090 in
932 2029 1168 2110 praecedentibus
1198 2028 1216 2107 ‘2

270 2115 344 2174 sutis
366 2112 441 2174 dixi.
464 2113 563 2173 Minus
587 2118 706 2192 paueat,
729 2113 781 2191 qui
804 2111 922 2175 dubitat
942 2115 974 2173 in
995 2112 1168 2194 cogitationi

270 2195 326 2258 bus
348 2198 421 2273 suia,
444 2215 534 2277 quam
555 2196 609 2274 pai
633 2192 726 2255 dubia
747 2214 804 2255 sua
824 2196 925 2256 verbis
948 2195 1061 2259 divinis
1082 2196 1167 2256 nititur
1200 2230 1216 2257 -ε

272 2284 417 2340 statuere.
1211 2294 1216 2341 ἶ

353 2363 436 2422 Dioit
457 2361 566 2437 etiam,
589 2379 651 2420 non
676 2366 819 2420 eonstare
841 2360 910 2439 sibi,
934 2362 986 2439 qui
1007 2380 1064 2440 pro
1083 2361 1169 2421 artion-

271 2444 310 2505 lis
333 2444 404 2505 fidei
427 2444 589 2523 opiniones
606 2442 746 2502 Thomas
774 2443 823 2503 vel
857 2443 987 2503 aliorum
1020 2443 1169 2521 statuerint

273 2528 343 2607 quia
365 2527 515 2587 eeclesiae
536 2527 650 2585 lumina
673 2543 743 2586 eum
754 2524 911 2606 Scriptura
932 2525 1103 2587 adduxerit
1121 2525 1170 2585 llo-

273 2616 326 2670 net
347 2628 443 2691 ergo,
474 2615 506 2669 ut
526 2608 669 2685 videam,
701 2626 779 2686 qnos
800 2607 954 2688 appellem
974 2609 1171 2690 theologiatas.

271 2691 343 2753 Dixi
364 2692 466 2769 hodie,
490 2698 521 2752 et
543 2693 651 2751 iterum
667 2689 753 2751 dieo:
776 2689 922 2753 Permitto
935 2693 1099 2772 opiniones
1118 2709 1173 2752 essa

153 2827 157 2835 .
273 2777 434 2856 opiniones
463 2770 639 2853 neminique
669 2772 731 2834 hoe
753 2774 828 2835 vitio
851 2781 958 2853 verto,
987 2771 1043 2835 sed
1071 2773 1173 2835 trahere

270 2864 493 2938 repugnantem
517 2856 702 2936 §cripturam
731 2857 763 2916 in
795 2856 932 2917 alienum
955 2876 1102 2937 sensum,
1128 2874 1173 2937 pro

271 2940 487 3002 confirmandis
520 2937 739 3021 opinionibus,
777 2946 807 2999 et
829 2940 861 2998 in
891 2939 952 3002 hoo
987 2939 1175 3022 pertinaciter

272 3031 364 3100 stare,
386 3025 447 3085 hoa
469 3023 538 3084 dieo
562 3021 818 3102 theologiatarum
842 3041 911 3082 esse
933 3020 1080 3083 officium.
1201 3074 1203 3079 .

354 3106 403 3167 Ad
427 3105 528 3184 aliud,
550 3104 589 3165 de
611 3123 732 3165 esnone
754 3105 911 3184 librorum,
934 3103 985 3165 ubi
1008 3106 1099 3165 nixus
1120 3104 1177 3165 Hie

249 3188 392 3270 'ronymi
425 3196 457 3250 et
483 3188 606 3250 aoncilii
627 3187 761 3250 Floreat.
794 3188 959 3249 autoritate
981 3188 1099 3249 mavult
1125 3205 1179 3249 ere·

270 3271 344 3335 dere
365 3272 519 3350 oonaili0,
541 3271 624 3351 quud
646 3289 665 3330 a
687 3268 798 3349 Spiritu
821 3277 928 3331 saneto
950 3271 1077 3352 regitur,
1099 3290 1179 3352 qnam

164 3377 168 3382 ·
270 3355 353 3434 mihi,
376 3363 407 3415 et
428 3355 542 3436 gratias
564 3373 634 3435 ago.
668 3352 721 3413 Pie
743 3354 825 3413 enim
846 3355 936 3433 sapit,
958 3372 1116 3433 nunquam
1135 3373 1182 3415 vo·

271 3437 312 3498 lui
335 3439 409 3498 mihi
439 3437 531 3498 aredi.
575 3436 636 3498 Sed
658 3435 834 3515 respondeo
859 3437 1006 3499 breviter:
1036 3436 1184 3499 Conciliat

270 3521 337 3600 ipse
359 3522 489 3602 primum
512 3520 733 3600 Hieronymum
756 3519 835 3598 sibi,
857 3521 908 3599 qui
929 3520 960 3579 in
981 3519 1116 3602 prologo
1137 3538 1184 3601 ga

269 3603 353 3663 leato
375 3603 629 3663 Maubabaeurum
653 3602 749 3662 libros
783 3609 814 3662 et
834 3602 1002 3664 nonnullos
1023 3603 1105 3665 alios
1126 3622 1184 3663 ma-

269 3742 619 3751 .--.-.-.----..-...--„
629 3743 634 3750 ,
667 3743 687 3749 ,,

294 3798 326 3863 1)
347 3800 532 3857 Praenomen
551 3797 814 3858 Oarolostsdii
835 3799 1058 3848 resumtum
1073 3795 1143 3854 edit„
1157 3797 1208 3846 um·

240 3872 351 3943 ginali,
372 3876 403 3930 in
427 3875 472 3933 ed.
496 3876 563 3934 Jeu.
583 3875 716 3945 legitur}
734 3872 778 3926 bl.
