2709 4417
230 342 343 414 8940
533 345 554 400 1.
575 344 681 401 consu
698 310 734 401 οξ
756 345 792 400 u.
812 345 893 402 nun.
1006 318 1008 323 ’

527 545 588 640 VI
617 545 847 642 Goucioncs

473 731 509 792 Ι).
536 733 697 794 Martini
724 733 912 795 Lutbsri.

686 913 709 976 1.

419 1063 474 1125 Da
495 1063 747 1126 decremento
774 1066 976 1146 baptismi.

317 1215 434 1289 Primo,
456 1234 581 1295 nomen,
606 1216 794 1298 baptismus,
815 1236 963 1298 graecum
987 1223 1044 1295 est,
1066 1218 1143 1278 latim

233 1303 337 1376 potest
358 1299 451 1375 verti,
485 1300 619 1374 mersio,
658 1318 725 1361 cnm
754 1301 967 1380 immergimus
993 1300 1102 1379 aliquid
1120 1302 1144 1360 in

233 1398 354 1458 aquam,
377 1387 410 1441 ut
431 1387 528 1442 totum
552 1389 673 1462 tegatur
690 1403 778 1462 aqua.
821 1449 823 1453 Α

316 1463 356 1523 us
376 1466 515 1543 quamvis
535 1464 588 1525 ills
612 1484 679 1526 mos
700 1467 761 1526 iarn
783 1466 976 1527 absoleverit
994 1465 1076 1546 apud
1095 1465 1145 1545 pls-

233 1544 346 1625 rosque
370 1553 489 1626 (neque
510 1549 592 1609 enim
616 1555 699 1609 totos
721 1549 905 1630 demergunt
933 1566 1069 1628 pueros,
1103 1548 1147 1608 scd

232 1633 349 1688 tantum
371 1631 503 1709 paucula
523 1650 603 1710 aqua
634 1631 850 1711 perfundunt),
872 1631 1031 1692 debebant
1059 1638 1147 1690 tamen

232 1731 356 1790 prorsus
378 1713 535 1794 immergi,
558 1721 588 1774 et
610 1716 714 1775 statim
735 1715 858 1774 retrahi.
880 1715 914 1774 ld
939 1716 1022 1774 enim
1045 1719 1149 1793 etymo·

233 1793 317 1874 logia
364 1797 499 1856 nominis
549 1797 708 1876 postulare
755 1796 892 1874 videtur,
945 1804 977 1857 et
1019 1796 1150 1857 Germani

233 1895 356 1957 quoque
394 1878 580 1958 baptismum
609 1881 698 1956 Quod
725 1887 855 1956 vocant,
890 1899 911 1940 a
942 1879 1149 1960 profonditate,

233 1978 324 2039 quam
347 1961 421 2037 &isit
449 1962 493 2021 ilii
522 1981 579 2022 sua
600 1963 707 2044 lingna
727 1970 860 2039 vocant,
894 1962 980 2042 quod
1010 1961 1149 2042 profunde

233 2041 379 2124 demergi·
393 2045 558 2105 conveniat
580 2064 643 2123 eos,
663 2046 713 2126 qui
736 2046 940 2126 baptizantur.

315 2125 355 2186 Et
377 2147 467 2203 sane,
489 2128 514 2187 si
537 2134 675 2207 spectes,
708 2128 779 2208 quid
803 2129 975 2209 baptismus
999 2127 1147 2208 significet,

232 2207 314 2269 idem
335 2211 447 2288 requiri
470 2210 597 2271 videbis.
619 2211 688 2271 Hoc
710 2213 790 2272 enim
815 2209 986 2293 significat,
1018 2217 1053 2270 ut
1074 2217 1147 2270 vetus

232 2290 326 2352 homo
349 2300 381 2352 et
400 2294 545 2353 nativitas
574 2301 680 2354 nostra
701 2294 793 2373 piena
814 2295 978 2374 peccatis,
1019 2312 1096 2371 quae
1115 2312 1146 2352 ex

232 2392 325 2434 carue
346 2381 377 2434 et
398 2378 691 2456 sanguincconstst,
710 2384 775 2438 tcta
796 2397 853 2457 per
870 2376 1008 2436 divinam
1032 2377 1144 2455 gratim

233 2456 446 2538 demergatur,
480 2458 510 2519 id
546 2466 628 2538 quod
657 2467 730 2539 post
757 2461 915 2538 copiosius
946 2458 1144 2518 indicabimus.

232 2539 373 2601 Debebat
393 2542 487 2622 igitur
510 2541 618 2602 modus
632 2542 808 2623 baptizandi
830 2540 1026 2621 respondere
1048 2539 1165 2620 signifi-s

233 2625 347 2684 cationi
371 2624 533 2704 baptismi,
563 2631 596 2684 ut
617 2634 732 2685 certum
756 2645 793 2686 ac
814 2626 940 2706 plenum
964 2624 1032 2683 eius
1055 2622 1144 2683 ederet

234 2726 258 2765 sr
282 2725 365 2768 num.

260 2726 281 2786 g
316 2787 480 2864 Secundo,
510 2796 557 2850 est
578 2790 892 2870 quoquebaptismus
915 2794 1078 2849 externum
1098 2789 1144 2867 sig-

233 2891 305 2932 num
328 2892 382 2932 ssu
406 2879 489 2949 nota,
513 2891 592 2950 quae
614 2891 671 2933 nos
694 2872 840 2932 discernit
860 2872 899 2932 ab
924 2871 1070 2932 omnibus
1090 2871 1143 2930 aliis

232 2954 415 3033 hominibus,
439 2957 489 3033 qui
512 2975 574 3016 non
597 2964 667 3015 sunt
690 2955 844 3034 baptizati,
866 2961 900 3014 ut
922 2972 1144 3035 cognoscamur,

234 3037 315 3116 quod
339 3039 432 3097 simus
456 3038 588 3117 populus
609 3039 706 3098 nostri
730 3037 815 3097 ducis
835 3037 910 3096 Jesu
934 3036 1068 3116 Christi,
1099 3035 1143 3094 sub

233 3122 318 3180 cuius
340 3121 434 3200 signis
468 3119 525 3202 (ea
546 3140 620 3180 cmx
644 3125 709 3194 est)
740 3119 863 3180 assidue
893 3125 1004 3180 contra
1033 3127 1145 3199 peccata

234 3222 418 3282 pugnamus.

314 3284 387 3345 Tria
408 3285 498 3365 igitur
518 3286 549 3345 in
565 3286 626 3346 hoc
648 3292 842 3346 sacramento
866 3283 957 3345 nobis
979 3291 1054 3344 sunt
1073 3302 1145 3364 spec-

232 3366 335 3443 tanda,
358 3369 488 3447 signum,
511 3367 695 3449 significatio
718 3369 799 3448 signi
820 3372 851 3427 et
865 3366 954 3427 fides.
977 3366 1103 3448 Signum
1121 3367 1145 3424 in

233 3467 271 3510 eo
294 3451 454 3528 consistit,
484 3451 566 3529 quod
593 3452 689 3512 homo
718 3452 748 3510 in
776 3468 886 3528 aquam
919 3449 1105 3530 demergitur
1121 3450 1146 3508 in

232 3533 356 3592 nomine
379 3533 476 3593 Patris
511 3540 542 3594 et
563 3533 633 3595 Filii
656 3540 688 3594 et
710 3533 838 3614 Spiritus
862 3534 970 3596 sancti.
1015 3533 1084 3594 Non
1105 3551 1148 3591 au·

233 3619 293 3674 tem
316 3615 347 3674 in
370 3635 450 3694 aqua
472 3618 635 3693 retinetur,
666 3615 720 3677 sed
743 3617 843 3675 statim
867 3616 1040 3676 retrahitur.
1082 3615 1148 3675 Hinc

230 3698 329 3759 nostri
352 3697 502 3760 Germani
522 3699 733 3760 (iateobistam
754 3698 861 3756 dieunt
879 3698 920 3756 de
940 3699 1030 3757 innte
1049 3699 1147 3776 baptis-

223 3784 269 3848 mi
293 3783 424 3847 levosse
449 3803 602 3866 puerum,
635 3787 761 3839 utemur
785 3778 869 3833 emm
887 3777 1170 3862 sanguinium&

215 3871 478 3936 consuetudine.
526 3866 581 3930 Sic
609 3861 710 3927 ambo
733 3856 798 3919 'aba
820 3855 860 3912 in
879 3853 976 3926 &gno
993 3853 1185 3921 mmm
