2709 4417
260 323 314 409 Ἦ)
473 341 625 411 disputatio
637 341 750 411 'ldpsinc
768 331 861 395 hadita
879 357 904 396 ι.
924 340 985 396 xlx

213 651 219 676 .
313 606 369 668 Ilia
401 559 910 748 septimsinlii,cn1tipmltllxlx.
952 604 1046 665 lane
1071 602 1152 665 hora

656 702 709 765 sep
787 732 793 746 .

654 863 807 929 Eccius.

356 1031 436 1108 Quia
471 1031 656 1093 reverendus
685 1032 776 1092 Pster
802 1030 867 1091 heri
889 1030 1004 1093 horam
1030 1030 1191 1093 habuisset

267 1114 538 1196 tespondendimd
560 1119 682 1194 nostia,
703 1120 737 1174 ut
759 1116 803 1175 sic
823 1114 1017 1175 illustrissimi
1039 1111 1188 1196 Ptineipis

269 1200 354 1259 insse
374 1199 537 1259 fuissemus
560 1199 706 1275 exsecuti,
728 1197 780 1258 nbr
791 1195 1008 1277 respondendo
1022 1197 1188 1279 plurimum

268 1282 462 1363 ‘perverbum
483 1273 620 1370 tremeat
621 1281 819 1361 ,appellavit
839 1279 879 1341 ad
900 1280 1062 1359 calumum,
1079 1285 1188 1341 tlitnen

269 1364 494 1427 deliberatione
507 1347 619 1425 ¹habita
639 1365 820 1444 proposuit,
850 1382 885 1423 se
915 1365 976 1424 iam
999 1361 1124 1444 p'le'dius
1146 1370 1188 1425 ιι·

265 1451 466 1560 sponsorum
520 1446 576 1522 Cui
600 1455 668 1527 ego
696 1465 758 1507 non
793 1446 922 1506 dissensi
957 1466 1013 1527 pro
1051 1447 1188 1508 serram

265 1535 431 1593 amoreet
418 1517 683 1590 telucidatlone?
726 1528 886 1608 Admiror,
920 1528 1099 1609 quomodo
1103 1536 1188 1591 rere

268 1613 385 1675 sendus
407 1613 498 1673 Pater
517 1630 631 1693 magno
652 1612 748 1673 boatu
781 1612 999 1674 sudetmornm
1022 1618 1087 1673 tot
1085 1611 1188 1674 doctis

266 1695 343 1757 'mile
360 1696 517 1773 intonare,
540 1697 610 1775 quia
633 1695 762 1755 dixerim
777 1715 826 1755 me
841 1694 1039 1776 probaturum
1064 1696 1136 1756 de
1125 1714 1187 1756 rure
1224 1728 1227 1736 ·

267 1779 376 1839 divido
406 1778 614 1839 monarchiam
642 1785 673 1839 et
693 1780 854 1860 primatum
875 1780 906 1837 in
934 1778 1086 1857 ecclesia,
1121 1789 1185 1839 cum

266 1865 373 1923 tamen
396 1862 495 1922 solum
517 1861 712 1942 allegaverim
734 1860 867 1922 dictas.
889 1859 1029 1938 Petrum,
1066 1860 1187 1923 decreta

271 1944 468 2022 Pontificum,
499 1951 567 2004 c'um
588 1950 692 2005 tamen
715 1943 893 2004 adduxerim
921 1945 1018 2004 eiius
1042 1942 1185 2021 divinum,

270 2011 416 2088 dlatthnei
431 1990 479 2090 to’
503 2025 541 2087 de
554 2028 768 2108 promissione
786 2025 1010 2087 aedificationis
1016 2035 1128 2169 tsupra
1136 2028 1187 2088 Pe·

266 2116 357 2189 ιιιιι,
380 2109 462 2190 quod
485 2107 661 2171 Christus*
666 2116 680 2185 )
712 2109 887 2206 specialiter
907 2110 1029 2190 rogavit
1048 2127 1107 2189 pro
1130 2109 1185 2170 ude

266 2193 370 2271 ¹Petri,
397 2192 486 2272 quod
510 2193 685 2273 specialiter
707 2194 734 2251 ei
756 2192 911 2290 promisit,
939 2197 973 2252 ut
994 2192 1185 2254 confirmaret

268 2276 412 2354 Fratres,
437 2275 519 2355 quod
540 2261 714 2355 specialiter
736 2276 764 2335 ei
787 2276 968 2336 commisit
960 2295 991 2333 m
1013 2278 1184 2355 praesentia

272 2358 497 2420 ddhannist
466 2364 497 2418 et
529 2357 660 2435 Jacobi,
705 2364 738 2417 ut
774 2364 915 2437 pasceret
957 2376 1053 2435 oves,
1099 2359 1185 2421 tribus

258 2443 327 2503 ‘vidi
350 2461 396 2502 us.
437 2441 477 2500 ut
495 2441 585 2501 hoc'
576 2461 622 2501 ms
644 2405 778 2500 divinum
801 2441 844 2500 ita
856 2449 925 2514 esse
945 2439 1183 2526 intelligendum,

267 2513 349 2585 Ιιιιιιι
357 2522 477 2585 adduxi
500 2522 530 2585 S
544 2524 658 2597 Patres,
680 2531 816 2584 summos
834 2508 999 2583 Pontifices
1021 2531 1054 2584 et
1070 2533 1183 2605 marty

270 2625 330 2696 res,
354 2611 537 2678 consensum
561 2570 760 2667 conciliorum
790 2613 821 2667 et
839 2606 976 2665 omnium
998 2605 1183 2670 Universitu·

267 2683 346 2759 tum
380 2687 511 2785 Quare
503 2707 542 2748 ex
563 2691 627 2749 iure
649 2688 753 2750 divino
776 2688 938 2769 probatum
960 2694 1016 2766 est,
1039 2707 1113 2751 esse
1131 2692 1183 2772 pri·
1224 2699 1229 2756 ἶ

268 2773 415 2842 matum
406 2791 438 2831 m
462 2772 593 2845 ecclesia
616 2772 682 2850 Dei,
705 2772 763 2833 nisi
785 2770 867 2850 quod
889 2770 1076 2833 reverendus
1095 2774 1184 2835 Pater
1227 2767 1229 2778 ⁴

268 2855 505 2935 intelligentiam
527 2871 613 2914 snam
632 2856 797 2934 praeponit
822 2852 988 2914 intellectui
1012 2855 1113 2918 tots.
1135 2858 1184 2917 Pa·

268 2944 360 3014 ’,ιιιιιιι
384 2955 569 2998 summorum
591 2936 772 3012 Pontificum
795 2943 844 2997 et
842 2938 923 2998 sacri
946 2937 1086 3017 concilii,
1121 2956 1183 3000 cun

272 3019 426 3081 laudabile
450 3020 607 3080 Constant
588 3026 687 3081 t1ense
715 3019 877 3080 concilium
900 3019 993 3080 telem
1027 2986 1182 3083 articulum

268 3104 350 3164 inter
361 3102 540 3183 pestilentes
561 3102 710 3163 Johannis
724 3103 803 3163 Huss
820 3101 1019 3166 damnaverit
1042 3100 1091 3164 Ad
1105 3102 1182 3186 quod
1228 3103 1229 3110 '

270 3185 455 3247 reverendus
476 3185 566 3246 Peter
588 3186 674 3264 silet,
697 3187 722 3245 si
742 3185 808 3245 vult
828 3184 937 3245 afferre
958 3187 1103 3267 meliora,
1131 3205 1182 3270 pro

270 3270 408 3329 veritatis
430 3267 651 3346 elucidatione,
689 3268 770 3365 quod
802 3268 867 3328 heri
894 3269 1048 3348 potuisset
1068 3269 1182 3346 fecisse,

271 3353 357 3412 iuxta
377 3350 569 3412 illustrissimi
582 3350 761 3431 Principis'
752 3369 877 3430 russum,
901 3369 966 3410 sum
988 3359 1115 3433 paratus
1138 3373 1182 3414 au·

272 3434 352 3512 dire,
375 3452 412 3496 eo
436 3440 551 3513 pacto,
580 3434 663 3512 quod
684 3433 756 3494 dum
776 3433 912 3514 fungitur
934 3432 1037 3495 officio
1060 3456 1182 3518 respon·

268 3481 388 3594 dentis,
415 3519 476 3577 iam
501 3518 534 3577 in
555 3515 616 3577 fine
638 3525 724 3577 actus
753 3536 816 3576 non
837 3517 999 3578 transferat
1019 3537 1054 3579 se
1077 3519 1181 3581 callide

268 3599 309 3661 tad
329 3617 494 3700 personam
523 3601 723 3681 opponentis,
753 3599 808 3660 sed
840 3611 1040 3680 quaecunque
1062 3603 1180 3683 opposi

278 3765 441 3775 m
446 3765 707 3782 ι--Μ--Ι--ο--ι

294 3852 449 3931 mattis.
473 3862 517 3932 16
557 3862 646 3920 Lucae
664 3862 712 3921 22.
748 3861 851 3917 lobon
867 3861 915 3915 ‘tl
