2709 4417
280 382 343 458 242
523 388 615 462 Reaol.
633 394 661 448 L.
682 411 767 463 super
787 394 974 464 Proposition.

280 587 363 656 rent,
394 598 433 638 ne
456 566 703 657 praesumerent,
725 597 775 638 me
797 578 981 656 taciturum,
1003 577 1109 653 itaque
1128 573 1187 664 nolo

280 670 391 724 tacere.

363 734 427 806 Sed
447 740 529 823 linge
555 744 667 802 meite
690 732 860 822 pepigisse,
889 760 986 822 rog0‚
1014 748 1084 800 uter
1102 735 1186 818 primo

280 826 530 906 solvitpaotum?
551 822 662 886 Nonne
676 824 797 900 Eooius,
820 825 880 904 qui,
903 832 936 884 ut
958 821 1064 895 audio,
1086 821 1185 903 ampul-

280 909 355 969 losis
378 917 409 969 et
430 910 627 987 iniquissimis
653 908 751 968 literis
764 909 856 968 etiam
867 906 1106 967 illustrissimum
1120 903 1186 963 Prin·

279 992 377 1071 oipem
408 999 439 1050 et
467 997 628 1070 patronum
657 997 795 1050 nostrum
829 999 937 1070 (quem
966 1009 1041 1049 suae
1075 987 1183 1047 factioni

279 1073 506 1153 stupidissimae
529 1073 657 1132 similem
682 1073 831 1150 somniat)
858 1091 1056 1152 eorrumpere
1078 1070 1182 1152 molitus

166 1204 169 1211 .
278 1164 342 1231 est,
373 1158 508 1237 pessima
529 1155 568 1215 de
591 1176 659 1233 me,
696 1162 841 1234 quantum
864 1156 981 1235 potuit,
1019 1171 1180 1215 recensens:

278 1241 363 1318 quasi
387 1258 549 1319 negassem
572 1237 602 1298 S.
619 1237 741 1298 Petrum
763 1238 853 1298 simul
868 1238 1005 1298 omnium
1021 1237 1180 1314 sententiat,

278 1321 350 1380 mihi
373 1321 431 1381 soli
454 1322 623 1400 arrogarim
647 1319 823 1399 Soripturae
845 1320 1098 1402 intelligentiam,
1124 1337 1180 1379 oon·

278 1404 348 1465 eilia
369 1404 515 1484 negarim,
538 1403 710 1463 haeretieos
724 1401 923 1464 defenderim.
945 1403 1000 1462 His
1018 1404 1099 1462 enim
1115 1414 1179 1460 meu·
1211 1420 1214 1426 ·

278 1486 373 1546 daoiis
395 1486 491 1545 homo
515 1484 566 1544 ille
588 1505 680 1565 purus
704 1492 735 1544 et
757 1484 787 1545 S.
805 1485 970 1566 theologus
994 1492 1057 1545 tam
1080 1502 1177 1544 saorun

278 1577 308 1629 et
329 1567 505 1629 venerabile
528 1573 619 1647 eaput
640 1587 734 1627 ausus
757 1575 804 1628 est
825 1574 955 1642 tentare,
978 1575 1074 1627 etms
1095 1586 1177 1627 eoran

278 1651 394 1731 optimo
407 1651 549 1729 Principe
572 1657 633 1710 tam
657 1651 782 1730 egregie
804 1650 1036 1712 commendare.
1060 1646 1176 1724 Quidad

276 1734 369 1810 alios,
398 1738 506 1811 putas,
529 1731 633 1792 soribit
655 1740 686 1792 et
704 1732 838 1811 loquitur
869 1730 954 1813 (sine
976 1732 1095 1792 seilicet
1113 1732 1176 1812 paoli

276 1815 473 1891 violatione),
496 1814 546 1892 qui
574 1814 613 1873 ad
636 1821 772 1874 nostrum
801 1822 964 1895 patronum
993 1815 1054 1875 ista
1075 1813 1177 1874 stultit?

275 1895 339 1957 Aut
360 1896 432 1975 quid
455 1895 536 1975 apud
559 1893 699 1957 aemulos
724 1917 810 1957 meos
832 1917 936 1957 verum
960 1897 1053 1975 dicit,
1086 1895 1175 1976 quial

276 1979 379 2059 talem,
402 1987 463 2040 tam
486 1977 678 2058 prudentem,
701 1987 762 2039 tam
774 1979 976 2040 formidabilis
998 1979 1101 2039 iudicii
1112 1978 1174 2039 Prin·

275 2063 374 2141 eipem
398 2063 518 2122 mentiri
540 2061 615 2121 nihil
637 2061 752 2141 pudet?

358 2144 461 2204 Audio
487 2143 620 2222 denique
643 2143 796 2205 conflasse
830 2164 899 2204 eum
932 2143 1080 2223 quasdam
1104 2144 1174 2203 inter-

275 2229 464 2306 pretationes
486 2246 578 2306 super
600 2227 736 2287 articulis
758 2225 955 2305 quibusdam,
979 2224 1053 2286 milri
1075 2245 1125 2306 per
1143 2227 1174 2285 iu·

275 2313 394 2388 quietos
423 2316 454 2368 et
483 2309 553 2368 mali
584 2311 629 2368 sui
661 2308 789 2388 cupidos
810 2309 1002 2369 Frateraulos
1031 2309 1172 2388 impositis,

274 2399 365 2471 atque
393 2393 500 2450 iterum
533 2410 582 2450 me
613 2411 716 2451 eoram
747 2391 940 2471 magnatibus
972 2393 1048 2451 mira
1069 2392 1173 2451 caritate

164 2530 173 2540 ,
275 2462 507 2550 llaniehaeum,
545 2472 721 2550 Hussitam,
743 2473 994 2551 Vuieklelistam,
1029 2482 1058 2534 et
1089 2473 1173 2532 neseio

274 2564 349 2636 quot
375 2554 539 2635 generibus
567 2555 754 2616 haereticum
791 2557 999 2636 descripsisse.
1044 2556 1099 2618 Sia
1113 2555 1173 2615 solet

273 2640 408 2699 Eaaiana
443 2637 595 2698 modestia
627 2658 751 2698 servare
787 2646 920 2718 paetum.
975 2639 1087 2698 Verum
1112 2637 1173 2697 hano

275 2743 361 2782 suam
383 2722 531 2780 insaniam
556 2720 629 2779 mihi
652 2721 742 2780 facile
755 2729 812 2781 'est
835 2728 1047 2799 contemnere,
1068 2721 1116 2800 'qui
1135 2737 1172 2779 no·

274 2806 330 2865 rim
352 2803 484 2863 hominis
506 2803 602 2862 ferme
625 2809 721 2863 totam
745 2804 978 2884 supellectilem.
1019 2803 1117 2883 Atque
1136 2802 1172 2861 ubi

273 2887 327 2946 illa
350 2906 404 2946 sua
426 2886 582 2965 genimina
611 2887 641 2944 iu
672 2905 780 2946 rnanus
803 2907 887 2947 meas
916 2887 1074 2964 venerint,
1096 2902 1172 2965 ‘spero

215 3033 218 3039 ,
273 2969 356 3048 quod
386 2964 510 3027 Eaeium
551 2987 650 3027 meum
682 2968 775 3048 digne
804 2975 836 3028 et
868 2967 1031 3049 magnifiee
1065 2975 1173 3028 moure

273 3053 405 3132 possim,
435 3052 460 3109 si
483 3069 543 3128 qua
567 3049 689 3120 tandem
713 3053 764 3110 via
785 3052 957 3132 intelligere
979 3051 1094 3131 possit,
1119 3047 1172 3130 quid

272 3137 311 3195 sit
332 3134 427 3192 multa
444 3134 574 3212 paoisei,
597 3141 628 3193 et
649 3133 725 3192 nihil
738 3153 870 3212 servare,
893 3141 1042 3194 ettamen
1064 3134 1102 3194 ab
1122 3132 1172 3192 aliis

272 3212 423 3278 servanda
446 3215 658 3295 expostulare,
691 3224 784 3296 atque⁴
809 3217 858 3276 his
878 3216 1019 3278 omnibus
1049 3215 1126 3276 aliud
1144 3215 1173 3274 ni·

271 3299 314 3360 hil
342 3313 505 3378 quaerere,
540 3318 629 3377 quam
659 3306 692 3359 ut
720 3306 832 3360 noceat
864 3306 895 3359 et
927 3301 1089 3360 veritatem
1117 3317 1171 3358 eon·

272 3380 381 3443 oulcet.

330 3465 453 3524 Interim
478 3463 548 3523 mihi
571 3461 683 3523 suffieit
705 3463 787 3543 quod
804 3465 940 3525 carnifex
961 3464 1017 3525 illa
1035 3463 1174 3523 eonscien-

271 3547 381 3606 tiarum
405 3546 636 3626 theologistria,
670 3549 719 3606 oui
752 3553 848 3608 totum
872 3546 989 3626 debeo,
1021 3546 1101 3626 quod
1122 3563 1175 3604 mea

272 3630 462 3690 conscientia
477 3631 600 3710 patitur,
622 3629 734 3689 cecidit
754 3630 855 3690 inhao
876 3629 1093 3709 disputatione.
1114 3628 1174 3688 Nan

259 3713 349 3796 prius
373 3714 557 3795 didiceram,
579 3713 725 3773 meritum
745 3711 831 3770 aliud
851 3730 923 3768 esse
942 3715 1093 3787 oongrxix,
1112 3707 1182 3767 aliud

253 3793 355 3864 condi·
379 3802 430 3882 ni,
460 3798 579 3863 faeere'
592 3797 764 3858 liom'mem
781 3809 902 3871 posse,
925 3788 1013 3864 quau
1038 3790 1080 3842 'un
1102 3789 1210 3875 sexes,

243 3886 289 3948 ad
321 3822 549 3952 offllneudam
592 3881 754 3965 gratiam,
786 3888 890 3951 posse
912 3881 1086 3924 remouere
1111 3860 1215 3916 domam
