2709 4417
228 347 271 414 34
302 409 314 425 x
441 349 598 419 Disputatio
615 349 728 419 ilipulae
742 347 836 404 habita
853 348 963 405 a'XIX
1007 386 1011 401 ,

230 557 310 597 mam
334 537 430 616 hanc,
466 538 537 615 quia
564 538 606 596 in
616 542 699 597 terra
725 542 788 613 est,
822 537 984 617 exemplar
1004 537 1116 598 habet
1108 561 1131 602 m

230 620 329 680 coelo.
371 620 478 698 Neque
500 621 580 678 enim
601 619 695 678 Filius
715 604 821 699 potest
808 620 951 680 tfacere
973 620 1131 702 quidquam

230 703 288 762 nisi
310 721 389 780 quae
411 701 521 761 viderit
539 703 660 762 Patrem
682 702 856 779 facientem,
877 704 1056 782 praesertim
1077 723 1130 766 cum

230 787 259 844 ei
281 783 337 844 surb
359 785 438 844 Mosi
459 786 584 845 nomine
606 785 783 844 diotumt
743 786 796 844 sit:
827 785 907 845 Vide
929 787 1034 847 omnia
1053 786 1130 849 facias

224 867 397 945 secundum
426 868 600 946 exemplar,
631 867 715 964 quod
736 867 821 928 tihi
813 888 844 926 m
873 876 981 928 monte
1001 877 1130 930 monstra

229 955 292 1009 tum
315 957 370 1009 ιιι.
413 950 541 1010 Viderat
571 950 631 1010 hoc
658 951 710 1028 qui
732 950 868 1010 dicebat:
898 951 971 1010 Vidi
993 952 1128 1013 civitatem

229 1040 367 1092 sanctam
389 1038 446 1092 etc.
494 1032 563 1113 Ego
585 1034 666 1092 enim
687 1040 814 1112 propter
835 1033 1064 1096 similitudinem
1082 1035 1128 1096 dic

229 1122 291 1174 tum
315 1134 399 1211 reor,
436 1115 518 1193 quod
548 1116 627 1174 sicut
653 1115 717 1174 illic
738 1115 898 1194 Seraphim
921 1122 953 1176 et
975 1116 1130 1196 Cherubim,

230 1205 261 1257 et
292 1199 385 1257 ceteri
418 1200 470 1276 qui
493 1217 588 1277 usque
609 1197 649 1257 ad
670 1198 800 1278 angelos
822 1206 854 1257 ιι
874 1199 1076 1280 archangelos
1093 1221 1130 1261 or-

228 1279 386 1359 dinantur,
408 1281 464 1340 sub
486 1299 547 1340 uno
571 1282 671 1376 capite
693 1281 777 1359 Deo,
808 1282 852 1340 ita
872 1281 923 1341 hic
946 1301 1067 1361 quoque
1084 1285 1130 1344 snb

228 1381 290 1422 uno
313 1382 432 1423 summo
454 1361 602 1423 Pontifioe
623 1365 769 1442 primates
789 1363 841 1423 vel
861 1364 1067 1443 patriarchae,
1093 1387 1128 1426 ar

227 1445 426 1527 chiapiscopi,
448 1447 596 1526 episcopi,
619 1446 790 1526 presbyteri
810 1447 861 1506 uel
883 1447 1027 1525 abbates,
1049 1454 1077 1507 et
1093 1469 1127 1521 re

227 1528 302 1606 liqui
332 1530 363 1586 in
400 1529 482 1587 hunc
515 1527 648 1589 modum.
698 1529 786 1588 Tunc
821 1528 924 1589 subdit
957 1530 1125 1592 Bernardus:

227 1610 296 1670 Non
320 1617 368 1670 est
387 1612 474 1690 parvi
488 1609 685 1690 pendendum
698 1611 781 1690 quod
803 1619 835 1671 et
848 1612 947 1672 Deum
964 1613 1072 1673 habeat
1088 1634 1125 1674 au-

228 1701 344 1767 torem,
368 1699 399 1753 et
386 1694 459 1753 tde
480 1693 570 1754 coelo
593 1693 677 1752 ducit
699 1695 859 1774 originem.
903 1695 979 1769 Quis
1000 1697 1059 1755 iam
1078 1715 1125 1767 nor

138 1816 141 1820 -
227 1776 380 1856 intelligat
410 1777 490 1835 hanc
517 1776 758 1836 ecclesiasticam
785 1776 1005 1855 hierarchiam,
1039 1798 1124 1839 secun

228 1857 299 1917 dum
318 1857 516 1935 Bernardum,
537 1858 689 1919 achiisto
656 1861 889 1937 tinstitutam,
912 1867 945 1920 et
965 1862 1048 1920 velut
1060 1862 1124 1921 [leus

228 1948 321 2038 caput
341 1950 389 2001 est
408 1942 440 2000 in
463 1934 568 2018 coelo,
595 1943 641 2002 ita
672 1960 808 2002 summus
831 1943 973 2002 Pontifex
995 1952 1094 2024 caput·
1092 1946 1125 2004 sit

154 2069 155 2072 ,
227 2025 258 2083 in
282 2025 432 2084 militante
460 2024 613 2084 ecclesia?
650 2024 834 2121 Neutiquam
864 2025 1017 2099 Christum
1037 2027 1124 2086 exclu-

147 2107 149 2114 '
227 2105 338 2185 dendo,
363 2108 448 2166 cuius
470 2126 503 2166 se
525 2108 635 2166 fatetur
655 2108 812 2171 vicarium.

309 2189 370 2249 Sed
402 2190 441 2249 ad
468 2189 669 2249 ratiunculam
691 2190 862 2269 plebeiam,
897 2210 987 2269 quam
1017 2191 1126 2268 induxit,

227 2272 389 2332 ecclesiam
411 2292 537 2332 manare
559 2272 739 2352 acephalam
761 2292 843 2352 papa
863 2281 1003 2345 mortuo,
1030 2275 1126 2334 nisiri

226 2354 328 2415 dicule
351 2355 536 2434 diceremus,
571 2356 723 2415 Christum
751 2356 861 2416 cedere
893 2374 995 2436 papae
1021 2358 1128 2416 rivoat

136 2442 138 2446 ’
226 2437 393 2498 succedere
423 2457 523 2534 papae
550 2445 683 2498 mortuo.
724 2439 866 2498 Ridicula
886 2458 1013 2518 prorsus
1033 2441 1127 2498 ratior-

224 2520 311 2598 cula,
322 2539 425 2663 quaet
427 2522 458 2580 in
482 2540 515 2581 re
538 2528 600 2580 tam
623 2521 704 2580 seria
723 2522 803 2581 inter
824 2528 871 2581 tot
889 2528 1078 2664 protestantes
1095 2523 1128 2581 ιι·

226 2622 278 2662 ιιι
300 2604 351 2662 vix
373 2610 421 2663 est
423 2600 535 2684 digna
556 2604 706 2682 enarrari,
740 2623 809 2662 cum
835 2603 903 2664 ab
895 2605 951 2664 mit
951 2606 983 2664 io
1006 2605 1129 2681 dixerim,

173 2698 179 2709 ‘
225 2693 319 2764 caput
307 2686 420 2745 tillud
443 2686 644 2766 symbolicum
672 2705 693 2745 a
712 2688 776 2746 veri
799 2688 908 2766 capitis
930 2688 1076 2747 naturalis
1094 2707 1129 2747 ιι

225 2769 310 2828 tione
343 2770 374 2829 in
406 2769 557 2847 aliquibus
591 2770 814 2830 convenientiis
848 2769 989 2832 delicere
1034 2762 1129 2866 dieque

226 2851 375 2930 Christus,
396 2854 482 2912 cuius
503 2871 630 2937 regnum
655 2844 788 2912 manet
780 2872 812 2911 m
825 2859 995 2932 aeternum,
1017 2859 1049 2913 et
1058 2871 1129 2912 curus

225 2936 445 3013 sempiternum
466 2941 515 2995 est
502 2929 760 3014 tsacerdotium,
783 2935 865 2995 cedit
884 2954 986 3016 papae
1007 2937 1057 2996 vel
1077 2954 1129 2996 suc

224 3016 321 3096 cedit
353 3036 422 3077 cum
455 3020 483 3078 ei
513 3020 552 3077 ιιι
574 3018 646 3077 data
667 3019 767 3077 omnio
788 3020 957 3098 potestas
949 3038 980 3078 ιιι
1000 3019 1130 3080 ιοιιοιι

225 3102 256 3159 in
278 3108 368 3179 terra,
384 3101 460 3160 Matt
461 3102 490 3161 h.
512 3101 576 3179 ult,
599 3109 630 3160 et
619 3100 796 3161 tdefimcto
818 3120 900 3181 papa
920 3101 1016 3162 modo
1038 3109 1129 3162 coetus

224 3182 446 3262 Gurdinalium,
480 3186 559 3244 siout
596 3183 740 3244 defuncto
782 3186 930 3264 episcopo
967 3185 1129 3264 capitulum,

223 3269 289 3326 iura
316 3267 370 3326 illa
396 3273 519 3346 teneat,
553 3284 650 3346 usque
677 3286 738 3345 quo
767 3286 866 3327 novus
899 3266 1044 3328 Pontifex
1069 3267 1128 3327 deli·

264 3359 321 3410 tur.

223 3370 264 3431 ga
306 3430 403 3506 Quod
421 3451 495 3493 vero
525 3431 661 3492 secundo
690 3432 759 3492 loco
783 3432 969 3493 reuerendus
992 3432 1082 3492 Pater
1097 3431 1129 3491 di·

225 3517 267 3576 ιιι
268 3516 484 3596 ,Cyprianum
509 3516 594 3594 loqui
617 3515 656 3575 de
678 3515 817 3611 quolibet
839 3517 998 3595 episcopo,
1020 3534 1080 3576 non
1098 3515 1128 3574 de

223 3600 312 3660 Rom.
341 3598 505 3677 Pontifice,
533 3600 695 3694 plurimum
718 3599 827 3676 miror,
850 3616 918 3657 oum
940 3598 1128 3678 intelligentia

223 3682 286 3742 dict
274 3690 372 3743 torum
401 3701 440 3742 ex
461 3684 560 3740 causis
590 3680 712 3742 dicendi
734 3683 774 3740 sit
795 3681 995 3760 accipienda,
1027 3688 1057 3741 et
1081 3680 1127 3758 (ly-

209 3767 347 3845 ,priauus
368 3766 400 3824 in
422 3765 499 3824 locis
521 3782 647 3844 pernae
669 3763 808 3825 adductis
831 3782 887 3823 eos
907 3765 1059 3844 increpet,
1085 3762 1126 3841 qui

218 3867 239 3908 a
261 3848 409 3910 Cornelio
430 3848 620 3928 defecerunt,
641 3849 696 3927 qui
714 3850 799 3908 certe
815 3846 973 3906 Romanus
995 3845 1126 3907 fuitPon
