2709 4417
287 333 308 398 8
403 334 560 402 Disputatio
580 340 608 389 et
626 335 728 389 Excua
748 335 820 387 Eccii
840 335 901 388 adv.
922 333 1007 388 Orim.
1027 332 1107 387 Loth.

290 521 458 602 quaerere?
500 522 570 582 Vidi
602 523 695 589 etiam
722 528 754 583 et
781 541 849 583 cum
886 520 981 582 multo
1014 518 1124 581 dolore
1147 518 1188 599 lep

216 590 238 639 '
288 624 437 684 arrogans
457 607 601 685 scriptum
625 607 690 666 eius
714 612 851 666 actorum
873 604 955 684 apud
977 623 1026 683 se,
1048 601 1132 682 apud
1154 601 1188 660 La

290 697 395 768 gotum
428 694 459 748 et
479 688 707 768 Appellationis
740 688 779 749 ad
809 688 941 747 futurum
964 686 1144 763 concilium,
1179 703 1188 744 ι

290 788 351 830 non
383 771 460 835 ‘sine
499 771 614 851 gemitu
653 770 772 850 aliquas
808 770 1036 850 propositiones
1073 785 1187 846 suscep

290 853 437 913 Maiorem
466 872 637 934 sperassem
664 853 721 913 suh
750 855 836 934 nigra
867 850 989 912 cuculla
1007 850 1188 911 sobrietater

290 942 322 996 ct
357 937 546 1014 patientiam.
593 935 716 998 Utinam
751 956 818 997 eam
851 936 960 995 fuisset
995 941 1119 995 secutus
1153 952 1188 992 au

291 1016 383 1083 modo
413 1025 591 1097 sequeretur
618 1018 820 1096 modestiam,
854 1037 944 1098 quam
979 1017 1010 1079 S.
1032 1017 1188 1096 Cypriane

291 1106 405 1181 martyr
425 1101 465 1160 ad
487 1102 693 1182 Rogatianum
716 1109 747 1162 et
762 1101 937 1162 Cornelium
956 1099 1070 1177 docuit,
1094 1099 1147 1177 qui
1170 1118 1187 1158 e

291 1189 469 1264 contemptu
497 1184 570 1244 cleri
600 1184 745 1245 haereses
773 1190 856 1244 ortas
884 1190 1011 1244 testatur
1038 1181 1078 1242 ad
1099 1182 1188 1260 Pupia

291 1284 373 1327 num.
412 1265 452 1326 Et
472 1266 533 1327 alio
558 1266 627 1327 loco
650 1266 1018 1349 aitaHaemsuntxinitia
1037 1263 1188 1325 haeretic<

291 1367 356 1409 rum
396 1356 428 1409 et
459 1357 543 1410 ortus
575 1357 667 1429 atque
694 1356 823 1411 conatus
854 1350 1097 1423 scismaticorum
1127 1346 1188 1406 mal

291 1431 507 1512 cogitantium,
543 1438 576 1492 ιιι
608 1432 666 1493 eibi
687 1432 845 1512 placeant,
875 1438 908 1492 ιιι
928 1431 1137 1510 praepositum
1162 1448 1188 1488 ar

291 1513 387 1594 p'erbo
411 1523 529 1575 tumore
551 1521 766 1576 contemnant:
796 1516 841 1575 sie
869 1514 908 1575 de
928 1514 1069 1574 Ecclesia
1091 1511 1188 1573 reeed

292 1604 349 1674 tur,
372 1597 417 1656 sic
438 1597 534 1659 altare
557 1598 717 1678 profanum
739 1598 813 1658 foris
835 1597 1013 1672 collocatur,
1035 1597 1080 1656 sic
1100 1601 1188 1655 contr

291 1696 401 1759 pacem
422 1678 533 1740 Christi
560 1686 591 1741 et
612 1680 837 1742 ordinationem
866 1686 958 1759 atque
979 1679 1127 1739 unitatem
1152 1677 1188 1736 De

291 1760 464 1823 rebellatur.
512 1761 578 1824 Nec
606 1763 687 1824 enim
719 1763 842 1827 aliunde
871 1761 933 1844 (ait
964 1761 1003 1823 ad
1032 1759 1188 1822 Cornelirr

293 1845 426 1925 Papam)
460 1844 604 1907 haereses
636 1853 723 1907 ortae
749 1852 836 1923 sunt,
870 1852 923 1905 aut
952 1852 1026 1904 nata
1052 1845 1188 1904 scismate

293 1927 351 1988 nisi
380 1927 463 2005 quod
483 1928 636 1989 sacerdoti
657 1928 716 1988 Dei
738 1947 800 1990 non
829 1928 1065 2007 obtemperatur.
1109 1924 1188 2000 Quat

293 2009 465 2075 consultum
486 2019 570 2072 esset
588 2012 713 2072 Luttero
729 2011 761 2072 id
782 2011 936 2090 amplecti,
958 2009 1040 2093 quod
1052 2009 1083 2071 8.
1095 2007 1188 2068 Bernl

199 2116 202 2131 ι
244 2110 245 2114 ’
292 2091 412 2165 Picenis
433 2094 588 2154 consuluit
614 2093 653 2154 de
673 2094 815 2155 Honorio
842 2093 941 2173 Papa:
973 2092 1188 2153 Honoratum

292 2182 326 2236 et
347 2176 552 2237 universitatis
574 2177 705 2239 Patrem.
748 2175 810 2238 Sed
827 2178 970 2255 antiquos
992 2176 1110 2235 cineres
1133 2174 1188 2253 ign:

292 2258 397 2318 Lutter
427 2266 459 2319 et
480 2260 625 2339 antiquae
647 2260 740 2320 messi
762 2278 875 2320 novam
897 2257 1029 2337 praefert
1048 2257 1188 2318 zizaniati

293 2349 326 2400 ut
344 2339 499 2402 Ambrosii
521 2341 621 2404 verbis
649 2348 731 2419 utar,
758 2343 796 2403 D.
819 2341 854 2403 0.
877 2341 927 2418 hh,
949 2341 1000 2420 qui
1028 2339 1148 2418 recepit
1174 2358 1188 2398 s

293 2442 468 2485 mansurum
504 2441 573 2484 cum
589 2425 722 2485 eeclesia
743 2444 839 2505 usque
860 2423 900 2484 ad
913 2423 1188 2484 consummationer

262 2508 270 2523 ”
293 2505 398 2581 seculi,
426 2505 578 2567 illuminet
597 2506 693 2568 cordo
713 2505 847 2568 fidelium
878 2512 909 2566 et
936 2506 989 2566 det
1009 2504 1098 2566 nobie
1120 2523 1188 2564 suar

292 2605 411 2668 pacem.
462 2588 604 2650 Ceterum
641 2589 898 2669 quemadmodum
933 2609 983 2648 me
1017 2586 1128 2664 obtuli,
1166 2586 1188 2645 it

294 2677 402 2731 contra
429 2670 538 2732 ambos
566 2671 772 2753 disputaturus
798 2670 865 2732 surh
897 2691 953 2751 pro
980 2669 1052 2730 fidei
1079 2669 1188 2729 veritat

280 2759 325 2831 ‘et
345 2751 433 2814 Sedis
453 2753 511 2835 Ap.
536 2756 664 2816 tuitione
677 2755 801 2817 Christo
822 2754 977 2815 adiutore:
1001 2772 1064 2813 non
1085 2752 1116 2811 in
1140 2769 1188 2830 pr(

291 2835 364 2897 lana
384 2835 477 2897 domo
500 2843 532 2897 et
552 2837 683 2918 angulis,
705 2838 760 2899 sed
781 2839 813 2898 in
834 2836 1050 2898 florentissimo
1068 2834 1188 2914 Lipsem

292 2918 473 2998 Gymnasio,
495 2938 598 2983 coram
623 2919 809 2981 doctissimis
840 2919 975 2980 ciusdem
999 2916 1096 2979 Studii
1119 2923 1187 2996 patr

293 3000 364 3078 bus,
394 3020 432 3062 ea
452 3020 513 3080 qua
542 3001 632 3064 decet
654 3003 816 3081 modestia,
838 3008 872 3062 ut
892 3001 1035 3079 salvetur,
1057 3019 1120 3060 non
1143 3017 1188 3078 pe:

292 3081 381 3143 datur
415 3085 536 3146 veritas.
586 3086 691 3146 Placet
730 3104 804 3147 vero
832 3091 866 3145 ιιι
898 3103 953 3164 pro
988 3102 1074 3143 more
1105 3080 1188 3177 Augu

238 3168 253 3186 ‘
292 3166 363 3226 stini
390 3171 422 3227 et
441 3166 621 3248 Hieronymi
650 3168 730 3229 haec
756 3167 824 3228 fldis
854 3167 1044 3247 excipiantur
1070 3163 1188 3224 notarri:

292 3254 324 3308 st
356 3247 423 3309 urbi
457 3268 495 3309 ac
533 3250 599 3311 orbi
627 3249 703 3311 fiant
729 3251 897 3312 notissima.
939 3249 1040 3326 Haec,
1070 3245 1188 3306 fidissiu

292 3329 435 3408 Patroni,
463 3332 552 3393 vobis
579 3331 753 3414 significare
780 3333 863 3394 volui
899 3339 930 3393 ct
961 3351 1015 3411 per
1049 3348 1105 3411 vos
1135 3327 1188 3390 Orl

293 3412 477 3492 christiano,
522 3421 555 3474 ut
598 3416 648 3495 qui
687 3434 805 3476 sacram
850 3415 1008 3475 veritatem
1045 3412 1188 3493 plurimur

292 3495 409 3572 colitis,
431 3515 469 3556 ac
489 3499 635 3559 verticem
656 3498 816 3559 Ecclesiae
838 3498 949 3559 Christi
972 3496 1134 3572 vicarium,
1158 3513 1188 3574 pr

186 3583 190 3591 '
291 3597 379 3658 pam,
401 3581 607 3658 veneramini,
641 3599 684 3641 ao
701 3600 756 3661 pro
779 3581 861 3641 felici
882 3588 963 3640 statu
984 3578 1146 3639 Ecclesiae
1179 3595 1188 3636 ι

291 3661 456 3722 cathedrae
477 3662 557 3724 Petri
590 3683 658 3723 cum
689 3664 830 3724 fratribus
859 3663 968 3724 vestris
999 3660 1188 3721 indesinente

276 3745 408 3823 rogatis,
445 3755 478 3806 et
507 3745 592 3811 hanc
620 3748 763 3810 veritatis
797 3764 926 3807 eausam
950 3762 1009 3823 pro
1028 3742 1155 3800 <thriare
1182 3759 1188 3787 ι

261 3822 360 3887 Petro
384 3847 512 3894 mecum
536 3832 688 3897 habeatis
715 3827 989 3896 commendatam.
1023 3819 1188 3879 *lahem
