2709 4417
504 367 523 403 a
539 351 659 405 llotsriis
676 356 802 418 excepta.
868 368 886 407 ·.·
1061 348 1101 417 61
1171 425 1175 435 ¹

200 553 287 677 prum
310 554 447 596 errorem
471 536 628 597 confutare
649 535 680 595 iu
714 535 843 614 gloriam
865 535 1025 597 Romanae
1054 555 1103 597 ec·

199 662 200 669 ,
212 636 307 679 esrae.

199 734 393 803 {Martinus
415 736 505 814 petiit
524 734 665 814 Eccium,
689 752 727 793 ne
751 726 824 793 velil
847 732 1015 814 impingere
1038 743 1102 794 tan·

199 838 246 876 sm
269 817 507 895 contumeliam,
529 820 562 876 iit
583 837 650 877 eum
672 816 841 876 Bohemum
865 816 998 885 iaceret,
1031 819 1101 896 quis

199 899 243 960 tibi
275 918 399 981 semper
427 900 517 959 invisi
547 901 691 974 luissent,
720 899 791 959 ideo
820 899 901 977 quod
926 900 963 959 ab
986 902 1101 960 unitate

553 982 742 1042 dissentiant.

199 1199 274 1261 Hora
298 1199 432 1259 secunda
458 1198 713 1341 (ιοιιτίιιιὲεἰιῑει113ῐὲἰ
728 1197 917 1275 Disputatio,
938 1200 1045 1260 eadam
1065 1200 1102 1261 V.

601 1299 618 1341 θ
715 1325 721 1337 ¹
1085 1298 1087 1303 .

516 1445 556 1505 lt.
578 1444 779 1505 Lutherus.

269 1642 390 1704 Obiecit
410 1647 551 1725 egregius
563 1644 600 1705 D.
614 1645 651 1704 D.
672 1643 777 1703 iuliae
799 1643 1107 1704 articulosVuiclsleli

204 1734 228 1787 et
243 1727 388 1788 lobannis
409 1726 490 1788 Huss
511 1726 694 1804 damnatos,
716 1733 747 1786 et
769 1726 956 1786 Bonilacium
978 1726 1102 1786 dumna-

204 1820 284 1870 torem
307 1809 487 1870 eorundem.
509 1810 712 1888 Respondes,
735 1811 814 1869 sicut
835 1811 933 1889 prius,
969 1830 1017 1868 ure
1040 1830 1100 1869 non

204 1892 266 1953 selle
287 1911 345 1952 nec
366 1910 460 1972 posse
481 1892 645 1953 detondere
660 1892 864 1952 Bohemorum
883 1894 1025 1969 schisma,
1048 1893 1103 1952 ssd

202 1994 328 2056 graecam
351 1974 516 2035 ecclesiam
538 1975 621 2034 mille
643 1984 674 2035 et
695 1974 985 2055 quadringentorum
1008 1995 1102 2035 unno-

202 2078 266 2135 mm,
299 2060 366 2118 sive
388 2076 457 2117 cum
481 2078 519 2118 ea
539 2061 691 2118 senserint
713 2058 857 2135 Bohemi,
889 2058 963 2117 nihil
981 2058 1019 2118 sd
1043 2077 1102 2133 me,

202 2148 301 2201 ocrtum
324 2139 437 2218 habeo,
460 2140 542 2222 quod
564 2160 621 2202 nec
643 2140 733 2201 llum.
756 2140 897 2201 Pontifex
915 2160 974 2200 nec
994 2160 1102 2201 omnes

202 2226 252 2284 eius
272 2222 451 2284 adulatores
473 2226 593 2304 possint
615 2232 732 2284 tantum
754 2243 912 2284 numerum
921 2224 1102 2286 Sanctorum

202 2306 243 2366 sub
268 2316 424 2387 potestate
453 2307 540 2367 Rom.
570 2306 725 2367 Pontificis
759 2326 913 2386 nunquam
946 2309 1102 2386 agentium

203 2389 231 2449 ds
247 2390 336 2450 coelo
359 2389 532 2450 deturbare.

268 2472 423 2551 Secundo,
445 2480 477 2532 et
497 2473 558 2533 hoo
574 2481 689 2532 certum
711 2479 767 2543 est,
790 2472 871 2532 inter
890 2473 1036 2531 articulos
1052 2472 1104 2531 lo·

203 2554 294 2615 hannis
321 2556 403 2616 Huss
447 2555 494 2614 vel
518 2555 723 2616 Bohemcrum
763 2554 873 2615 multos
915 2574 983 2615 esse
1011 2556 1104 2635 plane

205 2636 459 2699 christianissimos
475 2639 725 2718 etevangelicos‚
748 2656 825 2716 quos
848 2658 909 2697 non
931 2639 1030 2717 possit
1044 2639 1105 2695 uoi-

205 2721 312 2781 versalis
336 2721 470 2781 ecclesis
497 2720 658 2797 damnare,
692 2720 775 2780 velut
796 2728 841 2780 est
864 2721 915 2780 ille
937 2732 967 2780 et
990 2721 1105 2793 similis,

203 2804 267 2881 quod
285 2812 405 2864 tantum
418 2814 465 2866 est
488 2824 548 2863 uua
561 2803 699 2863 Ecclesia
715 2804 904 2863 universalis.
928 2804 1011 2863 llaec
1023 2805 1103 2863 enirn

202 2886 349 2966 agentibus
371 2888 558 2966 impiissimis
576 2886 785 2946 adulatoribus
807 2888 910 2965 inique
940 2894 987 2946 est
1022 2886 1104 2945 darri-

200 2978 268 3047 nata,
290 2989 361 3029 aum
385 2976 453 3030 oret
473 2970 653 3029 universitas
676 2969 842 3029 ecelesiae:
864 2969 965 3029 Credo
987 2971 1016 3027 in
1040 2969 1104 3048 Spi-

199 3052 275 3111 rilum
298 3062 452 3129 sanctum,
474 3060 610 3113 sanctam
622 3053 784 3112 ecclesiam
808 3052 1001 3131 catholicam,
1013 3051 1105 3111 Sane·

199 3141 284 3195 lorum
307 3137 567 3196 communionem.
589 3135 679 3194 lluuc
701 3134 923 3195 nobilissimum
944 3134 1103 3194 articulum

199 3215 258 3278 ldci
279 3220 362 3278 inter
383 3220 529 3279 articulos
549 3218 701 3277 iohannis
725 3219 803 3277 lluss
827 3224 995 3278 numerant.

270 3301 392 3361 Deinde
422 3303 490 3361 ille:
527 3302 596 3360 Nou
631 3309 677 3360 est
708 3301 747 3361 de
780 3303 963 3361 necessitate
990 3300 1105 3376 salutis,

199 3384 313 3444 nederc
330 3385 421 3464 Rom.
445 3384 608 3444 ecclesiam
631 3403 700 3443 esse
722 3385 789 3442 aliis
812 3386 1016 3462 superiorem,
1040 3384 1104 3441 sive

199 3466 228 3527 rit
247 3466 418 3542 Vuiekleff,
440 3469 505 3526 sive
527 3467 617 3531 lluss,
641 3486 702 3526 non
724 3484 808 3526 curo.
836 3467 917 3541 Scio,
940 3465 1021 3544 quod
1044 3467 1101 3523 sul-

199 3551 250 3609 ssti
271 3559 343 3610 sunt
369 3549 538 3632 Gregorius
558 3549 779 3610 Nazianzenus.
804 3548 932 3608 Basilius
966 3568 1104 3628 magnus,

199 3631 399 3712 Epiphanius,
422 3635 603 3713 Cyprianus,
626 3642 656 3693 et
677 3631 916 3692 innumerabiles
938 3632 988 3689 alii
1011 3631 1103 3690 Grae-

199 3734 257 3775 ssse
277 3718 432 3794 episcopi,
457 3726 611 3776 ettamen
631 3715 715 3776 huno
737 3715 897 3776 articulum
919 3732 982 3774 nou
1003 3722 1104 3774 tenue

199 3803 255 3851 unt.
295 3797 364 3854 Nee
383 3806 434 3855 est
451 3800 483 3855 in
503 3808 667 3877 potestate
693 3802 785 3867 Rom.
811 3802 980 3865 l'ontilicis
1001 3810 1058 3861 sut
1071 3800 1120 3859 iu·
