2709 4417
401 343 436 400 de
457 343 637 436 sacramento
655 344 795 414 baptismi.
1005 339 1068 409 401

190 535 253 608 tes,
287 529 396 610 quibus
418 529 469 591 isti
492 548 549 591 suo
571 527 725 610 baptismo
748 527 968 591 satisfacerent.
1011 526 1069 588 Eat

190 619 252 674 tem
276 613 446 693 baptismus
468 632 529 673 una
551 632 620 673 eum
644 631 698 690 eo,
725 611 809 690 quod
830 610 997 693 signitinat,
1018 629 1069 692 ge-
1160 626 1164 631 ·

190 695 263 756 ralis
287 695 438 777 quaedam
460 696 568 776 regula
579 695 741 775 proposita
762 693 914 772 omnibus,
935 705 966 754 ut
981 712 1069 755 unus

190 780 278 858 isque
307 797 375 839 eam
409 780 559 839 rationem
582 775 713 858 deligat,
747 797 838 857 quam
865 775 923 838 sibi
951 793 1070 856 suoque

190 881 232 922 ae
256 862 363 942 generi
387 862 519 922 maxime
535 863 702 922 convenire
723 867 819 941 putat,
841 879 902 939 qua
915 859 1069 939 baptismo

190 942 290 1023 tisfiat,
314 944 375 1004 hoo
385 950 442 1022 est,
464 942 755 1023 quamortifioentur
771 952 909 1024 peooata,
932 948 964 1002 et
983 961 1070 1022 prae-

190 1034 295 1088 rentur
324 1027 417 1087 animi
447 1027 486 1087 ad
515 1032 645 1088 mortem
676 1027 802 1105 aequius
828 1023 1001 1101 ferendam,
1034 1043 1072 1084 ao

190 1129 219 1170 ve
241 1128 279 1169 ao
301 1128 395 1169 suave
416 1108 470 1170 fiat
492 1129 570 1171 onus
589 1109 711 1185 Christi,
732 1128 833 1187 neque
855 1127 913 1168 nos
936 1106 974 1167 a'd
995 1105 1070 1166 iilud

190 1193 347 1269 sistamus,
368 1200 421 1252 ant
442 1193 651 1273 impatientius
674 1191 705 1251 id
726 1191 869 1252 feramus.
913 1189 998 1251 Siout
1019 1188 1071 1250 Sa-

190 1294 258 1335 non
271 1274 358 1334 dioit:
380 1275 553 1356 Insipientis
567 1294 662 1355 opera
683 1275 860 1334 excruciant
881 1292 960 1350 eum,
983 1291 1071 1352 prop·

190 1376 236 1417 rea
271 1356 354 1437 quod
388 1359 469 1418 viam
497 1357 536 1418 ad
566 1359 720 1418 civitatem
752 1357 879 1417 neseiat.
921 1352 1071 1430 Quemad-

189 1440 278 1501 rdum
313 1442 411 1515 enim,
438 1442 464 1500 si
496 1442 546 1520 qui
574 1440 613 1501 ad
641 1440 746 1500 urbem
778 1440 911 1518 aliquam
934 1437 1071 1514 tendunt,

190 1543 221 1582 m
243 1542 263 1582 a
285 1524 335 1583 via
356 1523 508 1600 aberrant,
531 1523 651 1597 dolent,
673 1525 717 1584 ita
737 1521 784 1582 his
806 1539 930 1601 quoque
951 1520 1071 1593 aooidit,

191 1607 293 1665 ioum
324 1625 379 1685 per
411 1612 507 1666 totam
531 1607 623 1666 vitam
646 1606 748 1665 multis
770 1604 921 1664 novariis
943 1623 977 1664 se
999 1621 1071 1682 ope·

189 1709 234 1748 rus
248 1687 454 1767 defatigarint,
467 1689 582 1748 nulium
596 1697 698 1748 tamen
716 1686 788 1747 inde
798 1687 923 1767 sapiunt
933 1685 1072 1746 fructum.

234 1770 367 1832 Deoimo
390 1779 521 1847 octavo,
553 1771 614 1831 buo
642 1789 765 1850 quoque
798 1770 952 1850 pertinent
979 1772 1072 1829 notae

189 1872 223 1913 ae
246 1854 462 1935 quaestiones,
485 1874 524 1914 an
546 1853 715 1932 baptismus
737 1861 769 1913 et
791 1858 914 1927 votnm,
936 1848 1019 1930 quod
1041 1851 1072 1909 in

190 1936 306 2016 ptismo
328 1937 478 2014 vovimus,
501 1937 619 1997 maiora
640 1937 702 1995 sint
720 1937 810 2012 votis,
834 1933 943 2014 quibus
965 1953 999 1993 se
1021 1931 1072 1994 ob·

189 2020 304 2099 ingunt
326 2019 466 2080 homines
496 2017 535 2079 ad
558 2019 748 2095 uastitatem,
783 2018 821 2078 ad
846 2015 1073 2091 monaobatum,

212 2101 351 2163 ordinem
376 2101 588 2180 sacerdotum,
621 2120 690 2161 oum
719 2108 822 2161 tamen
844 2099 1013 2179 baptismus
1035 2098 1075 2159 sit

189 2185 324 2244 mmunis
362 2185 503 2245 omnibus
540 2184 739 2261 Christianis,
779 2191 810 2244 et
846 2180 1072 2262 Religiosorum

189 2274 227 2327 ta
250 2266 404 2347 singulare
426 2286 463 2327 ao
486 2268 581 2327 maius
605 2266 748 2345 quiddam
773 2284 846 2346 prae
877 2282 910 2325 se
932 2263 1011 2324 terre
1033 2263 1074 2322 vi·

189 2349 306 2410 tantur?

240 2431 273 2493 Si
296 2432 363 2510 quis
385 2432 475 2511 igitur
497 2452 543 2509 ea,
567 2451 645 2510 quae
668 2430 927 2510 supradiximus,
950 2427 1077 2571 diiigen-

189 2515 318 2595 rlegit,
350 2514 428 2574 isin
452 2523 594 2594 promptu
616 2513 757 2589 habebit,
788 2512 859 2591 quid
882 2529 994 2590 respon
1018 2518 1078 2573 eat.

189 2617 235 2658 am
268 2597 299 2656 in
333 2595 486 2676 baptismo
515 2617 608 2657 unum
637 2606 668 2655 et
690 2595 770 2656 idem
800 2595 936 2656 omnium
957 2599 1004 2653 est
1025 2611 1077 2652 vo-

190 2699 230 2754 m,
255 2687 372 2740 vovent
393 2681 473 2740 enim
497 2698 605 2740 omnes
630 2679 684 2756 illi,
707 2680 757 2757 qui
771 2677 972 2758 baptizantur,
993 2674 1075 2755 quod

188 2763 254 2822 {lint
276 2761 459 2822 mortificare
483 2770 626 2841 peecata,
656 2770 688 2821 et
709 2759 892 2820 sanetifioari
913 2778 968 2838 per
991 2759 1078 2818 mise·

188 2845 323 2906 eordiam
346 2845 418 2923 Dei,
453 2847 500 2904 oui
531 2864 564 2905 se
587 2843 710 2904 tradunt
737 2851 768 2903 et
789 2841 935 2908 offerunt,
957 2860 1014 2900 oeu
1034 2840 1076 2899 lu·

192 2949 222 2988 m
245 2926 352 3008 figulo,
376 2946 475 3006 neque
497 2927 546 2987 bio
571 2929 729 3005 quisquam
753 2926 839 2986 alteri
862 2931 1007 3004 praestat,
1024 2922 1077 2983 sed

188 3012 297 3071 unium
321 3009 427 3070 eadem
451 3016 498 3070 es‘t
521 3008 666 3069 conditio.

243 3093 333 3154 Ratio
363 3100 482 3169 autem,
516 3111 576 3171 qua
604 3090 734 3151 satisfiat
763 3090 936 3170 baptismo,
968 3093 1080 3166 etqua

188 3174 380 3239 ortifieemus
402 3179 546 3256 peecata,
572 3174 627 3234 ilia
649 3194 712 3234 non
737 3173 850 3253 poterit
871 3189 939 3232 asse
962 3168 1079 3233 eadem.

188 3278 265 3329 ,nare
287 3259 346 3318 iam
376 3265 468 3319 antea
499 3259 618 3333 monui,
652 3258 834 3334 utquisque
856 3253 1018 3333 diligenter
1040 3253 1080 3310 vi·

188 3345 251 3415 eat,
274 3360 425 3420 quaenam
454 3341 531 3401 ratio
556 3337 759 3400 mortificandi
788 3342 917 3417 peecata
938 3341 970 3395 et
989 3335 1081 3413 repri-

188 3423 295 3485 rendae
318 3424 416 3484 narnis
451 3423 506 3484 sibi
539 3423 671 3483 oraxime
694 3421 873 3494 conveniat,
905 3415 986 3497 quod
1008 3417 1081 3476 item

188 3509 246 3569 itae
267 3525 374 3587 genus.
420 3507 531 3566 Verum
553 3507 645 3586 igitur
667 3504 727 3563 hoo
749 3510 810 3579 est,
843 3501 958 3562 nullum
982 3517 1083 3579 neque

188 3591 299 3666 ravius,
318 3607 419 3667 neque
442 3589 559 3665 melius,
583 3606 683 3666 neque
705 3587 796 3647 etiam
820 3585 917 3645 maius
939 3601 1009 3643 esse
1031 3601 1082 3643 vo·

188 3692 246 3752 nn,
279 3691 369 3752 quam
397 3669 549 3751 baptismi.
593 3669 673 3745 Quid
704 3670 783 3732 enim
813 3666 944 3747 amplius
968 3684 1082 3744 quaeso

188 3773 279 3816 overe
293 3754 429 3832 poteris,
467 3771 556 3832 quam
591 3751 676 3833 quod
707 3751 786 3814 veiis
811 3747 999 3812 mortibeare
1016 3764 1087 3826 qen

188 3842 231 3913 ta,
254 3835 342 3911 mori,
365 3834 449 3895 bano
473 3837 568 3898 vitam
594 3837 716 3918 odisse,
739 3832 953 3899 sannbbear'ri
