2709 4417
468 351 503 408 do
519 353 652 422 passione
671 350 782 407 Christi.
1027 351 1091 418 413

256 534 309 596 Sic
319 536 474 616 Propheta
485 557 609 617 quoque
626 537 714 599 dicit:
735 537 774 599 Et
789 538 940 617 plangent
958 556 993 597 se
1005 538 1091 618 ipsos

183 636 265 696 uper
292 638 331 679 eo
360 638 467 681 omnes
496 621 589 681 trihus
617 628 726 682 terrae.
768 620 838 681 Non
860 620 948 680 dicit:
977 621 1090 699 Deplo-

183 700 283 760 abunt
305 720 390 778 eum,
421 703 476 764 sed
498 705 646 783 plangent
667 723 701 763 se
723 704 808 783 ipsos
829 722 921 782 super
947 721 997 766 co.
1040 702 1091 764 Sic

183 783 365 853 emebantur
384 785 429 845 illi
452 788 519 848 Act.
542 791 571 864 2,
600 786 632 846 id
659 785 741 865 quod
763 804 857 864 supra
878 785 1089 846 indicavimus.

183 865 211 924 lt
240 866 374 927 ecclesia
395 870 490 929 canit:
513 869 661 929 Memoria
683 888 802 929 memor
823 887 887 946 ero,
910 874 940 928 et
953 867 1091 928 tabescet

182 968 201 1007 n
224 967 275 1008 me
299 969 402 1010 anima
424 971 500 1015 mea.

257 1031 396 1110 Octavo,
425 1042 517 1112 atque
543 1036 574 1093 in
596 1035 654 1094 hac
676 1033 798 1114 quidem
820 1039 911 1113 parte·
929 1031 1092 1112 diligenter

183 1132 208 1174 te
231 1114 420 1175 exercebunt
439 1118 481 1196 pii
502 1118 611 1194 animi,
645 1137 716 1178 nam
745 1137 785 1175 ex
807 1135 845 1176 ea
867 1114 982 1194 pendet
1002 1134 1091 1175 verus

183 1215 245 1257 rsus
268 1199 422 1277 passionis
431 1198 551 1276 Christi,
572 1205 606 1259 ut
626 1200 719 1261 homo
743 1219 776 1258 se
789 1200 890 1276 ipsum
912 1205 1090 1276 cognoscat,

183 1285 204 1338 rt
226 1281 273 1338 sui
296 1287 464 1361 conspectu
488 1289 654 1359 terreatur,
682 1301 719 1342 ac
747 1301 802 1341 ceu
825 1289 1009 1341 conteratur.
1051 1280 1093 1340 Et

183 1381 265 1438 iane,
290 1364 349 1422 nisi
370 1383 408 1424 eo
430 1364 574 1424 deveniat
594 1365 706 1439 homo,
730 1363 822 1442 plane
844 1364 959 1422 nullam
981 1362 1091 1424 utilita-

185 1463 234 1504 em
264 1465 305 1504 ex
328 1446 438 1507 Christi
466 1448 612 1527 passione
634 1448 744 1527 capiet.
787 1446 854 1505 Hoc
882 1446 962 1506 enim
986 1464 1091 1505 verum

183 1546 210 1586 ic
232 1547 412 1607 germanum
436 1549 513 1610 opus
536 1535 592 1609 est,
615 1529 698 1608 quod
719 1530 822 1609 passio
840 1527 951 1588 Christi
971 1528 1003 1586 in
1026 1546 1091 1588 cor-

183 1609 262 1670 lihus
294 1613 414 1690 piorum
443 1611 551 1690 efficit,
582 1619 616 1672 ut
648 1612 823 1673 conformes
858 1611 983 1690 imagini
1011 1610 1091 1670 illius

183 1691 353 1771 eddamm,
375 1694 436 1755 hoc
456 1702 513 1771 est,
535 1700 569 1754 ut
590 1694 847 1774 quemadmodum
871 1693 1007 1754 Christus
1028 1701 1092 1753 tum

183 1794 307 1854 torpore
335 1785 397 1836 tum
420 1779 511 1838 etiam
534 1779 640 1839 animo
662 1779 796 1858 graviter
817 1784 943 1857 propter
963 1783 1093 1856 peccata

183 1865 282 1919 rostra
305 1861 528 1938 c1·uciatur‚ita
552 1880 608 1920 nos
632 1879 755 1940 quoque
775 1857 1093 1921 nostra'couscientia

183 1940 388 2020 rxoarnificet,
418 1942 458 2004 ob
484 1951 613 2023 peccata
638 1943 781 2006 admissa.
818 1942 926 2020 Neque
948 1941 988 2003 ad
1012 1941 1092 2002 hanc

183 2043 237 2083 em
271 2025 372 2084 multis
403 2032 450 2085 est
472 2045 549 2106 opus
570 2027 689 2100 verbis,
718 2026 772 2085 sed
804 2025 943 2104 diligenti
976 2025 1089 2104 cogita·

184 2108 270 2184 ione,
293 2114 325 2167 et
344 2114 378 2167 ut
398 2109 512 2168 sentias
535 2110 653 2188 peccati
675 2108 922 2187 magnitudinem.

256 2189 423 2250 Possumus
453 2198 553 2250 autem
583 2191 643 2251 hoo
671 2190 867 2251 similitudine
889 2191 941 2250 uti.
984 2190 1089 2270 Finga-

183 2292 242 2331 nus
271 2274 417 2352 principis
446 2274 601 2334 cuiusdam
635 2273 827 2334 interfectum
849 2271 944 2332 filium
973 2279 1003 2332 et
1025 2293 1092 2352 per·

183 2374 334 2415 iussorem
355 2363 475 2435 raptum
502 2358 562 2417 iam
590 2358 621 2416 in
643 2355 787 2416 iudicium
810 2354 980 2435 capitaliter
1001 2373 1091 2414 accu-

183 2438 253 2515 sari,
278 2437 359 2517 quod
382 2440 407 2497 si
429 2441 454 2498 is
478 2457 580 2500 noram
603 2438 704 2499 iudice
726 2437 852 2498 caedem
873 2437 995 2516 quidam
1017 2456 1036 2496 a
1058 2456 1093 2497 oe

183 2521 286 2580 aotam
311 2540 379 2581 esse
400 2521 547 2600 fateatur,
585 2541 693 2582 verum
718 2540 761 2591 ¹se
790 2541 809 2582 a
836 2528 867 2581 te
894 2519 1091 2581 subornatum

183 2621 391 2664 ›ercuasorem
414 2604 512 2677 dicat,
550 2612 581 2664 tu
610 2611 713 2664 autem
735 2622 859 2664 securus
880 2603 998 2662 interim
1023 2621 1093 2662 can-

183 2704 244 2745 ans
267 2695 321 2746 aut
342 2686 450 2746 ludens
473 2686 668 2764 obambulet,
696 2694 728 2746 et
753 2687 854 2746 statim
876 2705 916 2744 ex
936 2686 1092 2765 insperato

184 2788 206 2827 n
228 2786 384 2828 carcerem
401 2769 586 2829 coniiciaris:
611 2789 651 2829 an
674 2788 736 2830 non
759 2777 822 2829 tum
845 2769 936 2828 etiam
958 2768 1093 2847 amplum

183 2869 236 2911 roo
258 2850 365 2911 mundi
392 2854 523 2930 spatium
552 2853 711 2932 angustius
741 2850 907 2926 videbitur,
942 2869 1032 2929 quam
1061 2852 1092 2911 in

183 2952 237 3012 quo
261 2933 492 3013 laterepossis?
514 2935 692 3015 praesertim
716 2935 741 2993 si
758 2940 789 2995 ta
810 2941 862 2994 tua
876 2939 1001 2996 accuset
1022 2952 1093 2994 con-

183 3017 315 3094 icientia,
338 3023 370 3076 et
391 3019 554 3078 convincat
574 3017 700 3077 admissi
722 3016 866 3077 sceleris?
889 3019 932 3076 lta
954 3034 1016 3076 non
1039 3034 1093 3095 po-

183 3105 237 3159 ·.est
264 3118 327 3160 non
356 3099 452 3160 multo
485 3101 608 3180 gravius
637 3099 761 3179 dolere,
795 3100 847 3178 qui
874 3099 956 3160 hanc
980 3096 1094 3162 Christi

183 3182 355 3242 >sessionem
379 3182 542 3263 diligenter
563 3182 735 3244 meditatur.
758 3181 863 3242 Iudaei
885 3183 976 3258 enim,
992 3199 1093 3259 quam·

183 3265 221 3324 ris
245 3265 289 3324 illi
310 3264 455 3324 iudicium
478 3285 565 3325 suum
584 3267 645 3325 iam
667 3265 818 3342 habeant,
846 3271 877 3325 et
906 3265 1012 3325 reiecti
1034 3264 1095 3323 sint

183 3367 193 3407 ι
215 3347 297 3424 Deo,
320 3354 423 3408 tamen
444 3349 487 3409 tui
509 3349 628 3427 peccati
651 3349 780 3408 ministri
800 3347 931 3425 luerunt,
955 3355 986 3406 et
1007 3353 1038 3406 tu
1059 3364 1093 3406 re

183 3449 252 3490 rara
271 3431 409 3509 peccatis
427 3432 485 3490 tuis
498 3431 554 3491 Dei
576 3430 671 3490 filium
685 3430 834 3507 occidisti,
856 3447 986 3508 eumque
1008 3427 1093 3489 affix-

184 3513 226 3574 sti
248 3514 341 3588 cruci,
364 3515 443 3574 sicut
464 3532 556 3593 supra
579 3532 702 3592 quoque
724 3514 906 3573 monuimus.

259 3595 382 3674 Nouos
409 3614 501 3676 porro
530 3599 556 3656 si
586 3597 637 3675 qui
664 3595 743 3655 adeo
766 3595 832 3655 duri
855 3602 886 3654 et
907 3595 992 3654 saxei
1014 3600 1095 3672 sunt,

183 3686 208 3740 rt
244 3699 287 3740 ex
319 3678 430 3740 Christi
466 3680 611 3758 passione
639 3697 741 3758 neque
776 3683 960 3754 terreantur,
994 3695 1095 3756 neque

183 3764 265 3820 etiam
287 3780 323 3820 se
344 3780 537 3841 cognoscere
559 3763 722 3844 incipiant,
740 3760 789 3822 illi
807 3761 920 3822 mento
940 3759 1003 3820 sini
1016 3760 1105 3819 male

183 3847 308 3900 retuent.
352 3842 465 3923 Neque
489 3848 577 3909 enim
606 3847 701 3912 aliter
726 3847 800 3912 heri
819 3851 953 3931 potest,
975 3860 1074 3924 upum
1087 3845 1132 3896 W·
