2709 4417
476 341 512 394 ad
529 342 588 396 lolr.
606 340 862 410 Oecolompadium.
1073 339 1134 403 481

218 523 257 585 ob
282 525 367 585 aliud
388 533 531 607 suscepta
553 534 614 604 eat,
646 527 706 586 nisi
728 534 761 586 ut
789 526 889 606 palam
918 525 1021 601 deret,
1057 529 1136 588 inter

216 615 353 669 veterem
376 616 408 668 et
428 609 540 670 Christi
553 608 756 689 Theologiam
778 628 815 668 ao
838 610 990 669 noviciam
1013 618 1046 670 et
1069 612 1133 672 Ari-

216 690 392 750 stotelicam
422 699 567 771 quantum
588 693 718 752 intersit.
761 692 874 751 Verum
897 691 1044 771 quidquid
1066 711 1133 771 pro·

215 772 329 833 fectum
352 776 409 853 ait,
431 782 484 835 aut
504 793 648 853 quorsum
669 775 845 834 inclinarint
865 793 929 853 res,
965 775 1037 834 mibi
1058 794 1134 835 sane

215 873 278 915 non
310 864 360 930 cst
379 858 410 916 in
437 857 565 937 proclivi
593 857 738 918 iudicare.
782 855 850 931 Quo
873 855 1047 937 diligentius
1071 876 1135 918 om-

214 939 267 998 nia
288 957 474 1018 prosequar,
506 958 585 1018 quae
613 939 652 1000 ad
685 958 809 1000 oausam
830 942 976 1016 attinent,
1009 948 1042 999 nt
1070 958 1132 1002 non

212 1019 289 1080 nihil
314 1023 389 1082 certi
411 1041 450 1082 ex
469 1022 514 1081 his
538 1029 570 1082 tu
583 1042 678 1102 queas
701 1023 853 1083 oculatior
873 1025 1006 1102 assequi.
1042 1023 1133 1082 Varia

211 1103 324 1182 procul
346 1102 438 1165 dubio
460 1104 543 1165 lama
564 1106 603 1165 ad
624 1123 682 1166 vos
701 1105 843 1184 perferet,
865 1112 1052 1185 quapropter
1072 1104 1133 1165 flde

211 1187 362 1246 historica
390 1197 421 1247 et
451 1206 542 1266 quam
571 1189 796 1268 simplicissime
825 1187 996 1248 subnotatis
1029 1190 1133 1268 capiti·

211 1268 269 1329 bus
292 1268 525 1349 disceptationis
538 1290 639 1350 agam,
663 1281 695 1329 ut
716 1270 881 1350 intelligas,
904 1271 975 1348 quid
999 1270 1037 1329 de
1060 1290 1130 1349 quo-

210 1369 273 1429 que
297 1359 528 1412 controversum
550 1356 598 1412 sit.

295 1434 400 1512 Atque
433 1441 466 1494 ut
496 1435 568 1495 inde
595 1432 707 1518 ὥσπερ
741 1430 809 1497 ἀπὸ
839 1440 986 1519 γραμμῆς
1020 1436 1130 1509 ordiar,

209 1517 373 1595 superiore
394 1536 476 1577 anno
500 1521 678 1595 sententias,
702 1537 778 1597 quas
800 1517 948 1578 Lutherus
969 1519 1008 1579 de
1031 1517 1132 1578 lndul·

208 1599 327 1678 gentiis
338 1601 499 1678 proposuit
515 1600 725 1681 disputandos,
747 1601 858 1660 Eccius
881 1601 978 1663 obelis
1002 1603 1131 1679 notavit,

208 1682 432 1741 amarulentius
460 1689 508 1742 est
529 1685 691 1763 scriptum,
732 1701 821 1762 quam
855 1689 888 1742 ut
913 1684 985 1743 binc
1016 1684 1131 1763 aliquid

207 1764 377 1842 proferam.
427 1765 475 1824 lilx
506 1765 566 1826 illis
597 1765 718 1826 revellit
753 1765 872 1844 aliquot
898 1766 1130 1827 Carolostadius

208 1850 239 1905 in
266 1846 525 1908 Conclusiouibus
548 1849 627 1926 suis,
650 1867 730 1927 qnae
752 1855 891 1925 exstant,
916 1848 1129 1909 Carolostadio

209 1929 374 2009 respondit
394 1930 504 1990 Ecoius
526 1949 581 2009 per
597 1931 794 2011 Apologiam,
816 1933 845 1989 in
869 1949 929 2009 qua
949 1932 1010 1991 iam
1033 1932 1129 2011 plera-

209 2030 272 2090 que
297 2013 398 2072 mitius
428 2032 519 2092 quam
541 2021 613 2074 ante
634 2016 665 2073 in
688 2013 795 2074 obelis.
838 2013 1023 2093 Apologiam
1046 2014 1128 2074 edito

210 2094 318 2154 libello
344 2095 573 2156 Oarolostsdius
603 2097 785 2173 confutavit,
822 2096 920 2176 longa,
944 2104 990 2156 est
1010 2098 1128 2172 iniuria,

209 2177 327 2258 longae
361 2178 523 2259 ambages,
561 2177 678 2260 placuit
706 2179 745 2239 ad
767 2198 935 2256 summum,
973 2189 1005 2238 ut
1026 2188 1130 2240 cetera

210 2271 421 2339 praeteream,
457 2261 627 2341 disputare,
661 2261 727 2322 dies
758 2260 856 2321 dictus
891 2270 947 2322 est.
991 2261 1126 2341 Lipsiam

211 2344 341 2402 veniunt
361 2344 513 2405 lohannes
543 2343 652 2404 Eccius
681 2344 949 2425 lngolstadiensis,
988 2344 1127 2406 Andreas

210 2425 445 2486 Oarolostadius
485 2433 516 2487 et
538 2427 685 2488 Martinus
717 2428 864 2488 Lutberus
887 2427 1128 2506 Vuitenbergen·

210 2527 272 2569 ses.
315 2508 428 2569 Rerum
461 2529 580 2570 summa
614 2511 644 2572 in
677 2510 894 2571 conclusiones
921 2517 1030 2570 coacta
1062 2519 1128 2569 erat
1159 2536 1211 2577 a„

209 2590 369 2670 pauculas,
391 2611 451 2670 quo
474 2595 586 2653 certius
608 2592 639 2652 id
661 2600 900 2673 proponeretur,
923 2591 1044 2671 dequo
1067 2592 1125 2652 dis·
1170 2588 1196 2649 Ῐ’“

211 2674 381 2752 putandum
403 2683 494 2736 esset
538 2675 618 2736 Satis
641 2677 752 2755 opinor
779 2681 921 2735 constare
949 2676 1020 2753 tibi,
1054 2674 1127 2754 quid

210 2755 249 2816 de
272 2756 498 2837 disceptatione
521 2759 713 2835 convenerit,
738 2757 897 2834 videlicet,
934 2764 966 2816 nt
986 2765 1127 2837 ageretur

210 2857 306 2899 causa
342 2841 564 2919 excipientibus
605 2841 748 2917 notariis,
792 2847 884 2918 atque
916 2839 947 2899 id
981 2841 1125 2920 scriptum

209 2922 426 3002 evulgaretur,
470 2932 613 3003 essetque
652 2923 797 2983 indicium
840 2942 935 3002 penes
978 2923 1125 3002 optimum

210 3023 375 3085 quemque.

294 3089 426 3150 Primum
457 3090 566 3150 Eccius
599 3098 742 3151 causatus
777 3093 825 3149 est
857 3087 939 3167 apud
968 3105 1038 3161 eos,
1075 3087 1127 3165 qui

209 3171 365 3250 designati
394 3179 482 3232 erant
516 3172 554 3233 ab
589 3172 793 3233 illustrissimo
817 3171 958 3249 Principe
990 3167 1125 3248 Georgia

209 3254 368 3316 Senoniae
389 3255 490 3332 Duce,
515 3256 694 3317 Maecenate
723 3255 922 3314 bumanorum
946 3250 1126 3326 studiorum,
1166 3251 1174 3262 ‘

209 3337 358 3417 praefecti
396 3337 626 3417 disputationis,
668 3348 776 3398 contra
809 3355 899 3414 quam
936 3332 1125 3408 condixerat,

210 3419 307 3480 videri
329 3421 386 3481 sibi
410 3441 449 3480 ex
470 3423 535 3481 iura
552 3421 770 3500 disputantium
793 3437 871 3496 esse,
893 3436 933 3477 ne
954 3415 1126 3491 dictaretur,

208 3503 392 3584 gliscentem
424 3522 529 3563 eorum
553 3506 630 3580 vim,
664 3505 715 3582 qui
744 3499 984 3582 congrediuntur
1009 3517 1125 3577 pugna·

181 3626 184 3637 ·
209 3589 278 3664 turi,
301 3589 414 3646 sensim
437 3605 492 3666 per
513 3587 585 3666 styli
608 3605 723 3645 moram
747 3585 914 3658 delervere,
935 3582 1051 3660 impetu
1073 3600 1126 3640 au·

208 3671 276 3749 geri
298 3668 428 3744 animos,
451 3668 606 3730 contando
629 3668 795 3729 labascere.
831 3663 863 3724 ld
885 3683 945 3743 ego
958 3664 1063 3723 nescio
1085 3682 1125 3724 an

204 3773 223 3809 e
243 3749 440 3828 simplicitate
463 3752 644 3834 theologica
656 3751 756 3814 videri
777 3748 890 3834 possit,
907 3745 1054 3807 uuluam
1067 3754 1139 3804 tam

187 3832 415 3906 praestandum
439 3843 496 3916 ast,
522 3856 621 3919 quam
642 3845 681 3902 ut
695 3858 738 3901 ne
764 3835 843 3920 quid
860 3834 1004 3913 impetu,
1016 3845 1065 3886 nc
1083 3822 1163 3900 qma

207 3931 303 3971 naam
319 3945 373 3984 orn.
392 3939 417 3978 v.
432 3943 461 3980 n.
476 3943 509 3982 aa
525 3946 569 3986 rer.
586 3948 641 3990 aaa
658 3950 677 3991 ι.
694 3961 718 4000 ρ.
733 3950 792 3992 vor.
804 3950 855 3991 ιιι.
1004 3910 1055 3974 Ἃ
1200 3944 1221 4019 ‚q
