2709 4417
259 356 324 422 424
509 357 553 412 ΙΙΙ.
589 356 696 412 condo
715 354 749 409 ds
768 355 946 410 uonioesions

345 544 477 604 Possunt
508 549 610 604 sutem
632 543 686 603 illa
708 543 752 602 sic
774 541 924 603 discerni:
957 541 1030 603 Duo
1051 551 1166 602 vestrum

261 628 452 698 convenitis,
491 636 521 685 tn
555 645 661 686 narras
695 626 794 704 prior,
833 625 886 686 ille
921 625 1002 686 alter
1034 626 1169 703 posterior

262 710 403 789 loquitur.
447 708 515 769 Non
540 709 630 788 igitur
651 707 816 768 admodum
840 707 994 769 sollicitus
1013 708 1055 767 sis
1077 707 1112 768 de
1132 729 1170 772 eo,

263 792 345 870 quod
369 799 398 851 tu
422 792 509 867 (licis,
532 791 585 850 sed
609 793 707 850 maior
729 809 802 850 cura
823 792 864 850 sit
884 789 925 850 de
948 791 1005 867 iis,
1035 809 1112 867 quae
1131 811 1171 850 au·

263 874 309 934 dis
332 873 370 934 ab
393 874 447 934 illo
470 874 577 947 altero,
601 874 651 952 qui
674 874 886 932 remissionem
911 881 1110 952 peecatorum
1126 873 1171 933 Dei

263 958 388 1016 nomine
410 956 462 1016 tibi
486 959 660 1016 annunciat.

344 1038 451 1118 Neque
475 1039 600 1098 multum
624 1039 730 1109 refert.v
754 1040 818 1098 sive
840 1041 866 1097 is
889 1038 929 1097 sit
952 1038 1112 1110 saccerdos¹¹
1132 1053 1171 1097 eut

262 1121 400 1200 publicus
424 1121 573 1180 ecclesiae
597 1121 742 1197 minister,
764 1122 829 1179 sive
851 1121 930 1179 nlius
954 1121 1081 1198 quidam
1104 1120 1173 1180 chri·

263 1205 387 1263 stianus.
432 1204 506 1262 Nam
532 1205 674 1279 verbum,
707 1202 790 1281 qnod
814 1203 967 1281 loquitur,
1002 1222 1067 1262 non
1090 1222 1173 1277 suum,

263 1285 317 1345 sed
339 1287 395 1345 Dei
419 1296 479 1362 cst,
515 1291 547 1346 et
568 1287 650 1345 Deus
685 1304 746 1345 non
778 1286 903 1344 minoris
934 1285 1011 1344 illud
1036 1286 1172 1361 {aestimet¹

262 1386 352 1446 quam
375 1369 398 1427 si
421 1369 487 1448 ipse
510 1382 607 1427 tecum
632 1370 751 1427 locutus
773 1368 893 1445 fuisset,
917 1367 1000 1427 adeo
1024 1370 1055 1426 in
1081 1388 1173 1426 omnes
1196 1396 1203 1413 ·

261 1451 392 1530 angulos
417 1451 551 1509 divinum
574 1470 661 1510 suum
686 1449 810 1510 verbum
834 1449 917 1509 Deus
942 1451 1067 1528 sparsit.
1110 1450 1171 1509 Cum

262 1551 336 1611 ergo
365 1532 475 1610 ubique
501 1533 626 1593 verbum
648 1534 705 1592 Dei
727 1533 816 1592 nobis
846 1534 886 1590 sit
907 1534 1103 1611 expositum„
1133 1533 1171 1591 dr-

263 1613 369 1674 bemus
392 1635 459 1674 oum
482 1618 645 1694 gratiarum
669 1616 790 1674 actione
820 1614 893 1673 illud
926 1616 1090 1693 amplecti,
1122 1634 1169 1674 nun

262 1705 459 1757 contemnere
480 1705 531 1757 aut
554 1698 719 1777 negligere.

345 1781 519 1853 Praeterea,
560 1779 817 1860 quemadmodum
855 1790 1101 1854 sacramentum,
1136 1783 1168 1839 ila

261 1861 335 1920 illud
365 1862 505 1935 verbum,
539 1863 619 1940 quod
648 1882 686 1922 ex
714 1863 873 1920 sacerdote
901 1862 1006 1937 audis,
1041 1881 1102 1921 uon
1123 1865 1168 1921 uisi

260 1943 298 2003 ad
333 1952 414 2003 tuam
455 1964 616 2023 personum
653 1944 786 2003 refertur.
842 1943 875 2002 In
911 1944 1044 2023 publicio
1082 1957 1167 2003 autem

262 2027 463 2085 concionibus
486 2029 514 2085 iu
536 2029 643 2107 vulgus
667 2027 770 2085 evolat
793 2027 967 2105 promissio
991 2038 1024 2084 et
1044 2029 1166 2104 quamvis

261 2107 300 2167 ad
323 2115 353 2167 te
376 2128 497 2187 (querque
521 2112 686 2188 pertineat
725 2119 912 2168 nontamen
951 2111 993 2168 itu
1022 2113 1166 2168 certusde

263 2209 390 2249 coesse
414 2200 512 2270 potes,
559 2193 671 2252 Verum
694 2193 740 2251 irie
763 2190 792 2250 id
815 2192 844 2250 iu
869 2191 1068 2250 confessione
1088 2192 1122 2250 sd
1142 2202 1164 2250 te

262 2291 352 2331 unum
387 2273 509 2349 dicium,
544 2285 575 2333 ιιι
612 2295 734 2354 prorsus
769 2274 840 2332 nihil
875 2275 913 2332 de
944 2274 1165 2334 voluntatellri

261 2375 333 2434 erga
371 2372 399 2414 te
422 2357 550 2416 dubites.
597 2356 657 2416 lam
684 2358 797 2435 siquis
826 2363 907 2415 esset
930 2359 960 2414 iu
985 2357 1061 2415 orbe
1083 2358 1163 2418 iosus,

261 2438 289 2494 in
313 2456 373 2514 quo
398 2438 534 2498 Christus
557 2442 622 2518 ipse
646 2448 746 2498 tecum
770 2438 860 2497 vellet
886 2440 980 2516 loqui,
1002 2440 1065 2498 imo
1087 2459 1162 2518 auge·

263 2519 307 2576 lus
339 2520 480 2598 qiidam}
516 2542 577 2580 uon
600 2521 752 2594 Christus,
787 2541 825 2580 an
859 2540 919 2580 nou
952 2521 990 2579 ad
1025 2529 1163 2580 extremos

260 2619 355 2679 usque
380 2604 482 2662 mundi
504 2604 633 2682 angulos
657 2604 809 2678 eurr-reres,
832 2612 864 2661 ut
885 2602 991 2662 cudire
1013 2605 1163 2662 coelestem
1213 2618 1214 2633 ι

260 2703 366 2742 vocem
390 2688 511 2764 possis?

343 2766 428 2840 Quies
452 2787 525 2846 ergo
549 2777 595 2826 est
617 2769 667 2826 ilia
692 2770 831 2842 irriseris,
866 2787 944 2846 quae
968 2767 1020 2826 illa
1041 2768 1164 2838 stultitia,

259 2866 337 2925 quae
360 2849 565 2929 ingratitudo?
598 2864 625 2908 ιιι
651 2850 725 2917 lice,
751 2849 832 2935 quod
857 2849 944 2909 nobis
969 2849 1091 2924 dicitur,
1112 2870 1163 2908 nun

259 2930 439 2990 audiamus?
473 2933 627 3011 Scriptura
650 2940 778 2992 testatur
801 2932 897 2991 Deum
922 2951 976 3011 per
998 2951 1055 2990 nos
1078 2942 1163 2990 tecum

259 3012 356 3090 loqui,
389 3034 487 3093 neque
523 3017 619 3073 minus
642 3017 672 3073 in
698 3015 809 3074 nostris
833 3013 932 3073 verbis
955 3014 1076 3093 pondus
1098 3033 1164 3078 esse,

258 3115 346 3173 quam
370 3098 394 3155 si
416 3099 481 3174 ipse
504 3116 650 3176 praesens
681 3098 833 3176 praesenti
863 3098 1053 3174 loqueretur,
1083 3104 1112 3156 et
1131 3108 1164 3155 tu·

258 3197 325 3236 men
352 3180 522 3260 negligitur.

340 3261 389 3320 Sic
423 3265 512 3321 enim·
531 3262 668 3321 Christus
700 3262 772 3321 [licit
800 3261 905 3321 Matth.
934 3265 987 3324 is:
1022 3262 1083 3322 Ubi
1113 3262 1165 3320 duo

259 3342 389 3402 veltres
414 3346 592 3424 corrgregati
622 3354 692 3403 sunt
723 3347 750 3404 in
775 3345 898 3403 nomine
921 3363 1008 3420 mee,
1044 3344 1084 3404 ibi
1109 3363 1165 3404 snm

257 3425 284 3481 in
310 3426 411 3486 medio
445 3445 559 3486 eorum.
606 3429 677 3485 item
702 3427 806 3488 lohan.
830 3431 884 3492 20:
918 3426 1167 3506 Qnorunrcunqne

256 3509 430 3568 minisei-itis
453 3521 597 3589 peccata.
629 3511 822 3569 remittuntur
844 3512 901 3586 eis,
924 3528 1167 3589 quorumcunque

256 3591 452 3670 retinueritis²
476 3600 592 3652 retenta
617 3600 696 3651 sunt.
740 3592 791 3652 Sic
813 3592 898 3652 Deus
919 3594 988 3671 ipse
1008 3592 1167 3653 absolutio·

255 3689 323 3729 nem
353 3674 383 3731 iu
408 3675 601 3735 confessione
630 3674 717 3748 disis,
760 3674 1019 3753 quemadmodum
1054 3694 1167 3754 quoqne

251 3752 401 3818 infantem
423 3758 492 3840 ipse
515 3757 619 3835 ὓειιεἼ
643 3775 711 3816 non
731 3754 1073 3830 sacerdosqlnaqt'xuat„
1085 3767 1119 3814 et
1132 3765 1169 3813 ta-

243 3860 318 3904 men
343 3841 492 3907 dicemus
514 3863 577 3905 nos
603 3837 812 3904 contessione
830 3851 901 3890 nou
912 3832 1039 3888 manere
1058 3832 1158 3902 aqum
