2709 4417
446 350 602 403 clocariis
620 353 746 419 excepta.
829 366 833 375 ·
1012 346 1075 414 141
1115 431 1118 436 Ι

187 521 268 581 true,
289 503 369 565 haec
388 509 506 582 metet,
533 508 564 565 et
584 502 659 564 illud
681 503 792 591 lohan.
815 504 851 568 9:
888 503 982 563 Venit
1001 522 1074 577 nox,

186 584 278 646 raudo
301 605 394 647 nemo
418 588 531 667 poterit
553 587 690 666 operari,
724 586 807 665 quod
829 585 1009 646 Ambrosius
1037 585 1075 663 de

187 670 325 729 assentis
350 671 498 750 temporis
531 671 593 730 vita
616 671 760 750 exponit,
795 669 951 749 quomodo
981 688 1076 729 mere-

188 772 230 830 ιιι,
252 752 370 812 clarum
393 762 451 832 est,
473 753 553 833 quod
576 753 651 812 nihil
672 753 745 813 t'acit
767 754 798 828 ¹)
822 753 861 812 ad
883 771 957 812 rem.
993 753 1076 831 Apo-

187 835 252 895 olus
275 837 359 895 enim
381 855 444 896 non
466 835 505 896 dc
526 836 719 920 purgatorio,
740 834 794 909 sed
813 835 851 896 de
873 845 1011 896 extremo
1034 836 1076 893 iu·

189 919 233 978 cio
248 917 395 998 loquitur.
417 918 459 978 Et
466 919 603 979 Christus
615 939 671 998 per
681 925 805 980 noctem
818 919 905 978 salva
915 927 1017 979 tamen
1031 938 1076 977 re·

187 1002 292 1061 nentia
303 1001 517 1082 chrysostomi
529 1002 671 1085 intelligit
682 1001 903 1079 infidelitatem,
916 1008 949 1060 ut
962 1000 1075 1061 clarum

187 1090 204 1144 a
222 1103 262 1144 cx
283 1087 426 1164 proximo
449 1092 544 1164 textu,
565 1084 710 1164 quamdiu
732 1105 790 1166 ego
809 1087 839 1145 in
862 1084 976 1144 mundo
1000 1104 1076 1161 sum,

187 1186 216 1226 ιιι
239 1167 291 1227 diu
312 1166 366 1227 lux
389 1187 454 1228 sum
477 1167 581 1228 mundi
604 1168 730 1246 volens,
761 1166 843 1248 quod
871 1176 959 1227 extra
984 1166 1075 1227 fidem

187 1249 266 1310 luisti
293 1270 385 1311 nemo
407 1252 507 1332 possit
526 1250 606 1313 benc
628 1253 759 1333 operari,
781 1259 884 1312 tamen
897 1251 1077 1331 chrysosto-

187 1352 237 1393 nm
268 1331 417 1414 admitto,
452 1335 524 1413 quia
562 1336 688 1415 respicit
719 1334 759 1394 ad
792 1341 961 1395 extremum
1002 1333 1078 1393 iudi·

187 1435 244 1478 um.
1114 1432 1117 1437 ·

239 1499 397 1560 Antorita's
412 1498 492 1560 Psal.
505 1503 579 1565 104:
603 1500 708 1560 Exivit
729 1500 824 1560 homo
837 1499 876 1559 ad
889 1519 967 1580 opus
990 1517 1076 1558 suum

187 1599 251 1660 tque
273 1581 313 1642 ad
325 1601 497 1662 vesperam,
519 1585 702 1662 permittitur
716 1583 793 1643 trahi
805 1581 966 1663 figurativo
984 1602 1077 1641 sensu

187 1663 311 1725 lvitam
334 1672 365 1725 et
388 1674 517 1727 mortem
539 1667 692 1744 hominis,
730 1665 782 1726 sed
816 1667 950 1747 genuino
975 1685 1076 1744 sensu,

187 1750 256 1827 :qui
277 1757 396 1828 pugnet
417 1750 448 1809 in
461 1751 671 1827 contentione,
695 1749 831 1828 loquitur
852 1749 891 1809 de
907 1747 1076 1809 admirabili

187 1832 358 1910 inpositione
390 1833 461 1910 Dei,
495 1831 577 1911 quod
613 1833 769 1893 hominem
806 1833 850 1891 ita
882 1832 1076 1912 disposuerit,

187 1913 241 1974 uod
257 1914 354 1974 homo
377 1904 481 1976 exeat'
491 1914 528 1974 ad
552 1913 579 1997 ²)
604 1935 764 1995 vesperam
787 1915 846 1974 diei
870 1915 1016 1974 naturalis
1038 1913 1076 1974 ad

187 1998 352 2093 parationes
374 2017 455 2058 suas.
477 1998 516 2058 Et
526 1996 716 2078 Augustinus
725 2006 808 2059 recte
829 1999 927 2058 scrisit
937 1999 1038 2078 capite
1048 1997 1077 2061 3.

187 2078 276 2140 tfide
298 2080 339 2140 ad
362 2081 500 2158 Petrum,
523 2089 643 2161 tempus
665 2079 843 2161 acquirendi
866 2083 958 2143 vitam
981 2089 1077 2140 aeter·

187 2181 224 2220 un
246 2183 317 2224 esse
326 2163 431 2223 datum
444 2163 628 2242 homiuibus,
651 2172 754 2225 tamen
776 2165 806 2224 in
830 2165 889 2224 ista
910 2166 983 2242 vita,
1005 2166 1078 2242 quia

187 2242 288 2324 ;dixi,
326 2248 448 2325 semper
468 2247 508 2306 ad
529 2248 659 2308 futuram
681 2250 775 2308 vitam
798 2248 981 2327 respiciunt,
1011 2266 1075 2307 nou

187 2327 435 2409 lpurgatorium.

234 2412 276 2472 Et
304 2412 510 2493 Hieronymus
543 2432 634 2492 super
662 2412 763 2472 Galat.
793 2416 829 2477 6:
865 2413 1081 2491 Unusquisque

187 2495 290 2555 trtabit
311 2515 390 2555 onus
413 2515 500 2556 suum
524 2503 581 2556 etc.
605 2496 684 2556 bene
706 2495 853 2571 ostendit,
876 2495 959 2575 quod
980 2495 1079 2554 homi·

187 2596 208 2637 ts
241 2580 358 2639 meritis
387 2580 449 2640 suis
477 2580 677 2653 iuventurin
706 2578 764 2638 hac
785 2580 860 2656 vita,
893 2578 947 2638 sed
977 2579 1079 2639 vocati

187 2668 227 2720 rte
248 2662 391 2742 tribunal,
414 2662 497 2741 quod
519 2661 553 2721 fit
574 2663 605 2721 in
628 2669 737 2739 morto,
759 2670 832 2722 tuuc
852 2681 910 2722 nec
932 2661 1002 2740 lob,
1023 2680 1081 2721 uec

187 2744 263 2803 aniel
298 2754 429 2825 possunt
462 2752 543 2805 stare
583 2765 638 2825 pro
674 2763 838 2823 quoquam.
882 2744 1082 2823 Respondeo,

187 2825 238 2886 rod
263 2830 416 2889 autoritas
438 2834 484 2888 est
505 2828 717 2890 robustissima
739 2838 847 2889 contra
868 2828 1024 2908 egregium
1042 2825 1079 2887 D.

187 2954 209 2986 .,
237 2911 309 2988 quia
336 2914 363 2971 si
385 2931 491 2972 verum
518 2920 581 2988 est,
613 2911 768 2970 hominem
796 2913 828 2971 in
855 2918 954 2971 morte
976 2911 1079 2971 vocari

187 3000 229 3052 rte
251 2993 401 3073 tribunal,
423 3002 454 3053 et
474 3002 547 3054 tunc
562 3013 624 3054 nec
644 2995 723 3070 lob,
750 3014 808 3053 nec
826 2994 935 3054 Daniel
952 3000 1082 3073 possunt

187 3093 249 3153 are,
271 3076 382 3138 frustra
404 3085 472 3138 orat
492 3077 624 3138 ecclesia
645 3097 701 3156 pro
724 3079 860 3138 mortuis.
892 3077 932 3137 Et
963 3078 1009 3137 sic
1029 3095 1081 3136 ue·

187 3164 247 3219 ntur
267 3162 487 3240 purgatorium.
510 3162 612 3234 Quare
634 3161 673 3219 dc
696 3159 837 3220 tribunali
848 3161 1015 3220 novissimo
1038 3160 1081 3219 lo·

187 3242 260 3318 uitur
279 3243 495 3323 Hieronymus,
518 3251 590 3323 post
611 3242 729 3303 finitum
751 3245 968 3324 purgatorium.

243 3326 429 3386 Bernardum
464 3327 553 3386 etiam
588 3325 722 3401 induxit,
766 3326 850 3405 quod
882 3328 913 3386 iu
949 3326 1080 3385 hominis

187 3415 259 3469 rorte
279 3416 388 3490 agatur
408 3409 591 3489 particulare
613 3409 773 3488 iudicium,
797 3409 880 3488 quod
899 3427 962 3468 non
984 3408 1080 3485 fieret,

187 3489 341 3553 titubaret
370 3494 533 3552 terminum
561 3492 662 3553 adbuc
693 3493 839 3554 merendi.
875 3490 1079 3571 Respondeo:

203 3664 326 3675 —-—-....
336 3666 477 3674 ..Q—u-—n
483 3667 530 3673 ---
541 3667 547 3672 .
559 3666 604 3672 ...-

187 3767 239 3892 qn?
246 3767 285 3882 0!ss
302 3767 344 3817 cd.
355 3767 418 3819 Jau.
445 3773 475 3821 ot
495 3768 727 3836 apud,Loasch.:
759 3766 856 3823 iaciat.
908 3763 945 3836 ‘tt
962 3761 1091 3819 tudem:
