2709 4417
406 341 470 395 suis
482 341 589 409 Lipsiae
607 330 755 409 disputati
773 355 799 394 s.
818 338 890 401 XIX·
1044 332 1107 403 279

271 527 390 593 Horror
409 535 457 589 cst
477 527 652 607 intendere,
686 547 776 609 quam
808 530 906 609 ignari
934 528 994 588 sint
1016 528 1107 591 etiam

194 611 345 693 theologi,
367 610 478 675 nedum
500 611 623 692 populi,
650 613 681 672 in
705 613 881 692 cognitione
903 609 992 685 lidei,
1015 628 1106 689 quam

194 693 387 775 profitentur:
411 694 489 755 adco
512 694 644 755 ecclesia
664 695 784 774 repleta
805 704 853 755 est
874 695 1018 755 iactantia
1036 712 1108 773 ope·

194 797 255 838 rum
289 785 501 854 externorum,
534 786 568 837 ut
589 777 727 838 Christus
760 777 798 838 dc
833 785 937 838 nostro
970 784 1108 854 ternpore

196 860 307 920 dixisse
324 859 477 920 videatur:
500 860 592 927 Filius
614 861 747 921 hominis
770 879 837 920 cum
860 861 986 933 venerit,
1010 869 1108 936 putas,

195 944 328 1003 inveniet
346 941 438 1003 fidem
450 945 480 1002 in
504 942 604 1003 terra?
626 944 773 1019 Breviter,
796 963 862 1002 cunr
875 943 951 1002 fides
974 944 1110 1001 sitrecte

197 1033 226 1086 ct
256 1026 339 1087 benc
372 1027 477 1106 opinio
507 1025 546 1085 dc
567 1026 651 1104 Deo,
686 1028 789 1106 opinio
823 1035 925 1087 sutem
954 1024 1110 1104 quaelibet

197 1128 248 1189 per
282 1128 317 1169 sc
346 1109 443 1171 sclam
474 1109 629 1170 hominem
662 1110 754 1169 trahit
780 1110 810 1168 in
834 1129 942 1188 opera,
979 1113 1111 1167 nonest

199 1189 409 1262 dubitandum,
447 1192 519 1270 quin
550 1194 652 1253 omnia
682 1211 778 1272 opera
799 1192 924 1269 faciat,=
945 1192 996 1269 qui
1018 1188 1108 1249 tidem
1136 1196 1144 1224 ⁸

199 1272 342 1334 habuerit.
386 1274 417 1335 Si
449 1275 529 1333 enirn
563 1276 666 1354 opinio
698 1282 729 1334 et
756 1294 843 1335 amor
875 1274 1007 1334 mulieris
1047 1290 1109 1332 non

201 1358 264 1417 sinit
285 1375 358 1417 esse
380 1357 528 1434 otiosum,
557 1356 610 1417 sed
639 1358 707 1419 sine
729 1358 798 1437 lege
820 1364 851 1417 et
871 1357 1017 1435 magistro
1039 1355 1112 1414 lacit

201 1439 297 1519 plura,
319 1458 411 1518 quum
433 1439 619 1519 postuletur:
653 1439 809 1519 quomodo
832 1458 894 1499 non
916 1438 992 1499 fides
1016 1437 1110 1497 multo

203 1522 291 1602 magis
314 1521 396 1581 idem
418 1521 573 1601 praestet?
616 1522 746 1581 Mundus
774 1524 888 1601 regitur
917 1521 991 1582 solis
1014 1521 1109 1600 opini-

205 1603 322 1682 onibus,
355 1613 386 1664 et
409 1604 488 1664 sola·
511 1603 572 1663 lide
601 1624 663 1665 non
692 1607 790 1683 possit
808 1606 873 1684 regi
900 1601 1111 1663 Christianus?

202 1687 334 1765 lienique
357 1689 424 1766 quis
438 1686 529 1747 docet
550 1687 706 1767 sophistas
729 1687 894 1768 theologos
907 1694 953 1746 tot
974 1694 1005 1746 et
1027 1692 1112 1745 tante
1161 1678 1165 1692 '

204 1769 312 1845 iecere,
336 1771 413 1849 pati,
437 1771 589 1849 cogitare,
613 1772 708 1829 vitare
730 1790 785 1849 pro
809 1769 1003 1849 opinionibus
1026 1766 1109 1828 suis?
1152 1799 1156 1807 ·

204 1851 304 1912 Nonne
328 1851 530 1913 solanffectio
545 1853 701 1932 opinionis
716 1852 811 1912 succ?
833 1851 893 1913 Sed
917 1852 992 1911 alias
1015 1846 1110 1931 plura.

274 1934 397 1995 Tertius
419 1935 724 2013 errorirnpiissimus,
747 1934 829 2014 quod
852 1935 943 1995 tidem
960 1952 1020 1993 non
1045 1933 1112 1992 tolli

204 2016 333 2097 quolibet
344 2018 470 2078 crimine
491 2015 579 2093 dicit,
603 2036 670 2077 curn
693 2018 769 2077 tides
792 2019 831 2078 sit
846 2018 976 2093 institia,
998 2017 1113 2077 crimen

204 2106 295 2160 sutem
332 2101 516 2160 contrarium
549 2101 705 2161 iniustitia.
750 2101 790 2161 At
814 2102 895 2175 scio,
926 2100 1007 2178 quod
1040 2096 1112 2159 inihi
1133 2154 1146 2179 ἣ

203 2190 403 2243 commentum
437 2182 476 2243 de
504 2181 564 2243 lide
597 2183 698 2242 infusa
731 2191 762 2242 et
795 2184 945 2261 acquisita
980 2180 1112 2242 obiiciat.

202 2263 255 2325 ded
277 2263 415 2343 nunquid
436 2265 498 2324 hoc
519 2274 566 2324 est
588 2265 660 2326 boni
683 2266 748 2340 viri,
772 2265 881 2325 nedurn
907 2265 1044 2343 theologi
1067 2263 1112 2323 ol*

200 2344 317 2425 ficium,
351 2348 430 2407 scire
459 2347 586 2407 alicuius
617 2349 861 2427 propositionem
895 2366 963 2406 esse
1000 2364 1113 2421 veram,

200 2436 353 2491 ettamen
376 2429 469 2489 alium
485 2449 609 2489 sensum
632 2449 789 2509 quaerere,
812 2449 872 2508 quc
895 2428 1024 2489 eandem
1046 2447 1113 2508 gar-

196 2513 255 2573 rias
278 2531 350 2573 esse
371 2512 498 2587 falsam,
521 2519 552 2572 ct
572 2513 676 2572 ita“nd
699 2532 827 2585 vocem,
850 2521 880 2572 et
902 2511 1043 2571 vocabuli
1063 2528 1115 2571 ae·
1206 2559 1221 2573 ,

197 2594 449 2674 quivocationem
473 2595 632 2655 veritatem
651 2595 866 2655 calumnieris?
890 2614 979 2673 quam
1003 2594 1115 2653 eximia

193 2696 271 2739 vcro
304 2676 464 2757 theologie
493 2676 570 2739 haec
603 2685 663 2755 cst,
688 2685 720 2737 ut
740 2677 834 2738 hanc:
871 2677 962 2737 Canis
985 2684 1032 2735 est
1053 2676 1115 2735 ani·

195 2759 258 2821 mal
280 2759 432 2837 latrabile,
455 2777 616 2839 oppugnes
632 2767 663 2819 et
685 2758 786 2819 dicas:
815 2760 939 2835 Contra,
962 2760 1045 2819 conis
1069 2766 1130 2820 est'

194 2842 282 2902 sidus
305 2841 462 2917 coeleste,
485 2861 553 2901 curn
577 2844 655 2917 scias
677 2843 845 2902 certissime
871 2861 977 2902 canem
1001 2840 1039 2902 ab
1061 2839 1115 2903 illo

195 2924 287 2987 aliter
310 2932 489 3003 acceptum,
510 2944 600 3003 quem
623 2923 677 2986 abs
700 2932 740 2987 te.

280 3007 345 3068 Ista
370 3006 539 3085 sophistica
567 3015 598 3067 et
619 3006 741 3069 odibilis
764 3006 946 3087 duplicitas,
978 3025 1031 3065 seu
1054 3018 1129 3066 rec·

198 3091 258 3151 tius
281 3089 501 3169 multiplicitas,
524 3091 571 3150 cui
595 3109 657 3150 non
681 3089 792 3151 odiosa
813 3092 852 3149 sit
873 3092 903 3148 in
921 3089 1044 3162 Proteo,
1067 3107 1117 3149 ne·

199 3172 271 3233 dum
299 3173 331 3232 in
366 3170 537 3253 theologo?
588 3172 700 3232 Verum
734 3170 857 3249 quando
886 3170 996 3231 Eccins
1030 3170 1117 3230 titulo

199 3253 338 3334 praefixo
370 3262 479 3314 contra
507 3275 619 3316 novam
649 3254 819 3316 doctrinam
843 3254 998 3333 disputare
1021 3273 1053 3311 se
1076 3250 1117 3312 di-

200 3339 254 3399 cit:
288 3336 430 3417 intelligo
453 3356 521 3397 cum
544 3357 600 3419 pro
622 3338 816 3419 simplicitate
850 3336 1024 3415 theologica
1055 3354 1117 3395 non

202 3418 240 3481 de'
260 3420 324 3481 alic
344 3418 407 3479 tide
434 3419 533 3498 loqui,
567 3439 657 3499 quam
686 3439 746 3499 ego
773 3420 916 3498 loquutus
938 3438 1020 3478 suni:
1043 3417 1116 3477 clio·

202 3505 337 3583 quinon
361 3511 469 3562 contra
491 3522 590 3562 msam
613 3522 726 3563 novam
748 3503 917 3562 doctrinam
934 3501 1118 3578 loqueretur,

204 3594 233 3646 ct
259 3586 366 3647 titulus
399 3587 586 3647 mentiretur.
629 3584 704 3647 ldeo
736 3584 823 3657 dico,
856 3583 938 3664 quod
967 3602 1021 3642 sua
1044 3582 1121 3643 hcec

205 3670 358 3729 contraria
378 3669 549 3748 propositio
574 3669 613 3727 sit
635 3668 787 3739 omnium,
817 3686 892 3745 quas
914 3665 1041 3724 viderim
1065 3685 1117 3724 un·

205 3770 303 3829 quem,
324 3751 567 3811 haereticissima
588 3759 619 3811 et
639 3751 840 3833 impiissima,
868 3758 903 3811 ut
930 3767 1010 3830 quas
1029 3746 1125 3809 iidem

191 3831 290 3890 solam
309 3829 554 3894 iustificatricem
579 3841 693 3898 contra
717 3836 851 3900 Paulum
875 3832 1084 3920 apostolum,
1112 3837 1148 3890 st
