2709 4417
223 342 288 410 236
453 346 548 401 llosol.
565 346 598 400 L.
616 361 700 414 super
718 346 904 414 Proposition.

226 553 305 613 quaa
342 553 474 612 unquam
506 533 652 595 dixissem
690 533 872 596 calumniari
915 540 948 594 et
984 533 1111 600 traducem
1181 555 1184 559 ·

228 618 411 681 conabatur.

281 700 440 761 ·Proiude
477 701 591 767 miror,
626 698 698 777 quid
726 717 808 758 nunc
843 699 951 759 dicturi
976 699 1116 781 factorique

228 785 291 844 sint
311 785 430 843 Fratres
454 784 517 858 illi,
551 782 602 860 qui
624 801 673 841 me
697 782 810 861 passim
832 782 915 862 apud
938 783 1118 862 Principeset

228 867 341 945 ubique
362 877 508 926 terrarum
530 865 736 938 haereticum,
764 874 796 923 et
817 867 923 926 nescio
955 876 1028 943 quot
1048 871 1119 928 noni·

227 949 316 1010 nibus
330 951 481 1009 criminati
495 954 574 1024 sunt,
595 954 723 1027 propter
743 946 960 1028 indulgentias,
982 955 1043 1008 tum
1055 951 1120 1011 sche-

228 1031 284 1093 das
303 1031 335 1108 ¹)
359 1033 433 1091 satis
455 1031 574 1112 amplas
596 1027 810 1109 disputationis
832 1032 1012 1106 contrarias,
1033 1052 1122 1114 magno

231 1119 283 1186 (ut
303 1114 430 1189 dicitur)
456 1112 608 1192 stipendio
630 1113 794 1192 alienoque
824 1114 926 1175 studio
948 1123 1076 1193 paratas,
1091 1118 1121 1176 in·

228 1197 407 1277 vulgarunt,
430 1204 477 1263 ,et
508 1195 619 1256 Christi
646 1196 793 1275 populum
827 1199 889 1261 suis
920 1197 1124 1277 impudentibus
1183 1194 1184 1245 l

227 1281 424 1360 imposturis,
460 1288 491 1338 at
510 1280 541 1338 in
563 1279 667 1338 uuima
688 1277 885 1357 seduxerunt,
907 1290 939 1340 et
960 1282 990 1340 in
1016 1299 1124 1360 corpore

227 1362 318 1422 rebus
341 1365 402 1421 suis
428 1362 652 1440 spoliaverunt,
673 1380 741 1421 cum
764 1362 889 1423 videant
910 1382 1034 1423 causam
1056 1367 1125 1424 istan

227 1447 271 1505 ita
291 1445 431 1524 friguisse
454 1445 483 1503 iu
507 1445 565 1504 hac
587 1442 817 1523 disputatione,
846 1465 938 1526 quom
962 1446 1076 1506 inferno
1093 1467 1126 1507 ar·

168 1530 176 1543 “
228 1527 399 1587 densiorem
414 1545 482 1586 esse
499 1529 672 1586 voluerunt.
695 1525 812 1587 Sufficit
825 1529 909 1606 mihi,
932 1529 1017 1608 quod
1029 1549 1126 1591 summa

230 1629 342 1689 causae
364 1610 475 1670 cecidit
495 1611 525 1668 in
548 1608 639 1668 felice
660 1609 785 1691 Lipsia,
823 1619 853 1671 et
876 1613 1013 1671 omnium
1036 1612 1127 1673 iudicio
1183 1640 1184 1647 ¹

228 1686 437 1775 indulgentiae
471 1692 718 1771 clamatoresque
752 1712 855 1765 earum
888 1694 1049 1755 ridiculum
1080 1695 1128 1755 luc-

230 1782 309 1836 runt.

292 1859 337 1917 De
360 1857 490 1938 primatu
512 1856 672 1917 Romanae
704 1857 853 1919 ecclesiae
875 1860 976 1919 acrius
1000 1866 1128 1920 certatum

229 1949 285 2002 est.
329 1940 396 2020 Elgo
419 1940 583 2020 primatum
605 1939 732 2000 honorit
755 1961 818 2003 uon
840 1962 879 2000 ne
922 1943 963 2019 vi,
985 1962 1044 2002 nec
1062 1950 1129 2022 pote·

229 2024 316 2084 statis
339 2022 424 2095 dedi,
446 2022 555 2082 saltem
577 2023 642 2082 iure
665 2023 788 2102 divino,
820 1962 1130 2106 nihilflrepugnaturus,

228 2107 291 2165 imo
314 2113 492 2166 constanter
514 2105 709 2165 confessurus
731 2126 768 2166 sc
790 2106 985 2183 defensurus,
1021 2109 1044 2168 si
1065 2108 1130 2167 lacto

229 2188 279 2248 rel
302 2189 366 2247 iure
387 2184 522 2249 humano
546 2206 615 2250 eum
639 2187 761 2251 habeat.
785 2189 865 2249 Nihil
888 2190 920 2262 ²)
946 2192 1027 2250 enim
1051 2191 1132 2250 minus

231 2290 368 2350 quaero,
403 2290 494 2350 quam
517 2290 556 2330 ne
578 2293 598 2333 a
619 2291 740 2332 summa
761 2271 835 2332 sede
857 2271 885 2332 S.
908 2272 990 2333 Petri
1015 2280 1045 2333 et
1064 2272 1133 2332 Pauli

230 2354 293 2414 ullo
315 2372 408 2413 causa
430 2353 589 2433 quisquam
617 2354 757 2432 recedat,
785 2362 838 2415 aut
868 2355 1074 2416 obedientiam
1094 2355 1141 2415 de*

230 2436 326 2497 bitam
349 2435 520 2497 subtrahat:
561 2438 661 2497 solum
695 2456 735 2496 na
758 2446 804 2497 tot
825 2436 855 2497 S.
879 2439 984 2499 Patres
1008 2441 1037 2498 in
1059 2438 1133 2498 coslo

230 2526 405 2599 regnantes,
429 2522 480 2598 qui
503 2521 532 2577 in
546 2520 672 2582 Oriente
685 2522 823 2580 viventes
846 2520 901 2580 sub
911 2522 1054 2582 Romana
1074 2521 1134 2580 sade

230 2620 293 2662 nou
318 2603 456 2678 fuerunt,
485 2611 593 2663 contra
621 2603 668 2662 ius
690 2571 950 2683 diviuuufagisse
972 2603 1133 2664 concedam.

230 2683 284 2745 llle
309 2691 416 2744 contra
443 2686 507 2744 iure
539 2686 644 2746 divino
667 2692 828 2764 utrumque
849 2693 979 2747 conatus
1002 2705 1136 2751 asserere.

232 2786 301 2828 cum
325 2767 435 2827 multas
458 2771 636 2828 autoritates
658 2768 780 2827 Petrum
809 2769 1017 2845 conveheret,
1045 2771 1136 2828 inven-

231 2857 294 2910 tum
317 2849 441 2910 tandem
464 2857 530 2927 est,
558 2870 613 2912 eos
636 2851 795 2931 ambiguos
817 2859 847 2910 et
879 2854 982 2911 varios
1005 2872 1088 2928 esse,
1112 2853 1137 2910 in

231 2933 358 2994 alteram
397 2935 580 2995 sententiam
627 2933 793 3012 aliquando
835 2935 932 2995 videri
975 2935 1136 2994 inclinasse.

232 3015 424 3095 Quamquam
454 3036 509 3096 pro
539 3036 588 3076 me
609 3015 762 3076 robustius
792 3023 824 3076 et
851 3017 1036 3097 locupletius
1058 3018 1137 3076 senti·

231 3107 309 3175 rent,
331 3100 510 3178 praesertim
534 3099 585 3159 ubi
605 3098 636 3158 id
662 3110 758 3179 agunt
775 3100 943 3177 exanimo,
965 3106 999 3159 ut
1020 3098 1138 3179 e'vange·

232 3182 308 3242 lium
331 3183 574 3259 interpretentur.
784 3243 791 3258 ⁶

314 3263 383 3322 Jam
407 3262 481 3322 illud
502 3264 608 3324 llatth.
633 3265 687 3325 16:
709 3263 755 3324 Tu
778 3282 811 3323 es
834 3264 956 3342 Petrus3
981 3266 1054 3325 item
1076 3263 1139 3323 illud

232 3346 364 3406 Johann.
378 3348 433 3407 21:
450 3346 544 3406 Pasce
554 3365 629 3406 ores
642 3365 736 3424 meas,
747 3353 791 3406 et:
805 3346 941 3425 Sequere
955 3365 1021 3423 mc3
1033 3346 1140 3426 item²):

234 3428 391 3489 confirma
410 3428 517 3488 tratres
539 3437 629 3504 tuos,
665 3435 696 3488 et
724 3430 873 3489 nonnulla
893 3430 992 3489 minus
1016 3430 1055 3490 ad
1077 3449 1140 3504 rem,

234 3529 323 3590 quam
347 3511 445 3587 haec,
468 3511 631 3586 facientia,
653 3529 721 3570 cum
745 3532 807 3573 non
830 3521 993 3593 urgerent,
1029 3512 1139 3573 tandem

264 3769 295 3827 ll
318 3770 352 3824 In
384 3770 527 3826 adden:
545 3768 708 3822 schedulas.
747 3765 1015 3831 ἋΜελῖὶΧῐκΧι).
1045 3767 1160 3820 ‘ttlo‘xu

215 3842 352 3899 additum
374 3853 436 3901 est:
467 3847 564 3900 Lucae
582 3840 632 3895 22.
