2709 4417
455 343 769 414 assensuum-.-
1009 341 1076 410 ιω

190 529 285 590 tionis
307 529 390 590 latae
410 528 584 590 sententiae
605 527 754 609 definivit,
776 528 985 611 indulgentias
1005 548 1074 590 esse
1147 604 1149 611 Ι
1183 568 1186 576 ·

189 611 244 672 iles
265 611 306 672 ad
327 631 464 693 poenam
483 613 619 695 peeaatis
641 611 775 674 debitam
795 614 848 693 iis,
876 614 927 692 qui
948 613 1075 673 eeritate

190 701 300 776 agente
321 695 463 757 membre
482 702 553 756 sunt
574 695 697 775 Ghn'sti,
719 694 902 773 delendam,
931 702 963 757 et
990 695 1074 775 quod

190 777 328 839 animodi
349 778 489 839 remissio
512 798 552 840 ex
573 777 818 853 merito'Qhristi
840 785 872 840 et
882 778 1075 857 Senatorum,

190 862 317 923 inritato
338 862 451 921 summi
472 859 639 940 Pontifieis,
661 862 749 940 quasi
771 867 997 942 eompensetnr.
1019 861 1075 921 His

190 944 295 1007 initus
318 963 500 1024 persuasum
522 943 594 1005 vala
608 944 783 1005 Christiano
798 943 892 1023 fldeli,
914 944 1073 1024 indulgen·
1156 950 1163 958 ’

190 1045 216 1087 ss
235 1046 299 1089 non
323 1045 393 1088 esse
406 1027 511 1086 vitium
533 1026 607 1089 bani
628 1028 741 1108 open's,
762 1045 822 1087 nee
843 1026 956 1105 dicere,
976 1026 1074 1087 indul-

190 1111 274 1171 entiae
295 1109 475 1171 Christiano
497 1128 567 1170 esse
587 1108 696 1189 utiles,
725 1129 794 1170 esse
814 1111 968 1189 insanire,
991 1109 1073 1189 qnod

191 1191 227 1252 hil
247 1192 333 1253 aliud
355 1198 421 1271 est,
454 1210 545 1270 quam
568 1190 687 1272 disere,
718 1199 816 1254 totum
838 1191 951 1254 elerum
974 1193 1004 1252 in
1027 1210 1075 1252 ee

190 1277 244 1336 sie
263 1282 352 1337 tante
377 1285 522 1355 tempore
543 1275 738 1338 inaudivisse.

472 1456 512 1520 Μ.
546 1455 750 1524 Lntherns,
822 1501 829 1512 .

226 1607 406 1669 Dnndseim
423 1608 611 1688 argumentis
632 1608 794 1689 impugnat
815 1606 957 1687 egregins
980 1605 1017 1668 D.
1031 1606 1068 1666 D.

189 1690 509 1753 ndnsinnemsmsam
530 1689 734 1750 undecimam.
780 1688 829 1749 Ad
864 1707 943 1768 quae
973 1690 1074 1768 prins-

190 1792 243 1834 am
267 1772 494 1854 respondeam,
515 1774 615 1853 prime
639 1772 753 1832 diluam
774 1771 864 1850 illud,
889 1770 971 1851 quod
993 1773 1072 1831 insa·

189 1876 227 1917 tm
242 1875 320 1919 esse
341 1855 415 1934 dixi,
435 1855 542 1916 haberi
555 1855 765 1935 indulgentias
777 1853 876 1915 bonas
887 1853 1071 1932 Christiano,

189 1958 280 2019 *eque
303 1957 359 2000 eas
380 1939 485 2000 vitium
510 1939 584 1999 boni
606 1937 718 2019 operis.
739 1937 817 1997 Dieo
840 1955 925 2018 ergo,
946 1936 1070 2017 quando

189 2019 1070 2183 tii*ittttttttttttt,titttttttt

189 2207 198 2248 ι
220 2187 412 2265 hominum,
442 2204 522 2266 quae
543 2186 582 2247 de
603 2205 637 2247 se
658 2205 721 2248 non
743 2151 830 2246 stadt
850 2185 972 2265 malae,
1011 2186 1070 2246 nisi

189 2269 228 2331 nd
253 2269 370 2349 malam
391 2267 535 2329 fidaeiam
556 2268 703 2330 adversus
735 2268 881 2329 iustitiam
902 2268 959 2329 Dei
980 2286 1069 2348 pree·

189 2352 275 2415 ,bant
295 2351 525 2433 insipientibus:
559 2359 675 2432 quanto
698 2353 796 2432 magis
819 2351 939 2411 insania
959 2358 1007 2411 est
1026 2351 1071 2411 in·

189 2424 342 2517 igentiasJ
358 2453 438 2514 quae
459 2452 560 2515 neque
581 2443 775 2515 praeceptae,
797 2453 897 2513 neque
909 2433 1069 2494 sensuitae

189 2529 242 2599 nt,
266 2536 370 2598 neque
391 2518 584 2578 necessariae
606 2517 645 2577 ad
667 2517 813 2596 salutem,
835 2518 897 2577 imo
918 2517 1069 2577 remissio·
1160 2534 1163 2545 ·

189 2607 302 2663 sennt
325 2601 476 2662 bonorum
498 2600 661 2660 multarum
691 2618 839 2679 opernm,
874 2598 979 2661 haberi
1013 2618 1069 2679 pro

189 2703 232 2747 no
267 2683 531 2747 Christianorum?
564 2701 633 2743 eum
669 2682 905 2743 omnebonum
932 2689 1069 2742 nostrum

208 2768 421 2829 neeessariam
457 2765 497 2827 ad
530 2766 658 2826 salntem
688 2765 942 2847 comprehensum
969 2765 1009 2824 sit
1039 2765 1070 2824 in

567 2849 647 2992 et
923 2844 1069 2990 asta

188 3016 248 3077 udo
271 3015 363 3079 Rom.
386 3018 426 3093 7.,
451 2975 582 3075 ιιοιιόιι
603 3015 688 3076 bona
707 3014 839 3094 homini,
860 3015 922 3074 imo
943 2949 1069 3073 ldeeesio

188 3099 286 3178 eneti,
319 3096 388 3158 sala
416 3106 517 3158 autem
546 3098 646 3178 gratia
674 3096 787 3158 bonum
817 3104 864 3157 est
885 3095 1070 3173 Ghmstiano,

188 3188 267 3243 tanto
291 3181 389 3261 magis
411 3179 643 3261 indulgentiae,
676 3200 758 3262 qnae
777 3181 890 3241 nedum
912 3197 981 3239 eum
1004 3197 1070 3258 gra

188 3283 231 3345 te,
263 3263 320 3325 ssd
341 3282 402 3325 nee
423 3282 491 3324 eum
513 3263 592 3344 legis
613 3263 706 3323 ullius
730 3264 867 3325 bonitate
889 3261 952 3322 ulla
975 3260 1069 3321 modo

188 3348 324 3429 imperari
345 3347 486 3427 possint,
507 3364 577 3405 eum
596 3347 657 3407 sint
677 3346 754 3406 nihil
775 3353 807 3406 et
827 3345 956 3426 privatio
979 3361 1069 3423 quae

188 3448 224 3491 tn
249 3430 404 3493 benorum
434 3447 576 3509 operum,
611 3427 716 3489 haberi
737 3428 851 3489 debent
878 3445 934 3507 pro
962 3426 1069 3487 bana?

189 3530 224 3573 an
244 3512 328 3593 qued
351 3512 463 3573 noxias
484 3519 537 3573 ant
556 3511 746 3593 pemieiosns
769 3510 912 3590 arbitrer,
935 3516 968 3569 ut
987 3507 1067 3569 dies·

188 3614 364 3753 manando
386 3695 462 3758 ergo
483 3676 623 3758 egregius
644 3676 683 3738 D.
705 3675 742 3738 D.
763 3672 862 3757 dicit,
895 3675 996 3758 prime
1018 3692 1067 3735 ee·
1167 3724 1170 3729 .

188 3760 270 3818 asiam
287 3761 322 3819 in
342 3760 389 3837 iis,
408 3777 488 3837 qnae
507 3767 582 3822 snnt
602 3759 690 3845 fidei,
714 3781 781 3829 non
804 3780 933 3844 emate,
965 3779 1031 3824 nee
1047 3759 1088 3821 ἰιι

793 3854 835 3919 tt
858 3856 880 3895 *
