2709 4417
420 325 486 403 xm.
506 348 541 402 de
559 353 696 417 potestate
713 348 816 418 Papae.
1007 343 1069 409 331

189 538 272 593 teras
295 535 445 596 eoolesias
474 555 535 595 una
557 553 626 595 oum
649 535 787 613 Christo,
821 542 874 595 aut
902 554 935 594 se
967 534 1067 613 ipsum

189 633 207 674 a
227 617 354 678 inscitia
375 619 622 679 manifestissime
643 617 778 678 irridere.
900 672 902 679 ,

233 697 328 773 Quod
363 703 387 760 si
423 701 462 761 de
497 702 716 761 constitutione
749 700 946 760 ecelesiarum
982 699 1071 784 iuxta

189 781 314 859 guitot-is
336 782 448 863 gradus
476 783 624 861 loquitur,
660 802 722 843 uon
752 783 838 842 iuxta
859 781 1070 856 substantiam,

189 869 238 922 tet
271 883 310 922 ex
343 865 523 944 praedietis,
563 885 652 943 quam
681 884 826 944 perverse
853 865 914 924 hoo
945 862 1070 922 verbum

189 947 266 1005 nisti
288 945 327 1006 de
349 947 410 1008 tide
434 949 527 1008 totius
553 949 704 1008 ecelesiae
725 947 906 1007 universalis
930 952 1072 1022 torqueat

189 1026 405 1106 [potestatem
418 1032 507 1090 unius
529 1030 670 1090 hominis.
719 1030 855 1090 Christus
868 1047 954 1088 suam
976 1027 1072 1087 eoele-

189 1129 230 1168 rm
253 1130 347 1190 supra
359 1119 477 1191 petram
492 1111 654 1172 aedificare
677 1111 807 1188 sedicit,
829 1113 879 1171 hio
900 1129 973 1171 vero
996 1128 1069 1185 uon,

190 1192 207 1251 d
230 1192 381 1254 duntaxat
401 1195 589 1264 Romanam,
612 1195 672 1255 hoo
695 1204 757 1272 est,
781 1206 898 1254 eeteros
922 1192 1069 1252 eeclesias

189 1274 228 1334 hil
251 1275 363 1354 faeere,
386 1285 417 1338 et
439 1277 590 1338 Christum
613 1296 736 1358 negare.

235 1357 340 1434 Porro,
363 1361 388 1418 si
410 1367 531 1419 oeteroe
554 1359 704 1420 ecelesiae
720 1367 790 1418 sunt
811 1366 931 1418 terrena
950 1363 1070 1416 senten-

189 1459 197 1496 ι
219 1446 362 1520 statutae,
386 1449 417 1502 et
437 1442 517 1502 hano
539 1443 722 1502 sententiam
738 1441 897 1500 Romanae
920 1439 1072 1499 ecelesiae

189 1540 222 1580 se
245 1522 337 1601 dixit,
371 1543 427 1584 suo
451 1543 504 1584 ore
527 1543 596 1584 sese
618 1525 756 1600 damnat,
780 1543 865 1583 auam
888 1522 1070 1582 sententiam

188 1622 221 1663 ae
244 1612 407 1680 terrenam,
430 1625 492 1666 uon
505 1607 649 1685 divinam,
673 1606 788 1666 dioena.
832 1605 872 1665 Et
893 1604 943 1665 ubi
958 1610 1071 1679 manet,

189 1685 237 1746 iod
264 1707 374 1748 voeem
397 1689 479 1750 Petri
508 1697 653 1768 tanquam
684 1689 818 1748 divinam
841 1695 872 1748 et
894 1706 956 1747 non
978 1692 1069 1746 terra·

189 1789 223 1828 m
240 1769 346 1830 audire
359 1772 502 1851 oportet?
524 1771 630 1849 Porro,
654 1773 722 1850 quis
738 1771 895 1833 constituit
908 1768 1070 1829 ecelesiam

191 1852 476 1932 erosolymitanam,
490 1859 654 1933 autequam
670 1854 803 1914 eeclesia
815 1854 956 1913 Romana
968 1850 1071 1911 esset?

189 1954 202 1992 n
227 1953 290 1996 non
312 1935 419 2017 i’etrus
442 1937 536 1997 verbo
548 1937 606 1998 Dei
623 1937 795 1998 Romanam
819 1936 979 1996 eeaiesiam
1002 1951 1073 1994 oon-

191 2017 270 2077 tuit?
294 2018 407 2078 Verum
431 2020 456 2078 si
470 2019 510 2079 de
524 2019 681 2098 dignitatis
695 2020 914 2080 constitutione
928 2016 1072 2096 loquitur,

189 2119 214 2158 n
236 2099 277 2160 de
299 2099 470 2162 substantia
492 2100 651 2179 ecelesiae,

444 2264 547 2325 Tune
568 2284 688 2346 arguo
711 2265 785 2324 sio:

233 2428 378 2489 Romana
396 2430 528 2492 eeclesia
550 2435 597 2490 est
609 2429 713 2490 divino
726 2429 820 2490 verbo
838 2429 905 2489 aliis
928 2425 1068 2505 superior

192 2511 339 2572 nstituta:
374 2531 449 2592 ergo
471 2531 601 2572 neeesse
623 2513 693 2590 erit,
718 2522 751 2571 ut
771 2510 881 2572 eodem
903 2509 998 2570 verbo
1020 2525 1068 2567 ee-

189 2612 236 2652 rae
260 2593 412 2654 ecelesiae
434 2596 495 2655 siut
516 2597 544 2654 ei
566 2595 727 2655 inferiores
747 2600 890 2667 statutae,
913 2593 984 2670 quia
1006 2609 1068 2651 uon

189 2681 258 2736 test
288 2679 379 2737 statui
413 2679 570 2756 superior,
604 2678 661 2737 uisi
694 2679 771 2755 aiut,
801 2675 909 2756 quibus
931 2672 1071 2752 superior

189 2757 243 2817 nui
259 2761 365 2837 possit.
389 2759 446 2819 Ubi
457 2778 530 2839 ergo
547 2770 602 2834 est,
616 2759 696 2838 quod
710 2779 801 2838 supra
816 2759 901 2836 dixit,
913 2756 1071 2818 interiores

190 2847 323 2900 terarum
347 2841 545 2903 ecelesiarum
577 2842 700 2902 ordines
729 2843 911 2901 aRomana
940 2836 1073 2900 eeclesia

189 2923 287 2996 stitui,
310 2943 372 2984 non
396 2924 489 2984 verbo
513 2925 632 3001 divino,
664 2943 725 3002 quo
749 2924 814 2985 vuit
835 2923 903 2985 saia
928 2920 1072 2982 constitui

189 3003 241 3064 sa?
274 3004 372 3082 Nem,
395 3008 551 3084 quomodo
574 3006 711 3067 Christus
733 3008 833 3086 potnit
855 3006 946 3065 statui
970 3002 1073 3062 Domi·

189 3107 220 3164 is,
245 3088 304 3147 nisi
330 3087 419 3148 simul
441 3098 550 3168 gentes
572 3096 603 3149 et
625 3090 746 3149 termini
770 3096 868 3148 terrae
890 3086 1073 3147 subiiceren-

189 3190 220 3246 r,
245 3177 276 3229 et
298 3190 386 3231 mons
408 3171 495 3248 Zion,
517 3173 564 3231 oui
586 3191 641 3231 rex
661 3170 898 3251 praeficeretur?

237 3251 328 3312 Adde
349 3254 412 3330 his,
445 3254 559 3331 siquis
587 3253 683 3314 dieat:
717 3254 749 3313 Si
770 3254 911 3314 Romana
943 3248 1075 3310 ecelesia

189 3337 257 3396 uino
288 3334 383 3396 verbo
413 3336 556 3397 fundatur
594 3355 685 3416 super
706 3355 831 3412 omnes,
855 3340 978 3415 oportet
1000 3349 1074 3410 ergo

205 3437 259 3477 eas
283 3422 382 3479 oertas
397 3420 558 3496 nominari,
582 3437 660 3497 quae
676 3418 770 3478 verbo
789 3418 892 3479 divino
915 3413 1074 3475 subiician-

188 3522 211 3561 r.
257 3501 343 3579 Age,
364 3508 445 3575 ,esto
477 3520 550 3580 ergo
573 3501 652 3561 haee
681 3503 834 3560 sententia
857 3499 975 3559 divina:
1014 3495 1074 3558 Ro·

189 3602 246 3643 aua
269 3582 402 3642 eaoiesia
429 3587 476 3644 est
497 3583 564 3643 aliia
593 3585 750 3663 superior,
785 3583 835 3642 dio
857 3580 906 3641 ubi
930 3580 1074 3658 seriptum

189 3687 191 3720 ρ
205 3665 273 3726 eius
287 3665 517 3726 correlativum:
539 3665 680 3726 Ecclesia
691 3664 931 3725 Mediolanensis
942 3659 1069 3743 estaol)

189 3850 257 3912 )In
277 3849 318 3900 ed,
334 3853 450 3916 priore:
471 3856 542 3908 eius.
