2709 4417
158 302 196 313 ’Ἰ
260 339 301 408 16
416 378 428 389 ·-
444 342 603 412 Disputotio
620 348 648 397 et
665 343 816 398 Excusatio
836 345 970 399 Lutheri·

262 549 302 591 ex
324 550 361 592 ee
391 530 598 611 disputatione
630 530 745 592 bonum
772 550 970 612 promovere,
1007 551 1100 611 quam
1133 537 1181 593 tot

247 613 349 674 'melis
375 613 514 675 invidiae
542 622 574 675 et
612 614 810 676 detractionis
841 615 951 676 Ennius
978 615 1179 678 contaminat.

184 712 189 721 ·
260 697 345 759 Beue
366 697 446 774 vale,
469 698 510 758 mi
531 698 644 791 leotor.¹

261 877 374 941 donna
401 894 497 942 novos
518 881 550 940 et
570 880 693 940 verstes
714 895 835 943 errores
861 868 1181 940 defendeffliantinus

260 959 423 1022 Lntliemus
454 961 512 1022 has
541 960 731 1104 ιιοιιιὶοιιιΐιίεἰ
741 966 904 1122 ppquentes
929 962 961 1021 in
982 961 1083 1022 studio
1109 960 1180 1038 Lip-

346 1132 552 1247 llQuotidie
575 1178 685 1250 [teneat
706 1172 805 1232 omnis
827 1172 936 1250 homo,
969 1171 1024 1232 sed
1051 1177 1084 1230 et
1104 1189 1179 1249 quo-

262 1252 335 1315 tidie
357 1255 504 1339 poenitet,
526 1254 657 1314 doeeute
680 1253 817 1332 Christo,
839 1255 1062 1317 Potuitentiem
1085 1254 1178 1332 agite,

262 1343 392 1416 excepto
418 1355 479 1397 uno
501 1356 583 1397 novo
612 1336 745 1433 quodam
773 1338 869 1409 iusto,
904 1339 955 1416 qui
987 1337 1179 1417 poenitentia

261 1437 324 1480 non
346 1418 480 1500 indiget,
509 1439 578 1480 sum
607 1420 700 1479 etiam
722 1419 865 1499 palmites
888 1420 1058 1480 fructiferos
1080 1419 1177 1498 quoti·

262 1502 311 1563 die
332 1510 442 1583 purget
462 1502 600 1583 egrioola
622 1503 777 1563 eoelestis.

343 1587 379 1658 2)
404 1586 438 1645 ln
461 1585 542 1646 bono
564 1603 694 1665 pessare
716 1585 882 1656 hominem
904 1591 936 1646 et
952 1591 1061 1665 peooet
1062 1604 1111 1643 um
1128 1603 1177 1643 ve-

261 1667 344 1729 niele
365 1687 429 1729 nou
450 1676 557 1728 natura
579 1687 647 1745 sue,
680 1667 735 1729 sed
757 1668 815 1728 Dei
838 1668 1045 1728 miserieordia
1077 1664 1176 1727 solum

262 1769 331 1813 esse
354 1750 560 1829 tale,aut1n
584 1769 680 1831 puero
703 1759 775 1831 post
796 1751 979 1830 baptismum
1015 1757 1177 1830 peceatum

262 1852 424 1895 remanens
446 1853 576 1914 negare,
598 1833 659 1894 hoe
682 1841 729 1894 est
749 1833 874 1894 Paulum
898 1841 930 1893 et
950 1833 1104 1893 Christum
1133 1851 1178 1891 se-

263 1915 323 1979 mel
347 1915 539 1979 oonsuloere.

344 1997 382 2080 3)
406 1997 463 2073 Qui
487 2018 565 2078 opus
587 1997 701 2061 bonum
719 2006 772 2058 aut
785 2000 1003 2078 poenitentiam
1028 2019 1047 2057 a
1068 2014 1179 2076 pecea-

261 2088 361 2145 torum
384 2080 589 2144 detestatione
610 2089 682 2141 aute
704 2079 901 2142 dileetionem
923 2082 1057 2143 iustitiae
1084 2081 1180 2158 incipi

262 2167 376 2226 necin
406 2183 444 2225 eo
472 2165 593 2244 peceati
623 2165 745 2241 asserit,
779 2164 861 2224 huno
890 2165 969 2223 inter
990 2163 1177 2243 Pelagianos

261 2248 434 2309 haereticos
455 2265 664 2325 numeramus,
688 2247 741 2306 sed
764 2255 796 2307 et
815 2254 924 2308 eontra
946 2265 1064 2306 eaerum
1088 2264 1178 2304 suum

263 2330 459 2400 Aristotelem
483 2330 624 2409 desipere
645 2329 820 2409 probamus.

343 2414 381 2490 4)
406 2413 489 2472 Deus
510 2418 606 2473 mutat
633 2431 766 2490 poenam
794 2420 949 2473 aeternam
972 2412 1002 2470 in
1025 2417 1179 2490 tempora-

262 2496 338 2576 lem,
358 2496 480 2561 scilieet
501 2497 597 2555 erneis
620 2494 808 2574 portandae,
837 2496 929 2555 ouius
955 2513 1090 2554 oenones
1127 2500 1183 2553 aut

261 2578 439 2639 saeerdotes
462 2597 519 2638 neo
540 2577 738 2656 statuendae,
768 2596 828 2638 nee
849 2576 1033 2637 auferendae
1064 2576 1183 2636 habent

262 2661 355 2721 ullam
378 2650 580 2742 potestatem,
614 2679 798 2740 quamquam
831 2659 861 2720 id
893 2659 931 2721 ab
967 2658 1182 2719 sdulatoribus

262 2745 364 2807 noxiis
386 2741 503 2805 seducti
482 2751 720 2823 tplaesumere
741 2744 871 2822 possint.

343 2830 380 2906 5)
406 2825 541 2899 Quilibet
561 2826 707 2886 sacerdos
729 2825 822 2886 debet
842 2825 1004 2886 absolvere
1019 2826 1128 2904 poenit
1129 2844 1182 2883 sn-

165 2932 170 2951 ¹
262 2919 343 2972 tem
339 2929 365 2969 a
386 2929 488 2989 poena
509 2917 540 2969 et
560 2908 656 3005 eulpa
673 2918 725 2969 aut
746 2917 864 2989 peoeat,
886 2927 985 2987 aeque
1006 2915 1117 2988 peoeat
1132 2927 1182 2966 su·

261 2994 364 3074 perior
385 2993 503 3072 praelat
506 3013 551 3069 us,
573 2994 598 3051 si
621 2991 742 3052 oooulta
763 2994 830 3052 sine
852 3010 945 3052 eausa
974 2999 1111 3050 reservat
1133 3010 1181 3049 ra-

262 3074 505 3149 tiouabilissime
529 3074 752 3153 quantumlibet
773 3094 845 3135 usus
868 3074 1034 3151 ecelesiae,
1067 3072 1099 3131 id
1122 3080 1181 3150 est,

262 3158 454 3219 adulatorum
477 3159 599 3221 resistit

345 3238 382 3323 6)
405 3241 496 3301 Forte
518 3240 707 3300 satisfaciunt
727 3241 848 3301 animae
869 3241 900 3299 in
922 3239 1099 3319 purgatorio
1123 3257 1181 3318 pro

262 3326 408 3405 pessulis,
431 3323 486 3384 sed
509 3322 592 3401 quod
614 3323 698 3382 Deus
720 3342 739 3383 e
761 3325 908 3410 morituro
931 3322 1000 3402 plus
1017 3341 1111 3401 quam
1127 3340 1181 3382 vo-

263 3409 423 3471 luntarium
455 3413 581 3466 mortem
618 3405 767 3485 requirat,
810 3402 975 3466 vanissima
1009 3405 1182 3465 temeritate

262 3492 418 3570 asseritur,
440 3489 510 3568 quie
532 3488 622 3549 nullis
645 3487 745 3549 modis
763 3496 873 3569 potest
891 3487 1023 3568 probari

264 3644 511 3655 -·-—---.-.-—

317 3718 348 3787 Ι”)
370 3720 399 3769 ln
418 3716 461 3769 ed.
488 3719 573 3784 prino.
610 3717 835 3783 Propositiouum
861 3714 980 3779 Lutheri,
1008 3729 1079 3782 quae
1106 3728 1181 3766 enno

372 3789 442 3844 1530
460 3787 570 3854 prodiit,
588 3786 642 3839 hee
660 3789 867 3855 propositiones
887 3801 943 3838 non
953 3787 1142 3849 inveniuntur,
1152 3788 1182 3836 in

187 3914 267 3946 .-
368 3859 523 3935 edit.,1538
542 3864 569 3912 et
588 3859 657 3914 loos
675 3858 815 3943 leguntur.
