2709 4417
471 340 506 395 da
526 342 706 395 sacramanto
719 341 859 410 baptismi·
1065 336 1127 404 397

201 519 294 584 Noha
329 543 398 584 oum
426 522 521 586 tribus
542 524 612 586 filiis
635 542 804 603 eorumque
831 521 991 600 uxoribus,
1027 541 1126 603 nequa

201 606 286 666 enim
309 607 412 686 plures
435 626 525 687 quam
548 617 619 669 octo
642 609 673 668 in
696 625 768 667 arca
788 613 860 666 sunt
880 607 1002 668 servati.
1035 605 1126 681 Quod

201 690 295 768 igitur
316 689 458 764 homines
482 690 597 752 diluvic
620 692 796 770 perierunt,
829 688 982 770 significat
1001 691 1032 749 in
1055 690 1126 770 bap-

202 773 296 832 tismo
327 771 463 854 demergi
485 781 590 835 nostra
612 781 756 854 peccata,
786 791 910 848 verum,
949 772 1031 851 quod
1054 771 1126 833 oct'o

201 854 345 916 homines
365 864 603 918 servanturcum
628 857 712 917 omni
734 874 848 936 genere
857 855 1043 933 animalium,
1065 856 1124 936 sig-

203 936 310 998 nificat
331 958 386 1018 per
407 939 589 1019 baptismum
612 938 768 1000 hominem
789 937 911 998 salvari.
934 936 1019 998 Sicut
1031 936 1061 998 Β.
1072 937 1126 998 Pe·

202 1029 265 1081 trus
288 1022 320 1081 in
343 1023 441 1101 prima
467 1043 523 1083 sua
552 1023 684 1102 epistola
710 1021 791 1081 hano
818 1019 946 1101 liguram
975 1020 1014 1082 de
1035 1020 1126 1081 Nuba

200 1125 240 1166 ex
264 1106 340 1166 onit.

241 1126 261 1185 p
284 1188 380 1248 Porro
403 1187 499 1248 multo
521 1187 612 1248 latius
634 1193 723 1266 patet
745 1185 931 1266 baptismus,
962 1207 1053 1267 quam
1081 1187 1124 1247 di-

201 1271 316 1331 luvium
339 1269 422 1331 illud.
446 1269 523 1330 Nam
548 1269 705 1345 diluvium,
726 1267 808 1347 quod
825 1268 915 1329 Nuba
937 1268 1124 1350 temporibus

201 1353 265 1431 fuit,
289 1354 379 1413 unius
397 1353 469 1413 anni
492 1353 633 1413 homines
656 1350 808 1431 perdidit,
830 1350 998 1431 baptismus
1021 1360 1122 1413 autem
1180 1420 1183 1424 ,

200 1435 303 1496 adhuc
323 1455 379 1516 per
400 1441 497 1497 totum
521 1435 666 1496 mundum
689 1434 828 1494 aChristi
851 1434 1002 1514 baptismo
1025 1434 1124 1515 durat,

201 1525 232 1579 ct
252 1517 376 1580 durabit
397 1537 494 1598 usqua
516 1517 555 1578 ad
577 1517 778 1579 novissimum
800 1516 903 1596 diem,
927 1524 957 1578 et
979 1525 1027 1578 est
1047 1518 1123 1579 dilu-

201 1602 283 1661 vium
305 1603 434 1682 gratiae,
458 1602 535 1661 sicut
556 1601 630 1661 illud
651 1605 718 1661 crat
737 1600 802 1660 irae
814 1599 969 1661 diluvium.
993 1601 1029 1662 ld
1040 1601 1123 1681 quod

202 1683 340 1744 Psalmus
374 1702 496 1763 quoquc
519 1685 568 1747 29.
595 1682 762 1763 praedixit:
790 1682 940 1744 Dominus
976 1684 1121 1744 diluvium

201 1767 373 1828 inhabitare
394 1767 476 1829 lacit.
506 1767 616 1828 Procul
639 1764 733 1827 dubio
756 1766 838 1825 enim
859 1765 961 1844 plures
982 1767 1123 1828 homines

201 1849 404 1930 baptizantur,
427 1867 517 1928 quam
541 1849 595 1909 illo
618 1848 734 1908 diluvio
758 1849 913 1928 perierint.

282 1931 438 2012 Septimo,
469 1951 508 1991 ex
537 1932 583 1992 his
605 1933 696 2012 igitur
718 1930 891 2012 colligimus
914 1937 1018 1993 verum
1043 1951 1122 2009 esse,

200 2014 281 2092 quod
309 2015 404 2076 homo
432 2015 533 2075 statim
558 2034 577 2074 a
598 2015 751 2095 baptismo
775 2015 842 2074 sine
866 2016 1002 2094 peccatis
1032 2017 1072 2075 sit
1093 2022 1124 2076 at

199 2097 291 2176 plana
327 2099 486 2158 innocens.
531 2097 641 2158 Varum
665 2096 859 2174 multisunt,
897 2099 947 2177 qui
977 2097 1037 2158 hoc
1059 2118 1122 2159 non

199 2187 282 2241 recte
304 2181 489 2260 intelligunt.
524 2178 574 2240 Sic
596 2180 676 2241 enim
700 2177 822 2258 quidam
847 2181 1017 2258 somniant,
1053 2199 1121 2241 cum
1208 2247 1213 2256 ,

199 2263 316 2324 nullum
339 2263 431 2343 plane
452 2264 492 2323 sit
511 2262 661 2342 reliquum
683 2270 844 2342 peccatum
866 2281 885 2322 a
905 2263 1067 2344 baptismo,
1089 2264 1122 2324 li·

199 2365 270 2407 cere
292 2346 352 2407 sibi
373 2346 482 2408 otiosis
505 2364 594 2423 esse,
632 2364 734 2424 neque
762 2363 895 2424 unquam
924 2347 1062 2426 cogitant
1082 2347 1122 2406 de

199 2427 415 2490 mortificanda
446 2427 500 2488 illa
520 2430 655 2507 peccatis
683 2427 777 2507 plena
809 2435 938 2507 natura,
974 2428 1005 2489 id
1039 2431 1121 2509 quod

199 2512 285 2572 multi
319 2530 442 2591 quoque
469 2532 489 2572 a
521 2512 717 2572 confessione
744 2510 846 2571 solent
872 2509 983 2572 iacere.
1027 2512 1123 2573 Recta

198 2595 290 2675 ,gitur
311 2595 399 2672 haec,
421 2601 454 2653 ut
474 2613 567 2674 snpra
588 2596 778 2671 monuimus,
800 2599 870 2653 sunt
889 2594 1070 2674 accipienda
1091 2602 1122 2656 ct

198 2677 369 2756 sciendum,
391 2676 473 2755 quod
495 2677 574 2738 hacc
594 2683 701 2737 nostm
715 2695 798 2757 caro,
820 2677 964 2756 quamdiu
982 2678 1122 2757 vivimus,

198 2760 281 2821 nala
303 2762 342 2821 sit
364 2768 395 2821 et
416 2759 508 2840 plena
527 2761 677 2840 peccatis,
700 2761 748 2819 cui
771 2758 908 2821 nonalia
928 2762 1047 2822 ratione
1069 2780 1123 2842 po-

198 2845 254 2904 tuit
283 2843 448 2904 consulare
477 2843 575 2922 Deus,
603 2844 745 2923 quamsi
773 2847 870 2903 totam
900 2842 1064 2924 refingeret
1091 2852 1122 2905 et

198 2927 389 2987 reformaret.
425 2924 509 2986 Sicut
541 2926 653 2986 larem.
673 2925 789 2986 indicat
816 2943 881 3005 cap.
905 2926 953 2991 18.
996 2927 1121 3008 Figulus

198 3027 267 3069 cnm
290 3008 375 3071 videt
396 3009 487 3070 aliam
508 3027 577 3070 esse
599 3010 660 3069 iam
683 3007 745 3069 flcti
766 3009 848 3069 vasis
870 3008 1010 3087 sormam,
1030 3028 1121 3090 qnam

198 3094 264 3172 lpse
287 3093 377 3170 velit,
412 3091 479 3151 redi
502 3092 524 3151 ‘t
544 3092 575 3151 in
597 3091 712 3170 lutum,
734 3098 766 3152 at
785 3090 909 3172 refingit
934 3091 1003 3167 (siu
1023 3093 1123 3173 inquit

198 3175 282 3236 Deus
305 3174 387 3255 apud
409 3175 488 3254 Prop
511 3182 609 3234 etam:
633 3173 719 3234 Sicut
740 3174 835 3235 lutum
857 3175 889 3234 in
912 3196 1004 3236 manu
1025 3175 1121 3256 figuli,

198 3260 242 3318 sic
262 3258 375 3318 vos‘in
399 3277 489 3318 manu
511 3275 581 3318 mea
602 3258 706 3335 estis).

281 3339 362 3415 Quia
382 3345 484 3402 autem
506 3341 620 3421 primus
642 3347 747 3421 partus
777 3342 843 3421 ipsc
872 3361 935 3404 non
965 3341 1121 3424 probatur,

197 3424 281 3505 quod
304 3425 345 3484 sit
365 3431 539 3504 corruptus,
575 3425 646 3484 ideo
674 3425 706 3484 in
729 3434 837 3485 terram
859 3444 917 3488 nos
940 3425 1043 3487 denuo
1066 3444 1121 3506 per

197 3516 328 3570 mortem
351 3508 470 3590 redigit,
491 3509 523 3568 in
545 3509 714 3570 novissimo
736 3515 838 3568 autam
861 3506 910 3569 dic
926 3508 1066 3589 refinget,
1089 3517 1121 3569 ut

197 3594 309 3673 integri
330 3599 362 3654 et
383 3593 449 3652 sine
470 3593 605 3671 peccatis
628 3594 731 3653 simus.
754 3590 1054 3670 Hocqucconsilium
1077 3592 1120 3651 in·

197 3675 292 3737 choat
313 3676 395 3737 Deus
417 3677 448 3736 in
471 3676 639 3757 baptismo,
667 3675 720 3755 qni
740 3676 847 3736 mortis
874 3682 906 3735 et
926 3675 1120 3735 resurrectio·

197 3763 241 3819 nis
273 3761 436 3818 novissimi
457 3759 518 3820 diei
553 3768 601 3821 est
629 3767 732 3842 typus.
772 3757 932 3836 Quantum
956 3758 1052 3839 igitur
1082 3757 1129 3815 ab

197 3841 312 3916 puram
334 3849 367 3900 et
398 3841 441 3902 ad
470 3844 597 3925 signum
628 3847 831 3911 sacramenti
850 3844 989 3923 attinet,
1019 3845 1151 3903 marsna
