2709 4417
217 360 281 429 264
445 361 537 417 Resol.
557 361 585 416 L.
603 375 687 430 super
704 361 891 428 Proposition.

738 455 751 500 0

220 570 283 614 non
306 549 517 612 iustificabitur
552 565 657 609 coram
691 547 805 608 iudicio
828 547 887 608 Dei
925 552 960 607 ut
985 546 1036 606 hic
1055 546 1117 609 dicit

221 636 283 696 Cur
303 634 374 712 hoc,
396 631 534 713 quaeso?
553 630 585 692 Si
610 632 675 715 sine
689 638 820 713 peccato
834 632 925 691 estin
938 648 1032 711 opere
1044 629 1118 705 bono,

222 737 284 779 non
307 723 412 796 potest
434 715 572 775 damnari
595 733 614 774 a
638 714 727 788 Deo,
765 715 816 792 qui
837 715 955 774 iustitia
982 719 1030 772 est
1060 714 1120 792 ipsa

221 801 294 861 nihil
320 800 416 879 magis
438 817 563 874 amans,
585 816 676 875 quam
697 797 861 875 iustitiam3
882 815 943 858 nec
963 795 1120 872 timendum,

222 881 304 963 quod
326 883 422 941 iustus
444 881 536 941 iudex
558 880 703 940 iustitiam
726 879 861 956 damnet,
883 881 909 939 si
933 885 1033 940 autem
1056 879 1120 938 dun-

222 972 328 1038 natur‚
360 966 421 1024 iam
444 964 509 1024 siue
533 969 662 1043 peccato
685 966 834 1040 nonest,
858 969 889 1023 ct
911 969 1021 1023 contra
1039 963 1121 1042 legen

224 1049 282 1111 Dei
318 1048 470 1107 iuvenitur
504 1048 614 1127 egisse.
656 1045 726 1105 Non
759 1047 839 1106 enim
875 1045 1050 1123 damnatur,
1080 1047 1122 1105 nisi

223 1132 274 1212 qui
297 1131 359 1210 legi
380 1130 437 1190 Dei
461 1148 523 1191 non
546 1128 687 1191 subiecit.
730 1154 733 1161 ’

307 1211 397 1288 Quod
428 1213 453 1272 si
486 1214 512 1272 is
533 1230 595 1272 non
618 1209 830 1272 iustificabitur
865 1209 895 1272 iu
930 1210 1043 1270 iudicio
1072 1210 1124 1289 Dei,

226 1297 277 1375 qui
301 1315 406 1356 servus
427 1296 485 1356 Dei
507 1301 565 1371 est,
587 1312 646 1354 neo
668 1313 775 1354 omnes
797 1295 950 1371 viventes,
971 1295 1050 1354 inter
1064 1311 1125 1370 quos

224 1398 351 1439 necesse
363 1384 410 1438 est
419 1378 629 1439 sanctissimos
639 1376 842 1455 aliquotessa,
853 1378 879 1436 si
886 1377 1049 1437 ecclesiam
1057 1395 1124 1436 sanc

226 1472 297 1536 tam,
312 1461 493 1521 Sanctorum
511 1460 758 1521 communionem
778 1461 808 1519 in
822 1461 917 1520 terris'
926 1461 1029 1519 vivere
1050 1459 1124 1519 credi-

227 1563 303 1622 mus,
325 1545 489 1621 quitamen
504 1544 603 1623 legem
627 1542 765 1623 implent3
790 1543 889 1620 qualis
900 1549 992 1623 putas
1003 1542 1082 1602 luror
1092 1545 1126 1602 cst

162 1667 164 1671 -
229 1646 353 1701 eorum,
389 1627 440 1704 qui
469 1626 545 1686 citra
565 1626 696 1706 gratiam
718 1632 749 1685 et
770 1631 858 1685 extra
880 1626 1044 1686 eeclesiam
1065 1626 1125 1684 insa-

145 1771 150 1782 ,
229 1711 330 1784 uiant,
367 1708 467 1789 legem
490 1727 583 1787 posse
604 1707 724 1787 impleri
748 1726 787 1767 ex
807 1708 999 1769 naturalibus
1023 1707 1126 1783 viribus,

230 1791 332 1870 quoad
357 1797 452 1851 totam
478 1790 677 1873 substantiam
702 1791 784 1869 faed,
806 1791 879 1850 licet
900 1810 964 1852 non
988 1790 1028 1850 ad
1047 1791 1124 1850 inten-

228 1876 345 1934 tionem
368 1873 606 1954 praecipiebtis?
629 1872 677 1933 Ad
700 1873 770 1951 hoc,
792 1879 825 1933 ut
844 1874 955 1934 iterum
977 1872 1017 1934 ad
1039 1874 1126 1933 articu-

229 1958 289 2016 lum
302 1956 488 2017 Hussiticum
495 1957 702 2018 ssanstautiae
716 1955 891 2016 damnatum
908 1956 1043 2032 redeam,
1052 1974 1123 2034 qnan-

226 2047 274 2098 tus
296 2058 380 2100 error
403 2048 467 2120 est,
501 2045 601 2098 actum
625 2045 764 2099 neutrum
787 2045 819 2098 et
839 2058 901 2100 non
926 2040 1041 2100 malum
1061 2039 1123 2098 inve-

228 2123 281 2181 niri
305 2123 425 2201 dicere,
448 2121 571 2199 quando
589 2128 674 2181 actus
686 2123 833 2181 iustorum
847 2142 910 2182 uon
935 2130 982 2182 est
1003 2119 1122 2181 iustifica-

213 2203 294 2286 ἱΙιίἰίε
309 2223 413 2264 coram
428 2204 518 2265 Deo?
540 2203 655 2279 Quibus
673 2212 757 2263 recte
768 2203 843 2263 illud
857 2205 970 2267 dorem.
984 2205 1059 2276 49¹)
1079 2204 1121 2262 dici

229 2294 346 2365 potest:
368 2287 451 2347 Ecce
473 2286 580 2366 quibus
602 2286 745 2346 iudicium
768 2306 830 2347 non
853 2293 929 2361 erat,
952 2286 1120 2360 utbiberent,

224 2368 362 2429 bibentes
383 2369 503 2444 bibent,
538 2376 569 2429 et
589 2377 621 2429 tu
642 2371 791 2429 innocens
819 2370 899 2429 eris?
921 2369 992 2431 Non
1019 2370 1072 2429 cris
1088 2370 1118 2427 iu-

223 2471 355 2526 noceus3
376 2458 407 2512 at
430 2456 457 2514 l.
481 2452 545 2514 Pet.
568 2454 606 2514 l:
629 2451 661 2512 Si
683 2453 778 2511 iustus
798 2453 851 2511 vix
873 2451 1049 2529 salvabitur,
1067 2469 1117 2531 pec

223 2544 311 2594 catur
332 2543 364 2594 et
386 2536 498 2614 impius
521 2535 571 2594 ubi
593 2533 765 2614 parebunt?

311 2617 352 2676 llt
370 2617 611 2695 videmonstra,
633 2635 719 2696 quae·
732 2618 804 2677 hinc
825 2625 1003 2696 sequuntur.
1042 2616 1117 2695 impio

222 2707 310 2760 extra
330 2701 458 2780 gratiam
493 2701 523 2759 in
546 2720 602 2760 suo
625 2718 720 2779 opere
741 2699 824 2761 bono
847 2700 983 2761 tribuunt
1012 2717 1066 2758 nec
1083 2717 1117 2756 ve-

223 2782 305 2842 uiale
328 2790 505 2860 peccatum,
539 2783 594 2842 sed
631 2782 826 2843 solummodo
856 2801 919 2842 non
945 2781 1118 2852 meritorium,

222 2884 290 2924 oum
312 2865 361 2925 hic
383 2866 464 2925 iusto
486 2867 516 2924 in
541 2883 634 2945 opere
655 2864 739 2926 bono
762 2865 910 2925 tribuatur
932 2865 1011 2925 adeo
1033 2881 1118 2944 pacca-

222 2958 295 3023 tum,
318 2954 359 3024 ut,
382 2949 406 3007 si
429 2947 540 3008 iudicio
553 2949 609 3007 Dei
629 2951 762 3025 sistatur,
783 2966 846 3007 non
869 2949 969 3028 possit
982 2945 1116 3007 iustificari

224 3030 301 3103 (hoc
317 3036 372 3106 est,
395 3031 526 3090 mortale
545 3035 575 3090 et
588 3031 792 3100 damnabile).
815 3029 938 3104 Quanto
955 3050 1028 3110 ergo
1043 3029 1119 3106 magis

221 3114 303 3192 impii
318 3132 412 3192 opera
426 3112 508 3173 bona
522 3119 592 3173 sunt
605 3113 790 3174 damnabilia
805 3120 836 3172 et
854 3113 1006 3189 mortalia,
1028 3129 1118 3190 nequa

222 3214 312 3273 quam
334 3197 483 3255 neutralia
506 3215 558 3256 seu
578 3195 688 3256 media.
711 3195 861 3256 Etadhuc
877 3197 1054 3278 gloriantur,
1073 3194 1119 3254 the-

220 3278 356 3358 ologiam
369 3278 584 3339 scholasticam
600 3297 661 3338 non
675 3297 743 3338 esse
761 3285 869 3339 contra
891 3279 1075 3358 theologiam
1086 3296 1120 3334 sa·

222 3379 315 3438 cram,
337 3379 405 3420 cum
428 3361 486 3420 hac
497 3362 617 3420 ratione
636 3360 745 3422 melior
758 3370 840 3421 esset
851 3362 988 3422 conditio
998 3365 1120 3441 peccato·

219 3444 269 3519 ris,
282 3462 372 3521 quarn
389 3443 468 3519 insti,
483 3444 532 3503 ubi
545 3443 665 3503 illenon
679 3451 830 3522 peccaret,
844 3447 876 3504 in
885 3463 946 3524 quc
958 3446 1054 3504 iustus
1068 3459 1120 3522 pec

219 3533 310 3586 caret.
349 3525 427 3585 Hinc
456 3526 516 3585 iam
545 3525 693 3603 videmus,
721 3527 803 3587 unde
831 3527 927 3587 fluant
955 3527 986 3588 S.
1013 3533 1117 3606 patrum

217 3609 397 3673 sententiae.

297 3689 486 3772 Augustinus
499 3690 551 3761 lib.
573 3694 603 3756 a.
615 3689 775 3754 confess:
793 3693 861 3752 Vae
876 3692 1034 3753 bominum
1047 3693 1123 3765 viae,

241 3868 276 3935 1)
299 3868 330 3925 lu
356 3866 425 3924 edd.
448 3868 527 3939 orig.
549 3863 646 3918 dcebt:
664 3860 712 3914 ab.
