2709 4417
424 347 483 401 suia
498 345 608 415 liparea
627 343 773 413 disputstis
792 359 816 397 a
833 340 905 407 ffl.
1055 337 1118 407 283

201 549 268 595 oum
287 532 503 614 indulgentiae
524 533 585 595 sint
604 533 803 594 remissiones
824 531 974 593 bonorum
990 548 1117 612 operum

203 625 232 676 et
252 615 422 679 salubrium
441 635 620 697 poenarum,
641 615 776 676 audeant
796 615 874 675 haeo
889 613 1119 695 bonaproflteri

203 696 390 776 Christiano,
413 698 591 761 ouiusbona
604 706 685 777 sunt,
707 717 775 759 esse
796 698 920 777 pienum
937 698 1025 759 bonis
1047 716 1119 777 opo-

204 780 284 842 ribus
308 790 342 843 et
360 783 471 862 poenis
494 783 603 859 erneis,
623 783 760 862 imagine
782 781 905 842 Domini
927 781 974 841 sui
997 779 1119 843 Christi.

282 864 406 927 Deinde
426 884 549 943 semper
570 873 657 936 sunt,
680 866 786 926 vitium
808 865 930 944 operis,
963 863 1034 924 dum
1056 881 1119 925 non

203 946 327 1009 daretur
349 948 393 1024 id,
416 947 498 1028 quod
522 947 619 1020 datur,
632 949 690 1008 nisi
702 947 908 1028 indulgentias
921 949 1033 1007 seirent
1053 944 1119 1007 red-

201 1028 332 1092 dendas.
374 1030 421 1093 Ita
441 1038 570 1111 propter
590 1031 704 1092 maium
726 1050 829 1106 suum,
861 1050 916 1091 seu
945 1030 1045 1091 minus
1065 1028 1120 1090 bo·

198 1132 292 1191 num,
315 1113 432 1175 ianiunt
451 1113 566 1175 bonum
589 1133 693 1193 snum,
722 1113 773 1174 ubi
805 1120 920 1189 certum
941 1121 1004 1187 est,
1037 1110 1119 1192 qnod

196 1214 262 1257 non
288 1198 445 1276 quaeritur
465 1197 559 1266 Deus,
582 1196 637 1257 sed
657 1198 726 1277 ipse
747 1196 851 1257 homo.

283 1279 403 1357 Teuta,
433 1286 464 1340 et
486 1279 604 1341 videbis
632 1299 680 1340 me
701 1299 807 1340 verum
836 1279 947 1339 dicere.
989 1277 1119 1341 Nsmin

194 1360 301 1438 ltalia,
324 1361 376 1425 ubi
391 1363 486 1444 gratis
507 1370 579 1423 aunt
589 1361 799 1444 indulgentiae
822 1362 935 1441 passim
950 1361 1120 1440 expositae,

195 1462 296 1504 nemo
320 1463 373 1505 eas
397 1452 491 1517 nutat,
512 1446 543 1505 in
567 1444 734 1507 Germania
755 1453 872 1519 eontra,
894 1445 952 1503 nisi
974 1443 1044 1517 des,
1067 1461 1120 1505 ess

194 1545 295 1587 nemo
318 1527 373 1590 tibi
396 1526 495 1605 dabit,
516 1529 561 1589 ita
581 1528 690 1589 mirum
712 1539 761 1588 est
781 1528 935 1607 ingenium
958 1524 1120 1607 induigen-

197 1610 333 1687 tiarum,
367 1608 452 1689 quod
478 1610 568 1671 aliter
595 1611 751 1688 initalia,
785 1610 874 1671 aliter
902 1611 934 1670 in
955 1608 1122 1691 Germania

195 1700 342 1772 regnent.

285 1774 378 1837 Idano
392 1776 651 1855 ‚propositionem
683 1775 834 1835 iohannes
851 1775 974 1835 'Eooius
1000 1773 1123 1853 Lipsiae

189 1859 409 1938 impugnavit,
432 1857 487 1919 sed
508 1858 567 1935 ita,
590 1867 622 1918 ut
649 1859 680 1919 in
701 1857 822 1917 sibilum
845 1876 925 1938 pene
947 1857 1037 1916 ierint
1059 1856 1121 1917 uni·

203 1958 315 2001 versae
336 1940 556 2020 indulgentiae,
578 1959 679 2019 neque
703 1942 770 2019 ipse
792 1941 872 1999 enim
895 1941 978 1999 visua
999 1945 1047 1999 est
1068 1956 1121 1999 eas

204 2022 422 2104 magnifacere,
443 2030 536 2102 atquo
558 2023 673 2084 utinsm
685 2024 746 2083 iam
769 2023 820 2083 diu
832 2024 878 2083 sic
898 2023 1026 2082 fuissent
1042 2039 1123 2081 oom-

203 2103 380 2182 mendatae,
401 2106 481 2166 siunt
502 2105 540 2167 ab
553 2106 647 2167 Eooio
670 2112 778 2166 nostro
792 2112 862 2166 suot
878 2103 1123 2180 commendatas,

205 2188 304 2248 minua
335 2189 512 2269 rapinarum
549 2194 581 2249 et
610 2188 779 2268 spoliorum
812 2189 954 2249 Romana
987 2188 1124 2248 avaratia

206 2270 328 2333 tulisset
349 2290 367 2331 e
389 2269 565 2349 Germani&
588 2277 650 2331 tum
672 2290 734 2331 non
758 2272 802 2331 ita
823 2268 1122 2331 irrisissentGerma·

207 2372 315 2415 norum
338 2352 497 2415 barbaram
519 2353 682 2425 ruditatem
703 2353 917 2414 Romanenaes
939 2352 1122 2432 populorum

207 2435 358 2497 illusores.
403 2435 513 2498 Cetera
533 2437 565 2496 in
586 2435 795 2498 Resolntorio.

510 2599 722 2661 Conolusio
751 2599 814 2662 XII.

267 2763 384 2845 Papam
438 2783 510 2825 osse
541 2765 697 2825 remittere
730 2783 852 2826 omnem
882 2783 1015 2844 poenam
1046 2783 1102 2844 pro

226 2847 363 2927 pennatis
380 2784 514 2909 deiitsm
529 2845 619 2913 huius
634 2854 665 2907 et
676 2847 794 2909 iuturus
805 2849 896 2924 vitae,
917 2853 949 2908 et
961 2847 1043 2926 quod
1057 2847 1101 2907 in·

225 2928 405 3010 dulgentiae
418 2937 546 3009 prosunt
555 2949 620 2992 non
630 2930 812 3006 criminosis,
827 2931 982 2991 somniant
995 2926 1103 2991 seourd

226 3011 431 3073 indoctissimi
445 3010 611 3091 sophistae
631 3019 664 3073 et
674 3014 810 3092 pestiferi
831 3013 1016 3090 adulatores,
1038 3031 1100 3073 non

223 3102 330 3155 tamen
352 3094 402 3155 vei
424 3100 499 3155 nutu
520 3102 650 3174 possunt
671 3097 846 3158 ostendere.

287 3174 330 3237 Et
349 3175 431 3237 hano
451 3195 543 3238 nemo
561 3196 726 3319 aggerens
747 3178 856 3256 adhue,
879 3197 972 3257 quem
984 3176 1123 3256 viderim,

206 3264 330 3338 praeter
360 3260 580 3339 propositionis
635 3261 761 3322 oniense
792 3267 934 3338 ventum,
965 3259 1004 3321 ad
1032 3278 1122 3338 quem

205 3361 267 3403 non
304 3348 354 3402 est
384 3348 492 3402 seouta
524 3341 639 3422 pluvia.
684 3343 797 3405 Verum
825 3345 898 3426 quia
925 3343 1054 3404 ethaeo
1076 3348 1124 3401 eet

202 3430 315 3487 eontra
337 3425 536 3487 novissimam
558 3424 802 3502 declaratoriam,
825 3445 903 3506 qnae
920 3425 1003 3505 dicit,
1026 3424 1122 3486 eoele-

202 3509 283 3567 siam
303 3507 461 3569 remittere
481 3526 600 3588 poenas
623 3526 678 3587 pro
696 3512 830 3588 pereatis
852 3507 1018 3572 seeundum
1040 3507 1122 3569 iusti·

202 3591 281 3651 tiam
305 3588 440 3649 divinam
462 3591 633 3670 requisitos,
655 3589 706 3651 his
727 3591 812 3654 dieo:

290 3671 420 3751 Saepius
442 3668 520 3752 dixi,
550 3671 713 3734 ecelesiam
739 3675 813 3735 nihil
834 3692 927 3756 posse
950 3677 1056 3732 eontra
1081 3672 1124 3731 iu-

202 3755 321 3815 stitiam
350 3753 484 3815 divinam
506 3761 636 3836 »praeter
657 3758 853 3839 orationem,
877 3756 938 3821 nisi
956 3754 1129 3835 senuimus,

190 3834 340 3892 iustitiam
363 3834 499 3897 divinam
525 3839 685 3923 «asopus.
730 3843 817 3910 Nam
844 3842 926 3909 miiri
945 3837 1074 3905 nntium
1091 3835 1147 3896 du-
