2709 4417
225 341 288 410 208
418 318 576 414 Iiisputstio
597 345 705 414 [lipsiae
723 345 819 398 habits
836 360 857 397 a.
877 343 939 396 xlx

224 529 278 590 scd
300 529 428 589 inultum
451 548 513 588 non
535 528 673 606 dimittit3
708 526 783 588 nihil
805 534 921 609 pugnat
949 534 1055 589 contra
1075 550 1120 594 rna.

224 613 386 673 Ulciscitur
407 613 506 690 enim,
538 612 604 671 sive
624 630 682 691 per
704 612 869 692 ipsummet
889 612 1044 672 homiuem
1064 631 1121 674 cou-

224 695 367 770 terendo‚
400 697 466 754 sive
487 714 543 774 per
563 695 726 755 ecclesiam
750 694 960 773 emendando,
998 696 1061 756 aive
1080 716 1123 775 par

223 797 257 838 se
280 780 378 858 ipsum
401 777 575 838 iudicando.
618 777 658 837 Et
687 778 748 837 hoo
783 778 919 838 ultimum
944 784 976 837 et
1007 779 1121 858 primun

223 880 320 941 genus
342 881 465 940 poenae
486 863 516 920 in
539 860 650 920 nultius
671 860 804 921 hominis
826 859 951 921 arbitrio
975 867 1037 940 est,
1059 863 1122 922 sicut

222 943 392 1023 Apostolus
415 948 437 1006 t.
453 944 522 1004 Gor.
544 947 563 1006 2
586 943 672 1013 dicio
698 942 729 1004 Si
742 963 799 1003 nos
814 945 900 1023 ipsos
922 942 1120 1025 iudicaremur,

137 1075 138 1080 ,
221 1045 285 1087 uon
309 1029 411 1105 utique
432 1026 634 1086 iudicaremur
654 1046 673 1085 a
695 1026 846 1106 Domino,
876 1032 945 1086 cu'm
970 1033 1068 1088 autem
1090 1030 1121 1087 in·

222 1108 357 1169 dicamur
379 1129 398 1168 a
418 1109 569 1188 Domino,
600 1111 795 1190 corripimur,
831 1115 862 1169 ut
891 1128 954 1169 non
988 1129 1054 1170 cum
1075 1110 1122 1172 hoc

224 1192 336 1251 mundo
358 1192 547 1253 damnemur.
589 1191 634 1252 tbi
656 1192 770 1253 clarum
794 1199 850 1270 est,
873 1193 1031 1272 quomodo
1053 1193 1120 1253 Deus

221 1295 354 1354 poenam
377 1278 518 1354 requirat»,
542 1283 573 1334 et
594 1295 655 1335 non
680 1277 822 1354 requirat

304 1357 435 1435 Quarto,
473 1359 677 1438 Augustinum
709 1379 764 1438 per
785 1357 965 1418 Gratianum
998 1358 1119 1438 relatum,

222 1440 306 1519 quod
328 1441 410 1500 Deus
433 1461 495 1500 uon
517 1444 710 1520 permitteret
743 1441 855 1500 malum
878 1439 972 1519 tieri‚-
993 1442 1048 1501 nisi
1078 1462 1119 1521 per

221 1524 367 1583 iustitiam
390 1523 465 1582 illud
478 1523 649 1584 ordinando
673 1524 782 1584 metius
803 1525 1022 1584 starefaceret:
1045 1526 1119 1586 miror

222 1606 258 1665 D.
281 1607 318 1666 D.
341 1606 424 1686 quod
445 1607 501 1666 has
525 1617 556 1667 et
578 1607 693 1667 similes
715 1608 896 1667 autoritates
919 1609 963 1667 ita
984 1609 1117 1668 consarci-

222 1695 291 1767 nat,
321 1709 388 1749 cum
413 1710 504 1750 nemo
527 1710 579 1749 eas
603 1696 713 1770 neget,
743 1698 796 1750 aut
817 1691 1003 1753 contrarium
1026 1692 1115 1770 sapiat.

222 1771 288 1852 Ego
310 1774 391 1833 euim
404 1773 475 1833 hoc
495 1774 594 1833 solum
618 1775 794 1854 impugnavi
811 1792 954 1852 sempor,
977 1772 1056 1853 quod
1076 1775 1116 1833 rir-

221 1861 285 1915 tute
307 1855 437 1915 clavium
461 1858 575 1916 iactant
594 1856 673 1915 solvi
702 1876 819 1936 poenas
849 1877 904 1936 per
924 1857 1068 1916 iustitiam
1085 1855 1115 1916 di-

223 1939 322 1997 vinam
344 1940 513 2017 requisitas.
557 1939 624 1999 Hoc
646 1941 727 1999 eninr
745 1959 807 1999 non
822 1939 915 2000 credo
929 1959 999 1999 esse
1020 1959 1115 2014 verum,

222 2041 280 2080 nec
302 2021 486 2101 probabitur.
510 2022 578 2082 Non
595 2024 675 2081 enirn
699 2022 777 2082 dixit
786 2021 824 2082 ad
840 2022 1019 2104 Petrum*):
1042 2021 1114 2101 Quod

222 2123 280 2184 ego
303 2105 380 2184 ligo,
419 2111 451 2164 tu
472 2107 589 2183 solves,
611 2104 682 2165 sed:
705 2105 918 2184 Quodcunque
933 2112 972 2166 -tn
995 2104 1115 2181 solveris,

221 2188 353 2246 solutum
375 2188 441 2247 erit.
961 2220 973 2231 ··

305 2270 435 2348 Quinto,
467 2271 542 2331 iilud
569 2271 609 2330 dc
631 2273 840 2350 poenitentiae
863 2271 1031 2331 medicina:
1061 2271 1115 2331 Nou

221 2351 333 2414 sufficit
353 2372 455 2413 mores
476 2357 506 2414 in
530 2355 638 2414 meiius
660 2355 857 2432 commutari,
885 2356 944 2415 nisi
971 2355 1061 2414 ctiam
1081 2373 1116 2413 ss-

220 2437 353 2496 tistaciat
375 2438 459 2514 Deo,
483 2437 521 2499 de
542 2439 579 2497 iis
601 2456 681 2517 quae
704 2439 876 2498 factasunt
898 2457 954 2518 per
977 2438 1116 2517 poeniten·

222 2520 282 2579 tiae
303 2519 454 2597 dolorem,
477 2540 534 2600 per
555 2520 733 2580 humilitatis
755 2522 913 2601 gemitum,
935 2539 991 2600 per
1012 2521 1118 2591 contriti

220 2602 321 2661 cordis
343 2601 533 2667 sacrificium.
575 2604 661 2663 Haec
683 2606 787 2664 omnia
806 2623 865 2684 ego
888 2623 979 2682 quam
1003 2605 1121 2663 maxime

221 2685 303 2744 volui
339 2704 479 2765 semper,
512 2687 636 2766 utquid
665 2706 746 2766 ergo
775 2707 829 2767 per
849 2687 1055 2767 indulgentias
1075 2688 1122 2746 ista

219 2769 370 2828 iactantur
391 2771 520 2845 remitti,
553 2771 578 2828 si
600 2788 662 2830 non
687 2769 815 2847 sufficit,
850 2788 950 2833 mores
972 2772 1003 2829 iu
1028 2769 1123 2830 metius

220 2859 424 2931 commutare,
447 2858 479 2913 et
499 2852 603 2927 divina
624 2854 739 2912 iustitia
761 2853 816 2913 has
839 2854 976 2932 requirat
998 2852 1124 2912 satisfac·

220 2935 340 2994 tiones?
363 2935 485 2995 Frustra
506 2955 579 3016 ergo
601 2935 750 3016 gloriatur
769 2937 808 2997 D.
822 2937 858 2997 D.
882 2936 965 3015 quod
987 2955 1050 2996 non
1072 2935 1125 2995 dic-

220 3025 282 3077 tum
305 3019 353 3096 sit,
377 3018 460 3097 quod
482 3026 598 3078 tautum
611 3020 790 3080 abstineatis
812 3039 832 3079 a
854 3019 1000 3099 peccatis,
1024 3017 1127 3078 sedda

219 3102 389 3180 praeteritis
411 3101 577 3181 deprecare
600 3103 775 3164 Dominum.
818 3103 858 3162 Et
871 3104 915 3162 sic
933 3108 1029 3182 patet,
1051 3101 1128 3181 quod

219 3183 318 3245 adhue
336 3185 427 3245 ‘nulla
438 3185 593 3265 Scriptura
615 3192 723 3247 contra
738 3205 787 3246 me
808 3185 941 3246 adducta
962 3191 1020 3263 est,
1043 3205 1130 3265 quan·

219 3287 310 3348 quam
337 3287 397 3348 ego
431 3289 555 3348 possem
587 3268 682 3330 multo
714 3270 857 3331 fortiores
886 3267 1034 3357 iuducere
1064 3287 1132 3331 con·

218 3357 266 3411 tra
287 3371 344 3412 me.
784 3372 786 3376 ·

302 3434 491 3513 Pertinace,
513 3433 637 3494 adducit
659 3435 865 3516 Augustinnm
887 3436 918 3494 in
939 3433 1132 3498 Euchiridio:

218 3516 309 3577 Dolet
343 3518 468 3577 omnino
499 3517 577 3577 haec
611 3521 709 3579 oratio
738 3520 865 3578 minima
892 3524 923 3578 et
957 3517 1135 3596 quotidiana

219 3607 362 3679 peccata,
399 3599 482 3660 delet
503 3608 534 3660 et
553 3600 623 3681 illa,
652 3621 671 3660 a
694 3601 803 3680 quibus
825 3604 886 3660 vita
909 3599 1045 3660 fidetium
1072 3619 1134 3660 sce·

216 3684 313 3744 lerata
333 3690 432 3767 gesta,
455 3683 511 3746 sed
532 3683 722 3766 poenitendo
740 3686 772 3745 in
795 3685 903 3744 metius
926 3690 1045 3744 mutata
1077 3689 1134 3744 etc.

613 3825 652 3832 -ο-

239 3887 268 3949 ’)
291 3884 396 3940 March.
417 3885 465 3942 16.
