<?xml version="1.0" encoding="UTF-8"?>
<!DOCTYPE html PUBLIC "-//W3C//DTD XHTML 1.0 Transitional//EN"
    "http://www.w3.org/TR/xhtml1/DTD/xhtml1-transitional.dtd">
<html xmlns="http://www.w3.org/1999/xhtml" xml:lang="en" lang="en">
 <head>
  <title>
</title>
<meta http-equiv="Content-Type" content="text/html;charset=utf-8" />
  <meta name='ocr-system' content='tesseract 3.04.00' />
  <meta name='ocr-capabilities' content='ocr_page ocr_carea ocr_par ocr_line ocrx_word'/>
</head>
<body>
  <div class='ocr_page' id='page_1' title='image "./operalatinavari00schmgoog_0296.png"; bbox 0 0 2709 4417; ppageno 0'>
   <div class='ocr_carea' id='block_1_1' title="bbox 219 352 915 427">
    <p class='ocr_par' dir='ltr' id='par_1_1' title="bbox 219 352 915 427">
     <span class='ocr_line' id='line_1_1' title="bbox 219 352 915 427; baseline -0.046 -1"><span class='ocrx_word' id='word_1_1' title='bbox 219 352 285 424; x_wconf 76' lang='grc'><strong>284</strong></span> <span class='ocrx_word' id='word_1_2' title='bbox 464 356 559 411; x_wconf 69' lang='lat' dir='ltr'><strong>naon</strong></span> <span class='ocrx_word' id='word_1_3' title='bbox 578 356 604 408; x_wconf 62' lang='lat' dir='ltr'><strong>lt</strong></span> <span class='ocrx_word' id='word_1_4' title='bbox 623 370 709 426; x_wconf 79' lang='lat' dir='ltr'><strong>aspar</strong></span> <span class='ocrx_word' id='word_1_5' title='bbox 726 356 915 427; x_wconf 55' lang='lat' dir='ltr'><strong>micon,</strong></span> 
     </span>
    </p>
   </div>
   <div class='ocr_carea' id='block_1_2' title="bbox 222 543 1136 3686">
    <p class='ocr_par' dir='ltr' id='par_1_2' title="bbox 222 543 1132 2015">
     <span class='ocr_line' id='line_1_2' title="bbox 222 543 1127 625; baseline -0.004 -16"><span class='ocrx_word' id='word_1_6' title='bbox 222 547 305 609; x_wconf 88' lang='lat' dir='ltr'><strong>bium</strong></span> <span class='ocrx_word' id='word_1_7' title='bbox 318 552 376 619; x_wconf 84' lang='lat' dir='ltr'><strong>ast,</strong></span> <span class='ocrx_word' id='word_1_8' title='bbox 398 562 526 625; x_wconf 83' lang='lat' dir='ltr'><strong>poenas,</strong></span> <span class='ocrx_word' id='word_1_9' title='bbox 548 562 625 624; x_wconf 87' lang='lat' dir='ltr'><strong>quaa</strong></span> <span class='ocrx_word' id='word_1_10' title='bbox 645 543 781 605; x_wconf 84' lang='lat' dir='ltr'><strong>ecclesia</strong></span> <span class='ocrx_word' id='word_1_11' title='bbox 790 544 918 624; x_wconf 77' lang='lat' dir='ltr'><strong>requirit</strong></span> <span class='ocrx_word' id='word_1_12' title='bbox 938 549 1127 624; x_wconf 83' lang='lat' dir='ltr'><strong>apeocatnre,</strong></span> 
     </span>
     <span class='ocr_line' id='line_1_3' title="bbox 223 626 1130 708; baseline -0.003 -17"><span class='ocrx_word' id='word_1_13' title='bbox 223 630 315 691; x_wconf 87' lang='lat' dir='ltr'><strong>simul</strong></span> <span class='ocrx_word' id='word_1_14' title='bbox 338 629 451 705; x_wconf 83' lang='lat' dir='ltr'>requiri</span> <span class='ocrx_word' id='word_1_15' title='bbox 472 629 617 688; x_wconf 88' lang='lat' dir='ltr'><strong>aiustitia</strong></span> <span class='ocrx_word' id='word_1_16' title='bbox 628 627 742 702; x_wconf 83' lang='lat' dir='ltr'><strong>divina,</strong></span> <span class='ocrx_word' id='word_1_17' title='bbox 764 646 821 707; x_wconf 93' lang='lat' dir='ltr'><strong>per</strong></span> <span class='ocrx_word' id='word_1_18' title='bbox 832 634 956 708; x_wconf 87' lang='lat' dir='ltr'><strong>pactum</strong></span> <span class='ocrx_word' id='word_1_19' title='bbox 979 626 1130 704; x_wconf 87' lang='lat' dir='ltr'><strong>quodlecit</strong></span> 
     </span>
     <span class='ocr_line' id='line_1_4' title="bbox 224 709 1130 790; baseline -0.003 -17"><span class='ocrx_word' id='word_1_20' title='bbox 224 732 293 774; x_wconf 87' lang='lat' dir='ltr'><strong>cnm</strong></span> <span class='ocrx_word' id='word_1_21' title='bbox 316 711 458 783; x_wconf 79' lang='lat' dir='ltr'><strong>ecelesia,</strong></span> <span class='ocrx_word' id='word_1_22' title='bbox 481 710 602 770; x_wconf 86' lang='lat' dir='ltr'><strong>dicens:</strong></span> <span class='ocrx_word' id='word_1_23' title='bbox 645 709 861 789; x_wconf 80' lang='lat' dir='ltr'><strong>Quodcunque</strong></span> <span class='ocrx_word' id='word_1_24' title='bbox 887 710 1033 790; x_wconf 76' lang='lat' dir='ltr'>ligaveris</span> <span class='ocrx_word' id='word_1_25' title='bbox 1054 728 1130 789; x_wconf 88' lang='lat' dir='ltr'><strong>snper</strong></span> 
     </span>
     <span class='ocr_line' id='line_1_5' title="bbox 224 791 1131 873; baseline -0.004 -16"><span class='ocrx_word' id='word_1_26' title='bbox 224 806 347 871; x_wconf 87' lang='lat' dir='ltr'><strong>terram,</strong></span> <span class='ocrx_word' id='word_1_27' title='bbox 369 793 496 873; x_wconf 82' lang='lat' dir='ltr'><strong>ligat-nm</strong></span> <span class='ocrx_word' id='word_1_28' title='bbox 519 792 614 864; x_wconf 84' lang='lat' dir='ltr'><strong>erit1)</strong></span> <span class='ocrx_word' id='word_1_29' title='bbox 638 800 671 854; x_wconf 89' lang='lat' dir='ltr'><strong>et</strong></span> <span class='ocrx_word' id='word_1_30' title='bbox 691 795 722 853; x_wconf 96' lang='lat' dir='ltr'><strong>in</strong></span> <span class='ocrx_word' id='word_1_31' title='bbox 744 793 850 853; x_wconf 87' lang='lat' dir='ltr'><strong>coelis.</strong></span> <span class='ocrx_word' id='word_1_32' title='bbox 885 792 946 854; x_wconf 91' lang='lat' dir='ltr'><strong>Ubi</strong></span> <span class='ocrx_word' id='word_1_33' title='bbox 968 792 1048 852; x_wconf 88' lang='lat' dir='ltr'><strong>clare</strong></span> <span class='ocrx_word' id='word_1_34' title='bbox 1070 791 1131 853; x_wconf 87' lang='lat' dir='ltr'><strong>dicit</strong></span> 
     </span>
     <span class='ocr_line' id='line_1_6' title="bbox 223 875 1131 959; baseline -0.001 -22"><span class='ocrx_word' id='word_1_35' title='bbox 223 878 313 959; x_wconf 84' lang='lat' dir='ltr'><strong>ligari</strong></span> <span class='ocrx_word' id='word_1_36' title='bbox 334 876 416 956; x_wconf 86' lang='lat' dir='ltr'><strong>apud</strong></span> <span class='ocrx_word' id='word_1_37' title='bbox 439 895 483 954; x_wconf 90' lang='lat' dir='ltr'><strong>se,</strong></span> <span class='ocrx_word' id='word_1_38' title='bbox 504 875 588 956; x_wconf 86' lang='lat' dir='ltr'><strong>quod</strong></span> <span class='ocrx_word' id='word_1_39' title='bbox 610 877 642 937; x_wconf 90' lang='lat' dir='ltr'><strong>in</strong></span> <span class='ocrx_word' id='word_1_40' title='bbox 664 875 798 937; x_wconf 87' lang='lat' dir='ltr'><strong>ecclesia</strong></span> <span class='ocrx_word' id='word_1_41' title='bbox 818 877 949 957; x_wconf 84' lang='lat' dir='ltr'><strong>ligatum</strong></span> <span class='ocrx_word' id='word_1_42' title='bbox 972 881 1028 954; x_wconf 76' lang='lat' dir='ltr'><strong>eat,</strong></span> <span class='ocrx_word' id='word_1_43' title='bbox 1048 876 1078 935; x_wconf 78' lang='lat' dir='ltr'><strong>dt</strong></span> <span class='ocrx_word' id='word_1_44' title='bbox 1097 877 1131 936; x_wconf 87' lang='lat' dir='ltr'><strong>ita</strong></span> 
     </span>
     <span class='ocr_line' id='line_1_7' title="bbox 224 959 1129 1040; baseline -0.002 -18"><span class='ocrx_word' id='word_1_45' title='bbox 224 967 379 1022; x_wconf 84' lang='lat' dir='ltr'><strong>consonat</strong></span> <span class='ocrx_word' id='word_1_46' title='bbox 398 960 514 1019; x_wconf 87' lang='lat' dir='ltr'><strong>iustitia</strong></span> <span class='ocrx_word' id='word_1_47' title='bbox 533 959 687 1020; x_wconf 86' lang='lat' dir='ltr'><strong>ecclesiae</strong></span> <span class='ocrx_word' id='word_1_48' title='bbox 715 966 748 1020; x_wconf 93' lang='lat' dir='ltr'><strong>et</strong></span> <span class='ocrx_word' id='word_1_49' title='bbox 766 959 825 1019; x_wconf 87' lang='lat' dir='ltr'><strong>Dei</strong></span> <span class='ocrx_word' id='word_1_50' title='bbox 854 976 949 1040; x_wconf 88' lang='lat' dir='ltr'><strong>super</strong></span> <span class='ocrx_word' id='word_1_51' title='bbox 991 965 1129 1020; x_wconf 84' lang='lat' dir='ltr'><strong>eccatore.</strong></span> 
     </span>
     <span class='ocr_line' id='line_1_8' title="bbox 224 1042 1132 1120; baseline 0 -18"><span class='ocrx_word' id='word_1_52' title='bbox 224 1044 340 1104; x_wconf 86' lang='lat' dir='ltr'><strong>Verum</strong></span> <span class='ocrx_word' id='word_1_53' title='bbox 360 1042 421 1104; x_wconf 90' lang='lat' dir='ltr'><strong>boc</strong></span> <span class='ocrx_word' id='word_1_54' title='bbox 437 1042 531 1103; x_wconf 92' lang='lat' dir='ltr'><strong>modo</strong></span> <span class='ocrx_word' id='word_1_55' title='bbox 552 1042 724 1103; x_wconf 86' lang='lat' dir='ltr'><strong>nonhabet</strong></span> <span class='ocrx_word' id='word_1_56' title='bbox 744 1057 817 1102; x_wconf 89' lang='lat' dir='ltr'><strong>nsua</strong></span> <span class='ocrx_word' id='word_1_57' title='bbox 839 1042 955 1120; x_wconf 88' lang='lat' dir='ltr'><strong>loquen</strong></span> <span class='ocrx_word' id='word_1_58' title='bbox 978 1042 999 1118; x_wconf 91' lang='lat' dir='ltr'><strong>i,</strong></span> <span class='ocrx_word' id='word_1_59' title='bbox 1020 1043 1069 1119; x_wconf 88' lang='lat' dir='ltr'><strong>qui</strong></span> <span class='ocrx_word' id='word_1_60' title='bbox 1088 1059 1132 1120; x_wconf 83' lang='lat' dir='ltr'><strong>per</strong></span> 
     </span>
     <span class='ocr_line' id='line_1_9' title="bbox 225 1122 1132 1206; baseline -0.002 -20"><span class='ocrx_word' id='word_1_61' title='bbox 225 1127 370 1187; x_wconf 84' lang='lat' dir='ltr'><strong>iustitiam</strong></span> <span class='ocrx_word' id='word_1_62' title='bbox 401 1125 535 1185; x_wconf 82' lang='lat' dir='ltr'><strong>divinam</strong></span> <span class='ocrx_word' id='word_1_63' title='bbox 567 1124 714 1206; x_wconf 81' lang='lat' dir='ltr'><strong>intelligit</strong></span> <span class='ocrx_word' id='word_1_64' title='bbox 741 1125 833 1185; x_wconf 87' lang='lat' dir='ltr'><strong>aliam</strong></span> <span class='ocrx_word' id='word_1_65' title='bbox 856 1122 1028 1198; x_wconf 75' lang='lat' dir='ltr'><strong>seorsim²l</strong></span> <span class='ocrx_word' id='word_1_66' title='bbox 1060 1131 1132 1184; x_wconf 83' lang='lat' dir='ltr'><strong>extra</strong></span> 
     </span>
     <span class='ocr_line' id='line_1_10' title="bbox 225 1206 1129 1290; baseline -0.003 -21"><span class='ocrx_word' id='word_1_67' title='bbox 225 1218 349 1290; x_wconf 87' lang='lat' dir='ltr'><strong>paetum</strong></span> <span class='ocrx_word' id='word_1_68' title='bbox 372 1209 518 1268; x_wconf 86' lang='lat' dir='ltr'><strong>iustitiam</strong></span> <span class='ocrx_word' id='word_1_69' title='bbox 542 1209 609 1286; x_wconf 88' lang='lat' dir='ltr'><strong>Dei,</strong></span> <span class='ocrx_word' id='word_1_70' title='bbox 631 1207 807 1271; x_wconf 84' lang='lat' dir='ltr'><strong>secundum</strong></span> <span class='ocrx_word' id='word_1_71' title='bbox 822 1226 915 1288; x_wconf 87' lang='lat' dir='ltr'><strong>quam</strong></span> <span class='ocrx_word' id='word_1_72' title='bbox 930 1206 1129 1267; x_wconf 82' lang='lat' dir='ltr'><strong>ecclesianos</strong></span> 
     </span>
     <span class='ocr_line' id='line_1_11' title="bbox 225 1288 1131 1435; baseline -0.003 0"><span class='ocrx_word' id='word_1_73' title='bbox 225 1292 373 1435; x_wconf 48' lang='lat' dir='ltr'><strong>333⁸th</strong></span> <span class='ocrx_word' id='word_1_74' title='bbox 383 1292 626 1434; x_wconf 49' lang='lat' dir='ltr'><strong>ufflmffltu</strong></span> <span class='ocrx_word' id='word_1_75' title='bbox 647 1291 779 1434; x_wconf 54' lang='lat' dir='ltr'><strong>ffidffl</strong></span> <span class='ocrx_word' id='word_1_76' title='bbox 788 1289 938 1434; x_wconf 38' lang='lat' dir='ltr'><strong>”affl</strong></span> <span class='ocrx_word' id='word_1_77' title='bbox 955 1288 1131 1433; x_wconf 47' lang='lat' dir='ltr'><strong>{inim</strong></span> 
     </span>
     <span class='ocr_line' id='line_1_12' title="bbox 226 1391 1128 1618; baseline -0.003 -18"><span class='ocrx_word' id='word_1_78' title='bbox 226 1391 1128 1618; x_wconf 50' lang='lat' dir='ltr'><strong>tertiarius‘restituerimus</strong></span> 
     </span>
     <span class='ocr_line' id='line_1_13' title="bbox 227 1583 1128 1704; baseline -0.001 -22"><span class='ocrx_word' id='word_1_79' title='bbox 227 1585 412 1702; x_wconf 69' lang='lat' dir='ltr'><strong>quocirnque</strong></span> <span class='ocrx_word' id='word_1_80' title='bbox 433 1585 621 1696; x_wconf 59' lang='lat' dir='ltr'><strong>sta&#39;tnantur,</strong></span> <span class='ocrx_word' id='word_1_81' title='bbox 644 1622 704 1682; x_wconf 92' lang='lat' dir='ltr'><strong>nisi</strong></span> <span class='ocrx_word' id='word_1_82' title='bbox 722 1623 797 1682; x_wconf 88' lang='lat' dir='ltr'><strong>assit</strong></span> <span class='ocrx_word' id='word_1_83' title='bbox 817 1620 955 1704; x_wconf 87' lang='lat' dir='ltr'><strong>probata</strong></span> <span class='ocrx_word' id='word_1_84' title='bbox 972 1583 1102 1682; x_wconf 59' lang='lat' dir='ltr'><strong>relatio²</strong></span> <span class='ocrx_word' id='word_1_85' title='bbox 1122 1640 1128 1681; x_wconf 92' lang='lat'><strong>:</strong></span> 
     </span>
     <span class='ocr_line' id='line_1_14' title="bbox 227 1703 1128 1784; baseline -0.002 -19"><span class='ocrx_word' id='word_1_86' title='bbox 227 1724 286 1765; x_wconf 86' lang='lat' dir='ltr'><strong>neo</strong></span> <span class='ocrx_word' id='word_1_87' title='bbox 307 1703 540 1764; x_wconf 85' lang='lat' dir='ltr'><strong>declaratoriam</strong></span> <span class='ocrx_word' id='word_1_88' title='bbox 563 1705 682 1771; x_wconf 87' lang='lat' dir='ltr'><strong>articuli</strong></span> <span class='ocrx_word' id='word_1_89' title='bbox 706 1707 924 1783; x_wconf 79' lang='lat' dir='ltr'><strong>cuiuscunque,</strong></span> <span class='ocrx_word' id='word_1_90' title='bbox 947 1704 1007 1763; x_wconf 86' lang='lat' dir='ltr'><strong>nisi</strong></span> <span class='ocrx_word' id='word_1_91' title='bbox 1029 1722 1082 1784; x_wconf 87' lang='lat' dir='ltr'><strong>per</strong></span> <span class='ocrx_word' id='word_1_92' title='bbox 1112 1705 1128 1762; x_wconf 92' lang='lat' dir='ltr'><strong>i·</strong></span> 
     </span>
     <span class='ocr_line' id='line_1_15' title="bbox 227 1785 1128 1868; baseline -0.001 -21"><span class='ocrx_word' id='word_1_93' title='bbox 227 1789 316 1848; x_wconf 85' lang='lat' dir='ltr'><strong>vinaa</strong></span> <span class='ocrx_word' id='word_1_94' title='bbox 337 1786 509 1866; x_wconf 73' lang='lat' dir='ltr'><strong>Scripturas</strong></span> <span class='ocrx_word' id='word_1_95' title='bbox 531 1786 752 1865; x_wconf 75' lang='lat' dir='ltr'>declaraverit,</span> <span class='ocrx_word' id='word_1_96' title='bbox 780 1806 906 1866; x_wconf 88' lang='lat' dir='ltr'><strong>quarum</strong></span> <span class='ocrx_word' id='word_1_97' title='bbox 937 1802 977 1846; x_wconf 87' lang='lat' dir='ltr'><strong>ne</strong></span> <span class='ocrx_word' id='word_1_98' title='bbox 999 1785 1128 1868; x_wconf 74' lang='lat' dir='ltr'><strong>syllabam</strong></span> 
     </span>
     <span class='ocr_line' id='line_1_16' title="bbox 227 1868 1128 1951; baseline -0.001 -22"><span class='ocrx_word' id='word_1_99' title='bbox 227 1870 351 1950; x_wconf 87' lang='lat' dir='ltr'><strong>quidem</strong></span> <span class='ocrx_word' id='word_1_100' title='bbox 372 1868 466 1931; x_wconf 87' lang='lat' dir='ltr'><strong>babet</strong></span> <span class='ocrx_word' id='word_1_101' title='bbox 486 1869 760 1932; x_wconf 86' lang='lat' dir='ltr'><strong>iatadeclaratoria</strong></span> <span class='ocrx_word' id='word_1_102' title='bbox 780 1871 917 1930; x_wconf 86' lang='lat' dir='ltr'><strong>iuriatiea</strong></span> <span class='ocrx_word' id='word_1_103' title='bbox 939 1871 1038 1951; x_wconf 83' lang='lat' dir='ltr'><strong>magis</strong></span> <span class='ocrx_word' id='word_1_104' title='bbox 1058 1887 1128 1948; x_wconf 83' lang='lat' dir='ltr'><strong>quan</strong></span> 
     </span>
     <span class='ocr_line' id='line_1_17' title="bbox 227 1953 415 2015; baseline 0 -1"><span class='ocrx_word' id='word_1_105' title='bbox 227 1953 333 2014; x_wconf 88' lang='lat' dir='ltr'><strong>tbeoln</strong></span> <span class='ocrx_word' id='word_1_106' title='bbox 358 1954 415 2015; x_wconf 76' lang='lat' dir='ltr'><strong>&#39;ca</strong></span> 
     </span>
    </p>

    <p class='ocr_par' dir='ltr' id='par_1_3' title="bbox 226 1973 1136 3353">
     <span class='ocr_line' id='line_1_18' title="bbox 308 1973 1125 2116; baseline -0.005 -22"><span class='ocrx_word' id='word_1_107' title='bbox 308 1973 364 2094; x_wconf 53' lang='grc' dir='ltr'><strong>ΑΞ]</strong></span> <span class='ocrx_word' id='word_1_108' title='bbox 378 2035 430 2094; x_wconf 88' lang='lat' dir='ltr'><strong>bic</strong></span> <span class='ocrx_word' id='word_1_109' title='bbox 450 2033 524 2093; x_wconf 89' lang='lat' dir='ltr'><strong>mihi</strong></span> <span class='ocrx_word' id='word_1_110' title='bbox 545 2033 745 2116; x_wconf 80' lang='lat' dir='ltr'><strong>obstrepunt,</strong></span> <span class='ocrx_word' id='word_1_111' title='bbox 778 2053 923 2114; x_wconf 84' lang='lat' dir='ltr'><strong>magnam</strong></span> <span class='ocrx_word' id='word_1_112' title='bbox 953 2038 984 2092; x_wconf 90' lang='lat' dir='ltr'><strong>et</strong></span> <span class='ocrx_word' id='word_1_113' title='bbox 1004 2030 1125 2091; x_wconf 77' lang='lat' dir='ltr'><strong>infallibi-</strong></span> 
     </span>
     <span class='ocr_line' id='line_1_19' title="bbox 226 2116 1125 2196; baseline -0.004 -18"><span class='ocrx_word' id='word_1_114' title='bbox 226 2117 289 2178; x_wconf 90' lang='lat' dir='ltr'><strong>lem</strong></span> <span class='ocrx_word' id='word_1_115' title='bbox 311 2137 381 2178; x_wconf 89' lang='lat' dir='ltr'><strong>esse</strong></span> <span class='ocrx_word' id='word_1_116' title='bbox 405 2118 601 2177; x_wconf 75' lang='lat' dir='ltr'><strong>autoritatem</strong></span> <span class='ocrx_word' id='word_1_117' title='bbox 624 2118 786 2194; x_wconf 85' lang='lat' dir='ltr'><strong>ecclesiae,</strong></span> <span class='ocrx_word' id='word_1_118' title='bbox 809 2135 890 2196; x_wconf 88' lang='lat' dir='ltr'><strong>quae</strong></span> <span class='ocrx_word' id='word_1_119' title='bbox 901 2116 1017 2196; x_wconf 86' lang='lat' dir='ltr'><strong>Spiritu</strong></span> <span class='ocrx_word' id='word_1_120' title='bbox 1037 2120 1125 2174; x_wconf 84' lang='lat' dir='ltr'><strong>sancto</strong></span> 
     </span>
     <span class='ocr_line' id='line_1_20' title="bbox 226 2197 1126 2280; baseline -0.006 -20"><span class='ocrx_word' id='word_1_121' title='bbox 226 2207 360 2279; x_wconf 86' lang='lat' dir='ltr'><strong>regatur.</strong></span> <span class='ocrx_word' id='word_1_122' title='bbox 392 2200 533 2278; x_wconf 87' lang='lat' dir='ltr'><strong>Denique</strong></span> <span class='ocrx_word' id='word_1_123' title='bbox 554 2201 641 2269; x_wconf 81' lang='lat' dir='ltr'><strong>iuxta</strong></span> <span class='ocrx_word' id='word_1_124' title='bbox 651 2200 872 2280; x_wconf 80' lang='lat' dir='ltr'><strong>Augustinnm:</strong></span> <span class='ocrx_word' id='word_1_125' title='bbox 894 2197 1067 2278; x_wconf 78' lang='lat' dir='ltr'><strong>Evangelio</strong></span> <span class='ocrx_word' id='word_1_126' title='bbox 1079 2215 1126 2256; x_wconf 91' lang='lat' dir='ltr'><strong>non</strong></span> 
     </span>
     <span class='ocr_line' id='line_1_21' title="bbox 228 2281 1129 2357; baseline -0.006 -14"><span class='ocrx_word' id='word_1_127' title='bbox 228 2282 395 2357; x_wconf 85' lang='lat' dir='ltr'><strong>crederem,</strong></span> <span class='ocrx_word' id='word_1_128' title='bbox 419 2283 476 2341; x_wconf 87' lang='lat' dir='ltr'><strong>nisi</strong></span> <span class='ocrx_word' id='word_1_129' title='bbox 499 2281 650 2342; x_wconf 83' lang='lat' dir='ltr'><strong>ecclesiae</strong></span> <span class='ocrx_word' id='word_1_130' title='bbox 667 2283 833 2342; x_wconf 77' lang='lat' dir='ltr'><strong>crederem.</strong></span> <span class='ocrx_word' id='word_1_131' title='bbox 867 2282 924 2342; x_wconf 86' lang='lat' dir='ltr'><strong>Hie</strong></span> <span class='ocrx_word' id='word_1_132' title='bbox 947 2298 1129 2341; x_wconf 82' lang='lat' dir='ltr'><strong>sanenorun</strong></span> 
     </span>
     <span class='ocr_line' id='line_1_22' title="bbox 226 2363 1131 2446; baseline -0.004 -21"><span class='ocrx_word' id='word_1_133' title='bbox 226 2366 356 2446; x_wconf 85' lang='lat' dir='ltr'><strong>pelagus</strong></span> <span class='ocrx_word' id='word_1_134' title='bbox 377 2364 597 2444; x_wconf 74' lang='lat' dir='ltr'><strong>disputationis</strong></span> <span class='ocrx_word' id='word_1_135' title='bbox 619 2364 828 2446; x_wconf 84' lang='lat' dir='ltr'><strong>navigandum</strong></span> <span class='ocrx_word' id='word_1_136' title='bbox 850 2372 908 2426; x_wconf 84' lang='lat' dir='ltr'><strong>est</strong></span> <span class='ocrx_word' id='word_1_137' title='bbox 954 2364 1049 2441; x_wconf 88' lang='lat' dir='ltr'><strong>Dico,</strong></span> <span class='ocrx_word' id='word_1_138' title='bbox 1070 2363 1131 2422; x_wconf 83' lang='lat' dir='ltr'><strong>sicut</strong></span> 
     </span>
     <span class='ocr_line' id='line_1_23' title="bbox 228 2444 1129 2528; baseline -0.004 -21"><span class='ocrx_word' id='word_1_139' title='bbox 228 2448 322 2528; x_wconf 92' lang='lat' dir='ltr'><strong>paulo</strong></span> <span class='ocrx_word' id='word_1_140' title='bbox 346 2456 418 2507; x_wconf 87' lang='lat' dir='ltr'><strong>ante</strong></span> <span class='ocrx_word' id='word_1_141' title='bbox 443 2447 525 2519; x_wconf 70' lang='lat' dir='ltr'><strong>dixi,</strong></span> <span class='ocrx_word' id='word_1_142' title='bbox 539 2467 682 2527; x_wconf 86' lang='lat' dir='ltr'><strong>magnam</strong></span> <span class='ocrx_word' id='word_1_143' title='bbox 705 2455 737 2508; x_wconf 92' lang='lat' dir='ltr'><strong>et</strong></span> <span class='ocrx_word' id='word_1_144' title='bbox 756 2447 950 2508; x_wconf 84' lang='lat' dir='ltr'><strong>infallibilem</strong></span> <span class='ocrx_word' id='word_1_145' title='bbox 963 2465 1033 2507; x_wconf 87' lang='lat' dir='ltr'><strong>esse</strong></span> <span class='ocrx_word' id='word_1_146' title='bbox 1054 2444 1129 2505; x_wconf 85' lang='lat' dir='ltr'><strong>eccle·</strong></span> 
     </span>
     <span class='ocr_line' id='line_1_24' title="bbox 230 2528 1130 2610; baseline -0.004 -20"><span class='ocrx_word' id='word_1_147' title='bbox 230 2531 295 2590; x_wconf 89' lang='lat' dir='ltr'><strong>siae</strong></span> <span class='ocrx_word' id='word_1_148' title='bbox 317 2532 523 2607; x_wconf 81' lang='lat' dir='ltr'><strong>autoritatem,</strong></span> <span class='ocrx_word' id='word_1_149' title='bbox 546 2530 629 2609; x_wconf 87' lang='lat' dir='ltr'><strong>quod</strong></span> <span class='ocrx_word' id='word_1_150' title='bbox 647 2533 753 2609; x_wconf 92' lang='lat' dir='ltr'><strong>spiritu</strong></span> <span class='ocrx_word' id='word_1_151' title='bbox 768 2529 878 2590; x_wconf 79' lang='lat' dir='ltr'><strong>Christi</strong></span> <span class='ocrx_word' id='word_1_152' title='bbox 900 2536 1035 2610; x_wconf 74' lang='lat' dir='ltr'><strong>regatur,</strong></span> <span class='ocrx_word' id='word_1_153' title='bbox 1057 2528 1130 2608; x_wconf 90' lang='lat' dir='ltr'><strong>pleno</strong></span> 
     </span>
     <span class='ocr_line' id='line_1_25' title="bbox 230 2611 1132 2693; baseline -0.004 -21"><span class='ocrx_word' id='word_1_154' title='bbox 230 2613 324 2672; x_wconf 91' lang='lat' dir='ltr'><strong>corde</strong></span> <span class='ocrx_word' id='word_1_155' title='bbox 357 2611 517 2672; x_wconf 87' lang='lat' dir='ltr'><strong>confiteor.</strong></span> <span class='ocrx_word' id='word_1_156' title='bbox 571 2613 632 2673; x_wconf 86' lang='lat' dir='ltr'><strong>Sed</strong></span> <span class='ocrx_word' id='word_1_157' title='bbox 666 2613 868 2693; x_wconf 88' lang='lat' dir='ltr'><strong>iurisperditia</strong></span> <span class='ocrx_word' id='word_1_158' title='bbox 901 2611 1081 2691; x_wconf 89' lang='lat' dir='ltr'><strong>quibusdam</strong></span> <span class='ocrx_word' id='word_1_159' title='bbox 1110 2616 1132 2668; x_wconf 88' lang='lat' dir='ltr'><strong>ct</strong></span> 
     </span>
     <span class='ocr_line' id='line_1_26' title="bbox 230 2694 1132 2775; baseline -0.004 -20"><span class='ocrx_word' id='word_1_160' title='bbox 230 2695 472 2755; x_wconf 86' lang='lat' dir='ltr'><strong>assentatoribus</strong></span> <span class='ocrx_word' id='word_1_161' title='bbox 485 2695 640 2775; x_wconf 85' lang='lat' dir='ltr'><strong>theologis</strong></span> <span class='ocrx_word' id='word_1_162' title='bbox 652 2694 800 2756; x_wconf 88' lang='lat' dir='ltr'><strong>debemus</strong></span> <span class='ocrx_word' id='word_1_163' title='bbox 814 2696 895 2755; x_wconf 88' lang='lat' dir='ltr'><strong>hano</strong></span> <span class='ocrx_word' id='word_1_164' title='bbox 907 2694 1132 2774; x_wconf 83' lang='lat' dir='ltr'><strong>intelligentiam,</strong></span> 
     </span>
     <span class='ocr_line' id='line_1_27' title="bbox 231 2776 1134 2858; baseline -0.004 -22"><span class='ocrx_word' id='word_1_165' title='bbox 231 2776 314 2857; x_wconf 92' lang='lat' dir='ltr'><strong>quod</strong></span> <span class='ocrx_word' id='word_1_166' title='bbox 336 2777 470 2838; x_wconf 87' lang='lat' dir='ltr'><strong>ecclesia</strong></span> <span class='ocrx_word' id='word_1_167' title='bbox 489 2777 530 2838; x_wconf 92' lang='lat' dir='ltr'><strong>ibi</strong></span> <span class='ocrx_word' id='word_1_168' title='bbox 552 2797 609 2858; x_wconf 90' lang='lat' dir='ltr'><strong>pro</strong></span> <span class='ocrx_word' id='word_1_169' title='bbox 622 2779 750 2839; x_wconf 85' lang='lat' dir='ltr'><strong>notariis</strong></span> <span class='ocrx_word' id='word_1_170' title='bbox 771 2785 803 2838; x_wconf 92' lang='lat' dir='ltr'><strong>et</strong></span> <span class='ocrx_word' id='word_1_171' title='bbox 824 2777 1077 2858; x_wconf 81' lang='lat' dir='ltr'><strong>poenitentiariis,</strong></span> <span class='ocrx_word' id='word_1_172' title='bbox 1094 2781 1134 2834; x_wconf 88' lang='lat' dir='ltr'><strong>aut</strong></span> 
     </span>
     <span class='ocr_line' id='line_1_28' title="bbox 231 2855 1133 2941; baseline -0.004 -21"><span class='ocrx_word' id='word_1_173' title='bbox 231 2862 385 2941; x_wconf 81' lang='lat' dir='ltr'><strong>magistris</strong></span> <span class='ocrx_word' id='word_1_174' title='bbox 408 2860 512 2939; x_wconf 90' lang='lat' dir='ltr'><strong>palatii</strong></span> <span class='ocrx_word' id='word_1_175' title='bbox 536 2860 639 2940; x_wconf 88' lang='lat' dir='ltr'><strong>Papae</strong></span> <span class='ocrx_word' id='word_1_176' title='bbox 661 2862 811 2940; x_wconf 85' lang='lat' dir='ltr'><strong>accipitur</strong></span> <span class='ocrx_word' id='word_1_177' title='bbox 839 2865 928 2935; x_wconf 86' lang='lat' dir='ltr'><strong>(nam</strong></span> <span class='ocrx_word' id='word_1_178' title='bbox 952 2860 1011 2940; x_wconf 85' lang='lat' dir='ltr'><strong>ipsi</strong></span> <span class='ocrx_word' id='word_1_179' title='bbox 1033 2855 1133 2938; x_wconf 87' lang='lat' dir='ltr'><strong>pontiti·</strong></span> 
     </span>
     <span class='ocr_line' id='line_1_29' title="bbox 231 2940 1134 3019; baseline -0.004 -17"><span class='ocrx_word' id='word_1_180' title='bbox 231 2962 284 3002; x_wconf 84' lang='lat' dir='ltr'><strong>oss</strong></span> <span class='ocrx_word' id='word_1_181' title='bbox 304 2963 374 3004; x_wconf 90' lang='lat' dir='ltr'><strong>raro</strong></span> <span class='ocrx_word' id='word_1_182' title='bbox 397 2943 453 3002; x_wconf 85' lang='lat' dir='ltr'><strong>bas</strong></span> <span class='ocrx_word' id='word_1_183' title='bbox 475 2961 525 3002; x_wconf 86' lang='lat' dir='ltr'><strong>res</strong></span> <span class='ocrx_word' id='word_1_184' title='bbox 547 2949 694 3019; x_wconf 82' lang='lat' dir='ltr'><strong>aurant),</strong></span> <span class='ocrx_word' id='word_1_185' title='bbox 716 2962 785 3003; x_wconf 91' lang='lat' dir='ltr'><strong>cum</strong></span> <span class='ocrx_word' id='word_1_186' title='bbox 808 2943 847 3003; x_wconf 93' lang='lat' dir='ltr'><strong>de</strong></span> <span class='ocrx_word' id='word_1_187' title='bbox 867 2940 1035 3003; x_wconf 86' lang='lat' dir='ltr'><strong>universali</strong></span> <span class='ocrx_word' id='word_1_188' title='bbox 1057 2941 1134 3001; x_wconf 83' lang='lat' dir='ltr'><strong>scole</strong></span> 
     </span>
     <span class='ocr_line' id='line_1_30' title="bbox 232 3025 1134 3103; baseline -0.006 -19"><span class='ocrx_word' id='word_1_189' title='bbox 232 3026 279 3085; x_wconf 87' lang='lat' dir='ltr'><strong>sia</strong></span> <span class='ocrx_word' id='word_1_190' title='bbox 301 3033 368 3087; x_wconf 87' lang='lat' dir='ltr'><strong>tota</strong></span> <span class='ocrx_word' id='word_1_191' title='bbox 387 3025 545 3103; x_wconf 88' lang='lat' dir='ltr'><strong>loquatur,</strong></span> <span class='ocrx_word' id='word_1_192' title='bbox 572 3044 635 3085; x_wconf 93' lang='lat' dir='ltr'><strong>nou</strong></span> <span class='ocrx_word' id='word_1_193' title='bbox 657 3025 697 3086; x_wconf 88' lang='lat' dir='ltr'><strong>de</strong></span> <span class='ocrx_word' id='word_1_194' title='bbox 718 3027 879 3086; x_wconf 88' lang='lat' dir='ltr'><strong>Romanae</strong></span> <span class='ocrx_word' id='word_1_195' title='bbox 908 3025 1060 3085; x_wconf 87' lang='lat' dir='ltr'><strong>ecclesiae</strong></span> <span class='ocrx_word' id='word_1_196' title='bbox 1079 3040 1134 3102; x_wconf 84' lang='lat' dir='ltr'><strong>qna</strong></span> 
     </span>
     <span class='ocr_line' id='line_1_31' title="bbox 232 3103 1136 3188; baseline 0.002 -22"><span class='ocrx_word' id='word_1_197' title='bbox 232 3107 302 3167; x_wconf 88' lang='lat' dir='ltr'><strong>darn</strong></span> <span class='ocrx_word' id='word_1_198' title='bbox 330 3127 440 3187; x_wconf 82' lang='lat' dir='ltr'><strong>parva.</strong></span> <span class='ocrx_word' id='word_1_199' title='bbox 472 3114 504 3166; x_wconf 94' lang='lat' dir='ltr'><strong>et</strong></span> <span class='ocrx_word' id='word_1_200' title='bbox 534 3126 756 3188; x_wconf 87' lang='lat' dir='ltr'><strong>nonnunquam</strong></span> <span class='ocrx_word' id='word_1_201' title='bbox 789 3109 939 3169; x_wconf 84' lang='lat' dir='ltr'><strong>vilissima</strong></span> <span class='ocrx_word' id='word_1_202' title='bbox 966 3114 1062 3187; x_wconf 88' lang='lat' dir='ltr'><strong>parte.</strong></span> <span class='ocrx_word' id='word_1_203' title='bbox 1105 3103 1136 3162; x_wconf 73' lang='lat' dir='ltr'><strong>El</strong></span> 
     </span>
     <span class='ocr_line' id='line_1_32' title="bbox 231 3187 1135 3261; baseline -0.009 -8"><span class='ocrx_word' id='word_1_204' title='bbox 231 3189 303 3253; x_wconf 90' lang='lat' dir='ltr'><strong>inde</strong></span> <span class='ocrx_word' id='word_1_205' title='bbox 324 3189 472 3250; x_wconf 88' lang='lat' dir='ltr'><strong>habemus</strong></span> <span class='ocrx_word' id='word_1_206' title='bbox 494 3191 585 3249; x_wconf 89' lang='lat' dir='ltr'><strong>etiam</strong></span> <span class='ocrx_word' id='word_1_207' title='bbox 608 3190 708 3251; x_wconf 91' lang='lat' dir='ltr'><strong>bullas</strong></span> <span class='ocrx_word' id='word_1_208' title='bbox 726 3197 757 3252; x_wconf 93' lang='lat' dir='ltr'><strong>et</strong></span> <span class='ocrx_word' id='word_1_209' title='bbox 777 3190 975 3251; x_wconf 83' lang='lat' dir='ltr'><strong>definitiones</strong></span> <span class='ocrx_word' id='word_1_210' title='bbox 998 3209 1037 3249; x_wconf 85' lang='lat' dir='ltr'><strong>ex</strong></span> <span class='ocrx_word' id='word_1_211' title='bbox 1058 3187 1135 3261; x_wconf 86' lang='lat' dir='ltr'><strong>Urbe,</strong></span> 
     </span>
     <span class='ocr_line' id='line_1_33' title="bbox 239 3271 584 3353; baseline 0 -21"><span class='ocrx_word' id='word_1_212' title='bbox 239 3272 346 3353; x_wconf 85' lang='lat' dir='ltr'><strong>dignas</strong></span> <span class='ocrx_word' id='word_1_213' title='bbox 368 3272 420 3332; x_wconf 89' lang='lat' dir='ltr'><strong>tali</strong></span> <span class='ocrx_word' id='word_1_214' title='bbox 443 3271 584 3332; x_wconf 87' lang='lat' dir='ltr'><strong>ecclesia.</strong></span> 
     </span>
    </p>

    <p class='ocr_par' dir='ltr' id='par_1_4' title="bbox 270 3353 1049 3436">
     <span class='ocr_line' id='line_1_34' title="bbox 270 3353 1049 3436; baseline 0 -22"><span class='ocrx_word' id='word_1_215' title='bbox 270 3424 275 3431; x_wconf 31' lang='grc' dir='ltr'><strong><em>Ι</em></strong></span> <span class='ocrx_word' id='word_1_216' title='bbox 337 3353 384 3414; x_wconf 81' lang='lat' dir='ltr'><strong>Ad</strong></span> <span class='ocrx_word' id='word_1_217' title='bbox 406 3356 600 3415; x_wconf 81' lang='lat' dir='ltr'><strong>autoritatem</strong></span> <span class='ocrx_word' id='word_1_218' title='bbox 623 3354 785 3436; x_wconf 81' lang='lat' dir='ltr'><strong>Augustini</strong></span> <span class='ocrx_word' id='word_1_219' title='bbox 807 3355 877 3417; x_wconf 89' lang='lat' dir='ltr'><strong>dion</strong></span> <span class='ocrx_word' id='word_1_220' title='bbox 901 3358 1049 3436; x_wconf 86' lang='lat' dir='ltr'><strong>primum:</strong></span> 
     </span>
    </p>

    <p class='ocr_par' dir='ltr' id='par_1_5' title="bbox 233 3436 1133 3686">
     <span class='ocr_line' id='line_1_35' title="bbox 293 3436 1133 3518; baseline -0.007 -21"><span class='ocrx_word' id='word_1_221' title='bbox 293 3438 371 3497; x_wconf 80' lang='lat' dir='ltr'><strong>Esse</strong></span> <span class='ocrx_word' id='word_1_222' title='bbox 393 3438 458 3496; x_wconf 83' lang='lat' dir='ltr'><strong>eius</strong></span> <span class='ocrx_word' id='word_1_223' title='bbox 476 3437 630 3518; x_wconf 86' lang='lat' dir='ltr'><strong>vulgatam</strong></span> <span class='ocrx_word' id='word_1_224' title='bbox 645 3439 837 3516; x_wconf 89' lang='lat' dir='ltr'><strong>quorundam</strong></span> <span class='ocrx_word' id='word_1_225' title='bbox 848 3440 1033 3499; x_wconf 87' lang='lat' dir='ltr'><strong>sententiam</strong></span> <span class='ocrx_word' id='word_1_226' title='bbox 1054 3436 1133 3496; x_wconf 87' lang='lat' dir='ltr'><strong>bano:</strong></span> 
     </span>
     <span class='ocr_line' id='line_1_36' title="bbox 233 3514 1133 3601; baseline -0.008 -20"><span class='ocrx_word' id='word_1_227' title='bbox 233 3520 404 3601; x_wconf 81' lang='lat' dir='ltr'><strong>Evangelio</strong></span> <span class='ocrx_word' id='word_1_228' title='bbox 426 3537 489 3579; x_wconf 92' lang='lat' dir='ltr'><strong>uon</strong></span> <span class='ocrx_word' id='word_1_229' title='bbox 501 3521 668 3596; x_wconf 85' lang='lat' dir='ltr'><strong>crederem,</strong></span> <span class='ocrx_word' id='word_1_230' title='bbox 690 3523 746 3581; x_wconf 87' lang='lat' dir='ltr'><strong>nisi</strong></span> <span class='ocrx_word' id='word_1_231' title='bbox 760 3522 912 3583; x_wconf 88' lang='lat' dir='ltr'><strong>ecclesias</strong></span> <span class='ocrx_word' id='word_1_232' title='bbox 934 3521 1094 3593; x_wconf 89' lang='lat' dir='ltr'><strong>crederem,</strong></span> <span class='ocrx_word' id='word_1_233' title='bbox 1111 3514 1133 3574; x_wconf 93' lang='lat' dir='ltr'><strong>id</strong></span> 
     </span>
     <span class='ocr_line' id='line_1_37' title="bbox 235 3596 1132 3686; baseline -0.007 -22"><span class='ocrx_word' id='word_1_234' title='bbox 235 3613 292 3682; x_wconf 88' lang='lat' dir='ltr'><strong>est,</strong></span> <span class='ocrx_word' id='word_1_235' title='bbox 315 3605 383 3683; x_wconf 88' lang='lat' dir='ltr'><strong>plus</strong></span> <span class='ocrx_word' id='word_1_236' title='bbox 406 3601 498 3663; x_wconf 84' lang='lat' dir='ltr'><strong>credo</strong></span> <span class='ocrx_word' id='word_1_237' title='bbox 522 3603 683 3680; x_wconf 84' lang='lat' dir='ltr'><strong>ecclesiae,</strong></span> <span class='ocrx_word' id='word_1_238' title='bbox 705 3624 796 3683; x_wconf 88' lang='lat' dir='ltr'><strong>quam</strong></span> <span class='ocrx_word' id='word_1_239' title='bbox 814 3603 996 3686; x_wconf 76' lang='lat' dir='ltr'><strong>Evangelio.</strong></span> <span class='ocrx_word' id='word_1_240' title='bbox 1017 3596 1132 3680; x_wconf 80' lang='lat' dir='ltr'><strong>thnod</strong></span> 
     </span>
    </p>
   </div>
   <div class='ocr_carea' id='block_1_3' title="bbox 213 3770 1155 3922">
    <p class='ocr_par' dir='ltr' id='par_1_6' title="bbox 213 3770 1155 3922">
     <span class='ocr_line' id='line_1_38' title="bbox 282 3770 1155 3848; baseline -0.032 -9"><span class='ocrx_word' id='word_1_241' title='bbox 282 3781 313 3848; x_wconf 74' lang='lat' dir='ltr'><strong>l)</strong></span> <span class='ocrx_word' id='word_1_242' title='bbox 335 3779 367 3836; x_wconf 88' lang='lat' dir='ltr'><strong>In</strong></span> <span class='ocrx_word' id='word_1_243' title='bbox 388 3784 455 3842; x_wconf 83' lang='lat' dir='ltr'><strong>edd.</strong></span> <span class='ocrx_word' id='word_1_244' title='bbox 475 3778 565 3846; x_wconf 64' lang='lat' dir='ltr'><strong>orig-&#39;-</strong></span> <span class='ocrx_word' id='word_1_245' title='bbox 602 3776 699 3846; x_wconf 61' lang='lat' dir='ltr'><strong>l&#39;lssbta</strong></span> <span class='ocrx_word' id='word_1_246' title='bbox 716 3777 809 3826; x_wconf 69' lang='lat' dir='ltr'><strong>arunt.</strong></span> <span class='ocrx_word' id='word_1_247' title='bbox 858 3771 897 3822; x_wconf 67' lang='lat' dir='ltr'><strong>‘tt</strong></span> <span class='ocrx_word' id='word_1_248' title='bbox 911 3770 1002 3822; x_wconf 64' lang='lat' dir='ltr'><strong>birds.</strong></span> <span class='ocrx_word' id='word_1_249' title='bbox 1033 3778 1155 3833; x_wconf 45' lang='lat' dir='ltr'><strong>seuram,</strong></span> 
     </span>
     <span class='ocr_line' id='line_1_39' title="bbox 213 3841 870 3922; baseline -0.052 2"><span class='ocrx_word' id='word_1_250' title='bbox 213 3854 251 3922; x_wconf 82' lang='lat'><strong>3)</strong></span> <span class='ocrx_word' id='word_1_251' title='bbox 272 3855 366 3914; x_wconf 72' lang='lat' dir='ltr'><strong>Ibin:</strong></span> <span class='ocrx_word' id='word_1_252' title='bbox 384 3859 425 3917; x_wconf 86' lang='lat' dir='ltr'><strong>de</strong></span> <span class='ocrx_word' id='word_1_253' title='bbox 444 3862 512 3919; x_wconf 73' lang='lat' dir='ltr'><strong>hoc.</strong></span> <span class='ocrx_word' id='word_1_254' title='bbox 553 3849 589 3920; x_wconf 72' lang='lat'><strong>4)</strong></span> <span class='ocrx_word' id='word_1_255' title='bbox 611 3847 701 3902; x_wconf 67' lang='lat' dir='ltr'><strong>lb&#39;tdc.</strong></span> <span class='ocrx_word' id='word_1_256' title='bbox 719 3841 870 3897; x_wconf 61' lang='lat' dir='ltr'><strong>medaba.</strong></span> 
     </span>
    </p>
   </div>
   <div class='ocr_carea' id='block_1_4' title="bbox 0 0 1376 4417">
    <p class='ocr_par' dir='ltr' id='par_1_7' title="bbox 0 0 1376 4417">
     <span class='ocr_line' id='line_1_40' title="bbox 0 0 1376 4417; baseline 0 0"><span class='ocrx_word' id='word_1_257' title='bbox 0 0 1376 4417; x_wconf 95' lang='lat' dir='ltr'><strong> </strong></span> 
     </span>
    </p>
   </div>
  </div>
 </body>
</html>
