2709 4417
271 335 334 404 160
465 337 624 413 Disputatio
641 342 751 411 lipsius
770 342 866 397 habits
884 359 909 397 a.
928 342 994 397 XlX

272 532 404 593 maiores
431 530 588 593 molestias
616 531 729 591 sentiat
761 537 851 591 extra
872 548 985 611 corpus
1006 531 1040 591 in
1063 533 1177 595 animal

272 614 344 693 quid
364 615 458 693 iuvat,
480 616 507 675 si
535 614 660 692 quiesco
684 634 704 674 a
725 609 818 689 febri,
842 620 873 674 et
893 613 1022 690 infestor
1044 614 1176 679 calculos

353 699 399 758 De
410 698 521 762 Christi
541 697 644 775 quiete
665 695 749 757 aliud
764 703 820 772 est,
842 698 1099 760 resurrectionem
1119 699 1176 762 abs-
1212 702 1214 729 ÷

270 798 330 859 que
351 782 546 861 corruptione
568 786 778 858 exspectante.
800 780 888 839 Beati
909 798 1002 861 ergo,
1024 782 1077 860 qui
1097 785 1175 844 mori-

271 869 361 925 untur
381 865 409 923 in
435 864 578 925 Domino.
602 860 664 922 Sed
686 863 753 941 quis
775 862 910 923 dicturus
931 869 982 924 est
1001 865 1192 944 corpusne,

269 952 351 1006 atum
374 947 432 1007 nisi
453 966 508 1027 per
527 944 761 1006 redundantiam
779 946 901 1005 animas
923 947 955 1007 iu
978 947 1111 1026 corpus?
1131 949 1173 1011 sis

269 1028 309 1090 ds
328 1030 363 1090 B.
386 1028 553 1109 Stephano,
573 1029 625 1107 qui
647 1028 678 1087 in
701 1028 834 1088 Domino
857 1027 1053 1091 obdormivit.
1098 1032 1105 1039 '

349 1112 491 1190 Demum,
511 1112 618 1190 inquit,
640 1129 689 1170 me
710 1117 816 1190 petere
836 1112 1041 1191 principium:
1064 1113 1174 1177 suntin

270 1213 363 1275 pace,
389 1202 421 1255 et
446 1201 548 1255 tamen
581 1194 626 1255 eis
649 1194 780 1273 petimus
800 1213 919 1273 pacem.
962 1194 1004 1256 Et
1025 1197 1097 1275 quia
1115 1197 1173 1259 ridi·

271 1278 372 1338 culum
395 1285 451 1357 est,
474 1277 586 1338 referre
608 1295 715 1355 pacem
733 1276 868 1337 habitam
890 1277 930 1337 ad
943 1295 1067 1358 corpus,
1088 1282 1173 1360 sequi·

275 1366 332 1438 tur,
353 1360 437 1421 illam
459 1379 528 1421 esse
549 1361 580 1419 in
603 1360 706 1419 enimn
726 1361 883 1421 scientiam
907 1362 1089 1423 securitatis.

352 1443 443 1520 Quod
476 1444 535 1522 ait,
563 1462 674 1503 sesua
696 1441 827 1522 probare
854 1461 918 1504 non
939 1462 1050 1524 posse,
1078 1453 1171 1526 reputo
1212 1502 1214 1509 .

271 1527 474 1602 verissimum,
492 1531 600 1586 conus
621 1525 671 1585 alii
695 1545 750 1585 sua
771 1524 913 1604 probant,
935 1528 1076 1606 quamvis
1096 1530 1172 1609 perti·
1207 1554 1215 1591 r

271 1628 333 1670 nax
354 1616 387 1670 et
407 1610 581 1670 cervicosus
604 1609 695 1669 etlam
718 1607 1033 1671 demonstrationibus
1055 1630 1115 1673 uon
1132 1631 1170 1673 ac
1199 1638 1214 1675 r

271 1695 417 1772 quiescat,
439 1693 511 1772 quin
533 1710 655 1771 semper
664 1689 873 1769 contenderet,
895 1711 959 1753 non
981 1692 1170 1757 essedemon·
1198 1722 1214 1754 .:

270 1776 459 1853 strationem,
481 1774 564 1834 velut
584 1773 751 1855 Gregorius
772 1773 900 1837 Arimin.
922 1781 954 1835 et
977 1776 1083 1838 Petrus
1103 1777 1168 1841 su
1196 1802 1215 1837 a

269 1859 369 1919 censis
377 1857 535 1919 Aristoteli
555 1857 670 1918 faciunt
691 1859 722 1917 in
743 1857 914 1918 rationibus
936 1858 977 1919 de
998 1860 1165 1939 primomc-
1195 1882 1214 1923 ·=·

269 1947 336 2003 tore
358 1943 388 2002 in
409 1947 438 2006 7.
463 1946 495 2001 et
515 1943 544 2004 8.
567 1940 775 2020 Physicorum.
818 1938 922 2014 Quare
939 1960 1008 2003 cum
1031 1946 1165 2005 communi
1193 1950 1214 2041 p.

204 2069 216 2085 .
270 2023 420 2088 concludo
449 2024 616 2107 sententia,
649 2029 681 2084 et
711 2024 741 2082 in
764 2025 941 2104 purgatorio
970 2027 1164 2107 gratiamur
1192 2048 1215 2091 ς

271 2109 392 2188 augeri,
415 2111 446 2168 et
467 2126 520 2169 eas
542 2114 640 2167 certas
663 2125 733 2167 esse
754 2105 793 2167 de
815 2107 928 2170 salute.
1193 2128 1208 2147 ·-

586 2271 865 2360 noningentis.
1163 2304 1165 2309 -
1193 2236 1214 2329 ἶ

270 2423 340 2486 Die
362 2422 680 2503 undecimalulii,
701 2442 799 2504 quae
819 2424 897 2484 fuit
917 2423 1168 2508 diesLunae¹).
1209 2400 1214 2407 ⁶

655 2588 807 2650 Eccius.

335 2727 366 2784 ln
389 2722 512 2805 primis,
536 2728 700 2801 antequam
723 2724 907 2785 descendam
930 2726 962 2786 in
985 2726 1065 2787 hanc
1086 2727 1169 2808 dispo

272 2808 421 2869 tationem
443 2804 708 2888 indulgentiarum,
731 2814 894 2888 protestor,
916 2828 979 2871 non
995 2829 1064 2871 esse
1077 2810 1170 2871 mentis

270 2904 380 2970 meae,
402 2896 454 2951 aut
473 2889 680 2969 propositum,
709 2891 790 2951 velle
810 2890 869 2951 hcc
890 2911 960 2953 msa
981 2892 1027 2952 dis
1051 2895 1171 2954 utaticne

270 2974 484 3037 contravenire
500 2971 646 3033 mandatis
668 2975 779 3034 summi
792 2973 957 3055 Pontificis,
980 2912 1089 3056 quidus
1103 2995 1171 3037 man·

269 3058 373 3121 datin
395 3057 518 3117 decreto
540 3056 719 3135 incipiente:
748 3056 824 3117 Cum
846 3064 1030 3138 postquam,
1053 3077 1113 3120 non
1133 3058 1171 3119 de·

269 3141 341 3203 bere
363 3139 486 3201 defendi
508 3138 557 3198 vel
578 3140 749 3218 praedicari
770 3143 957 3201 conmarium
979 3144 1071 3204 certis
1092 3160 1172 3224 punc·

269 3225 308 3285 tis
330 3226 369 3287 de'
395 3222 608 3302 indulgentiis,
636 3223 692 3284 sub
719 3242 822 3304 poena
849 3226 1171 3303 excommunicationis,

269 3308 324 3370 sed
346 3308 442 3388 magis
464 3324 532 3366 esse
548 3305 727 3367 intentionis
750 3324 859 3385 meae,
890 3306 1057 3370 defendere
1078 3309 1171 3369 verita·

270 3397 330 3452 tem
353 3393 384 3451 in
406 3389 515 3451 eodem
538 3387 662 3450 decreto
686 3389 898 3470 approbatam.
940 3388 1009 3466 Quo
1033 3392 1078 3453 sic
1099 3409 1171 3472 prae

186 3466 191 3477 ’
269 3473 347 3553 icto,
377 3472 492 3533 accedo
515 3471 555 3532 ad
575 3472 815 3553 impugnandam
837 3472 1069 3536 conclusionem
1091 3473 1170 3536 unde

270 3575 387 3618 c1mam.
1130 3572 1133 3581 ·

350 3640 460 3700 Dicere
480 3636 686 3718 indulgentias
708 3658 778 3700 esse
799 3639 889 3700 utiles
911 3638 1107 3719 Christianis,
1133 3644 1170 3701 est

266 3742 369 3785 verum
393 3728 428 3785 et
445 3723 548 3806 pium,
583 3740 645 3784 nee
659 3720 874 3803 indulgentiae
893 3731 967 3782 suut
982 3725 1092 3782 uitium
1109 3722 1170 3783 honi

215 3902 218 3908 ·
263 3873 320 3943 ’1)
342 3873 467 3930 Loesch.
490 3890 529 3929 ex
540 3869 619 3926 mco
642 3868 784 3924 annotata
798 3865 877 3916 nora
893 3836 1034 3924 septima.
