2709 4417
371 396 374 403 .
394 350 452 402 suis
470 349 578 419 Lipsiae
591 348 740 419 disputatis
759 366 783 404 a.
805 349 879 406 xlx.
1035 318 1101 417 249

199 535 420 596 onstantien'se
462 535 579 615 malel)
621 535 786 597 damnasse
824 535 907 596 huno
940 537 1100 598 articulum

199 615 332 677 >hannis
357 618 456 679 Hnss:
492 619 577 698 Papa
609 639 672 680 non
705 625 753 679 est
785 621 850 680 iure
879 618 983 682 divino
1011 640 1103 700 super

199 698 289 759 mnes'
311 701 471 764 ecelesias.
513 702 590 762 Nam
616 704 641 762 si
662 703 805 763 Romana
826 703 958 763 eeclesia
979 711 1113 784 etpapa.

199 788 224 840 rt
245 783 316 842 iure
337 784 445 844 divino
468 803 560 864 super
583 785 853 847 omneseoolesias
876 793 907 846 et
927 806 1101 865 supernon-

199 854 298 941 ssium,
323 877 432 943 eontra
452 869 501 928 ius
514 868 650 930 divinum
672 867 906 928 determinatum
930 876 977 930 est
1000 869 1101 949 (quod

199 954 224 1006 st
246 949 467 1028 impiissimum
478 959 509 1011 et
518 949 739 1032 haereticum),
752 970 862 1031 papam
879 957 911 1012 et
930 953 1102 1014 Romanam

200 1031 349 1092 colesium
374 1053 443 1095 esse
469 1034 550 1094 inira
571 1034 735 1095 concilium
757 1040 905 1094 ettotam
929 1035 1103 1114 eeclesiam,

198 1115 249 1174 uia
277 1135 342 1176 non
365 1120 413 1177 est
434 1118 464 1177 in
488 1137 580 1177 manu
603 1116 754 1178 eeclesiae
775 1124 828 1177 aut
850 1117 971 1178 oonoiiii
992 1120 1038 1178 ius
1060 1119 1103 1178 di-

200 1198 287 1256 inum
312 1199 488 1280 infringere,
511 1199 643 1279 ideoque
665 1200 840 1278 nonpotnit
854 1220 966 1280 papam
989 1201 1103 1262 velde-

199 1299 300 1340 onere
324 1283 602 1347 vslsoonstituere.
645 1283 693 1342 An
725 1282 824 1342 credis
853 1302 1013 1362 passurum
1042 1286 1103 1365 epi-

201 1381 313 1443 sopum
335 1365 570 1444 Lugdunensem
591 1384 660 1425 sese
673 1364 787 1444 deponi
812 1365 862 1426 vel
883 1367 1027 1426 constitui
1048 1387 1103 1446 per

199 1447 365 1526 apisoopum
378 1447 601 1529 Mogontinum,
624 1448 650 1508 si
661 1449 726 1508 iure
748 1447 852 1508 divino
867 1468 901 1508 se
913 1451 1100 1528 superiorem

199 1529 368 1609 iognntino
391 1532 493 1610 sciret,
516 1529 739 1610 quantumlibet
761 1532 885 1590 meritus
906 1512 1015 1591 fueriti
1036 1532 1102 1593 lmo

199 1631 246 1670 ron
268 1611 299 1670 id
321 1615 385 1690 pati
408 1612 552 1692 deberet,
580 1614 639 1673 nisi
662 1613 768 1673 maliet
789 1614 900 1694 impius
923 1621 954 1674 et
974 1614 1102 1675 haereti·

199 1691 242 1753 ms
258 1714 335 1762 esse.
366 1696 412 1756 Ita
434 1698 523 1758 Rom.
543 1697 707 1776 episeopus
729 1715 794 1756 non
805 1702 909 1775 potest
931 1715 990 1756 neo
1011 1696 1104 1758 debet

199 1777 246 1836 rati
268 1796 302 1837 se
323 1798 342 1838 a
365 1780 497 1840 oonsilio
518 1781 585 1860 regi
606 1785 638 1838 et
660 1779 777 1850 statui,
800 1779 825 1837 si
848 1784 1008 1858 estsuper
1030 1799 1101 1840 oon-

199 1859 286 1919 silium
314 1869 345 1935 et
374 1862 538 1922 ecelesiam
576 1862 641 1920 iure
674 1859 788 1922 divino.
831 1861 905 1920 Eius
938 1862 1019 1920 enim
1055 1868 1103 1922 est

199 1961 300 2021 regere,
322 1962 384 2002 non
408 1945 484 2024 regi,
506 1945 558 2022 qui
578 1945 643 2003 iure
664 1942 768 2003 divino
790 1944 930 2023 superior
951 1950 1008 2004 est.

268 2025 368 2104 Atque
389 2027 432 2086 ita
454 2033 556 2107 patet,
592 2026 830 2087 Constantiense
852 2025 1016 2086 eonsilium
1048 2035 1101 2086 aut

202 2108 343 2167 articulum
366 2109 458 2169 Hussi
481 2110 562 2170 male
584 2108 765 2186 damnasse,
788 2115 840 2168 aut
862 2115 969 2169 oontra
991 2109 1038 2169 ius
1060 2109 1102 2170 di·

202 2191 286 2249 vinum
307 2192 401 2271 impie
424 2191 645 2252 determinasse
667 2198 699 2251 st
720 2191 831 2272 egisse.

268 2272 326 2332 Sed
349 2274 429 2336 nitra
450 2274 520 2334 vide
543 2274 670 2354 Spiritus
704 2274 803 2333 sauoti
830 2275 1036 2353 praesentiam
1069 2275 1099 2359 ip

203 2354 328 2434 ecelesia,
364 2356 395 2416 id
418 2357 499 2436 quod
529 2358 559 2416 in
582 2357 812 2417 Constantiensi
835 2357 968 2417 oonsilio
1001 2355 1099 2416 detor·
1139 2417 1164 2437 „

203 2438 328 2498 minatum
352 2446 408 2518 est,
431 2459 543 2520 papam
566 2437 721 2513 seilicet²i
747 2458 816 2499 esse
837 2438 915 2498 inira
938 2438 1101 2499 consilium

202 2521 396 2600 aecclesiam,
418 2542 456 2582 ao
473 2542 529 2602 per
543 2521 713 2582 Basiliense
735 2520 945 2582 confirmatum
963 2521 1022 2580 iam
1046 2541 1100 2582 uo-

202 2602 306 2664 vissimo
329 2605 470 2665 Romano
494 2605 626 2665 oonsilio
649 2610 697 2664 est
718 2603 925 2684 reprobatum,
948 2611 980 2663 et
1001 2609 1097 2664 totum

201 2681 351 2747 Basiliense
373 2688 564 2767 abrogatum,
587 2694 680 2766 atque
713 2693 873 2764 statutum,
894 2706 1004 2766 papam
1030 2706 1100 2746 esse

199 2770 366 2846 superiorem
397 2771 542 2851 oonoilio.
585 2769 664 2844 Quid
700 2769 749 2828 hio
776 2768 935 2828 dicemus?
970 2788 1099 2830 neeesse
1136 2786 1146 2798 ·

199 2857 244 2928 ut,
288 2860 340 2912 aut
376 2854 548 2913 Romanum
583 2858 635 2913 aut
668 2852 905 2912 Constantiouse
937 2852 1099 2911 oonoilium

199 2935 366 2994 rasretioum
388 2954 466 3012 esse,
489 2937 514 2996 si
538 2955 599 2996 non
620 2933 695 2994 lieet
715 2933 876 2994 adeoretis
899 2934 1098 2995 consiliorum

200 3016 332 3078 eredere.
649 3032 658 3043 ’

260 3101 401 3180 Denique
432 3101 483 3160 via
511 3101 571 3160 iam
600 3099 690 3160 nobis
717 3100 798 3159 faeta
819 3105 867 3159 est
887 3094 1098 3239 enarrandi?

199 3184 376 3243 minuitatem
415 3183 622 3244 Consiliorum
664 3190 696 3242 et
734 3182 829 3242 libere
870 3179 1099 3241 oontmdioeni

199 3275 285 3325 onim
309 3266 415 3346 gestis,
437 3284 474 3324 ao
495 3264 769 3325 iudicandieorum
790 3263 921 3324 denseta.
966 3262 1043 3321 Nam
1067 3268 1100 3321 ut

202 3349 293 3420 inunt,
315 3349 341 3407 si
364 3348 471 3408 inuno
494 3348 622 3408 articulo
639 3365 756 3407 errasse
768 3344 1016 3424 deprehenditur,
1037 3345 1097 3403 iam

199 3436 246 3490 ota
269 3430 334 3489 eius
357 3427 482 3490 vacillat
502 3431 659 3490 autoritas.
704 3425 779 3501 Quis
802 3434 848 3487 est
869 3428 961 3508 igitur
973 3434 1033 3485 tam
1047 3446 1100 3484 au·

201 3532 255 3589 ax,
279 3514 330 3591 qu'i
353 3531 403 3571 me
425 3519 600 3592 praesumat
621 3510 808 3570 haereticum
831 3528 969 3589 arguere,
992 3509 1099 3568 atiam-
1129 3516 1131 3520 '

199 3596 205 3654 i
227 3596 369 3655 universa
390 3594 514 3655 demota
528 3594 659 3671 consilii,
683 3600 745 3653 tam
760 3592 892 3653 Romani
915 3610 1006 3672 quam
1019 3591 1099 3651 Con·

343 3698 549 3727 -—---—J-

204 3764 238 3821 1)
257 3763 288 3811 ln
306 3762 349 3815 ed.
368 3764 446 3816 Jem:
464 3765 580 3818 maium.
599 3766 633 3836 2)
654 3767 689 3822 In
700 3765 779 3826 adds
798 3763 981 3840 orig.‹isest.·.
997 3759 1115 3815 noxias.

211 3828 299 3880 ibid:
317 3834 480 3921 enarrandi.
