2709 4417
256 344 318 412 162
469 412 473 419 ¹
504 345 662 415 Disputatio
680 346 788 414 capsae
804 344 901 398 uara
920 321 953 397 αἱ
967 344 1026 411 xix

257 541 320 596 tem
344 535 476 595 clavium
487 531 763 594 ecclesiasticarum
784 531 871 593 dedit
890 529 1078 594 hominibus.
1098 532 1164 595 Gon
1195 536 1213 603 ,“

258 625 320 679 stat
342 619 439 695 enim,
469 614 552 696 qnod
574 615 760 677 fructuosior
788 622 837 676 est
863 621 896 676 st
915 615 984 676 Deo
1007 615 1165 696 acceptsbi
1193 616 1219 685 l·

259 700 318 762 lior
339 700 478 781 operatio
500 698 612 760 talibus
633 697 832 779 indulgentiis
852 699 1003 777 innitens,
1026 716 1115 778 quam
1131 700 1165 761 sl-
1188 688 1219 771 l—

260 790 326 844 tera
348 788 380 842 et
401 783 510 843 ceteris
532 780 656 860 paribus
678 800 741 842 non
762 782 906 842 innitens.
940 781 1028 841 Haec
1048 780 1166 847 &raca
1192 776 1219 835 Ε

342 866 392 926 Sic
413 871 445 925 et
465 865 518 924 alii
540 865 637 924 sancti
658 871 691 924 et
712 864 847 943 optimae
871 865 1104 926 existimationis
1119 866 1166 927 viri
1194 868 1216 911 ·;··.

259 957 402 1028 tempore
424 947 563 1007 datarum
585 947 843 1028 indulgentiarum
865 947 1041 1025 voluerunt,
1062 964 1168 1027 quaer

262 1030 297 1094 B.
327 1030 479 1110 Gregorio
517 1047 640 1109 quoque
672 1029 764 1090 datae
786 1036 864 1089 'sunt
896 1036 970 1091 ante
1005 1037 1169 1112 nongentos

259 1131 377 1189 annos,
410 1119 442 1174 et
463 1113 629 1172 Paschasio
653 1119 726 1173 ante
753 1119 918 1173 sexcentos
944 1130 1054 1174 annos.
1089 1112 1169 1175 Unda
1187 1122 1220 1149 ¹¹

175 1198 178 1204 '
261 1195 330 1258 sola
351 1196 428 1256 tanti
451 1194 549 1255 Patris
571 1196 719 1256 autoritas
740 1193 833 1256 debet
854 1194 1025 1274 quemlibet
1039 1195 1169 1257 Christis·

260 1298 332 1339 num
344 1297 479 1356 movere,
503 1285 536 1338 ut
551 1277 657 1339 credat
678 1277 884 1359 indulgentias
905 1297 976 1339 esse
997 1278 1170 1341 utilesOhr'r

257 1363 375 1439 stiauis,
397 1363 536 1441 quamvis
557 1379 620 1421 non
641 1362 793 1442 ignorem,
815 1360 897 1440 quod
916 1360 1108 1422 vuilhelmus
1126 1361 1169 1422 sl

259 1445 450 1525 tisidorensis
473 1444 586 1504 referat
606 1462 669 1504 non
691 1443 835 1520 defuisse,
857 1445 909 1523 qui
931 1446 1036 1523 etiam,
1058 1447 1169 1506 vivente

261 1527 294 1588 B.
323 1527 495 1607 Gregorio,
530 1533 638 1587 sancto
661 1526 743 1586 Patri
763 1527 796 1587 in
829 1526 1031 1607 indulgentiis
1062 1534 1169 1589 conta·

261 1610 402 1672 dixerint.
951 1600 966 1625 ⁸

340 1692 435 1752 Porro
457 1691 518 1751 hoc
540 1690 669 1751 addam:
693 1690 726 1752 Si
746 1689 958 1771 indulgentiae
979 1699 1054 1754 sunt
1073 1693 1167 1753 vilium
1192 1694 1219 1773 li:

260 1775 332 1837 boui
354 1776 473 1854 operis,
506 1773 568 1834 hoo
586 1775 780 1854 potissimum
802 1793 872 1835 meo
904 1774 1052 1836 arbitratu
1081 1794 1118 1836 ex
1135 1794 1167 1837 so
1186 1784 1220 1843 iffi

260 1859 409 1938 suspicari
431 1876 572 1937 possem,
594 1855 676 1937 quod
698 1864 770 1917 sunt
791 1857 1027 1937 satisfactoriae,
1050 1858 1103 1919 sed
1122 1874 1166 1939 pa

260 1960 339 2024 opus
361 1940 596 2001 satisfactorium
619 1959 682 2000 non
704 1940 802 2001 minus
824 1958 997 2022 meremur,
1030 1960 1117 2021 quam
1145 1942 1164 2003 ἑ

259 2041 322 2085 uon
345 2029 429 2084 esset
449 2022 709 2099 satisfactorium,
741 2023 877 2103 alioquin
915 2031 1087 2104 praestaret
1118 2042 1164 2085 nos

260 2105 344 2167 nulla
364 2107 466 2167 facere
488 2124 583 2184 opera
604 2105 830 2182 satisfactoria,
862 2124 902 2166 ue
934 2109 1043 2168 merita
1075 2113 1165 2169 nostru

261 2207 316 2270 pro
339 2190 398 2249 isto
421 2194 500 2249 statu
523 2189 736 2249 minueremus.
770 2188 831 2249 Sed
859 2190 890 2248 iu
915 2188 1164 2252 benedictionibm

260 2273 466 2349 seminantes,
500 2269 539 2330 de
561 2270 839 2333 benedictionibus·
865 2291 988 2351 quoque
1021 2280 1165 2335 metemus.
1197 2295 1219 2332 a

261 2354 322 2416 Sed
346 2356 396 2415 bic
417 2354 538 2414 audiam
559 2354 760 2415 reverendum
782 2355 911 2418 Panem.
957 2355 1094 2417 Accedat
1113 2361 1165 2416 tau

261 2446 309 2513 tus
331 2439 425 2498 totius
446 2437 676 2497 christianitatis
697 2454 868 2498 consensus
892 2437 924 2497 in
944 2438 1103 2516 iubilaeis,
1122 2456 1166 2519 pu
1190 2432 1220 2511 'm

261 2539 398 2581 summos
420 2518 583 2580 Pontifices
605 2520 778 2597 celebratis,
804 2539 859 2599 per
881 2520 1090 2600 Bonifacium,
1112 2521 1167 2582 (lle
1192 2538 1220 2595 l:

263 2610 395 2663 mentem
420 2603 482 2681 vl,
503 2601 658 2663 Urbanum
681 2602 744 2680 vt,
765 2602 927 2663 Nicolaum
950 2605 1004 2684 V.,
1026 2605 1167 2686 integerrl·
1198 2626 1220 2665 a

262 2705 345 2746 mum
366 2693 397 2745 et
418 2686 627 2747 doctissimum
639 2684 818 2746 Pontificem
832 2684 951 2746 Sixtnm
959 2687 1023 2768 lv,
1041 2696 1077 2749 et
1097 2685 1168 2768 quod
1197 2678 1204 2751 'l

260 2770 417 2830 communi
457 2788 611 2829 consensu
644 2768 965 2830 christianissimorum
1009 2790 1115 2852 regum
1145 2776 1169 2830 el
1199 2791 1220 2849 ps

261 2853 432 2934 principum
454 2871 509 2932 pro
533 2852 684 2932 passagiis
706 2857 738 2911 et
772 2853 912 2912 cruciatis
943 2873 1080 2915 summus
1101 2853 1167 2915 Pon
1201 2856 1219 2935 lp

263 2934 338 2996 tifex
360 2935 553 3015 plenissimas
576 2953 671 3014 saepe
694 2933 780 2995 dedit
799 2934 1016 3015 indulgentias.
1212 2968 1214 2973 ·

345 3018 422 3079 Cum
445 3035 519 3098 ergo
541 3016 617 3077 fides
638 3017 790 3078 ecclesiae
812 3019 853 3078 sit
873 3018 1102 3100 indefectibilis,
1123 3036 1169 3099 pro
1196 2956 1220 3083 h

264 3119 325 3182 qua
345 3100 483 3161 Christus
503 3101 640 3181 rogavit,
669 3104 786 3161 utnon
817 3099 980 3180 deficeret,
1007 3102 1109 3163 Lucae
1129 3102 1170 3178 22,
1208 3110 1219 3181 ξ

264 3191 295 3245 et
315 3183 470 3264 pollicitus
493 3190 550 3261 est,
572 3202 606 3243 se
628 3182 787 3245 nobiscum
808 3202 878 3245 esse
901 3185 1044 3246 omnibns
1065 3183 1171 3262 diebus
1209 3180 1219 3243 Ξ

264 3285 361 3346 usque
382 3266 421 3327 ad
444 3264 741 3326 consummationem
769 3266 864 3327 seculi
884 3267 992 3328 nauh.
1015 3270 1089 3348 28„
1118 3284 1188 3331 nou.

225 3352 228 3361 '
263 3355 312 3410 est
334 3348 566 3427 admittendum,
589 3349 750 3410 ecclesiam
773 3367 842 3409 cum
856 3352 1024 3411 animarum
1048 3350 1172 3431 pernicie

264 3438 350 3492 tanto
373 3439 513 3512 tempore
535 3451 674 3512 errasse,
704 3441 735 3494 et
757 3434 828 3513 quia
850 3433 975 3494 decreta
995 3450 1172 3494 summorum

264 3513 447 3575 Pontificum
483 3515 521 3575 ab
558 3516 699 3577 omnibus
741 3518 989 3578 communionem
1033 3517 1172 3577 ecclesiae

267 3605 393 3659 sanctae
414 3597 596 3660 habentibus
620 3607 691 3659 sunt
711 3600 917 3680 acceptanda,
948 3607 983 3660 ut
1001 3601 1048 3661 ait
1067 3599 1172 3680 aregc

265 3681 327 3740 rius
349 3699 416 3741 can.
437 3682 631 3764 Praeceptis,
646 3726 650 3740 .
665 3685 705 3747 12
737 3682 865 3757 distin,
889 3685 962 3743 item
990 3702 1058 3744 cau.
1082 3682 1173 3744 omnia

257 3762 462 3848 decretalia,
488 3767 540 3833 24.
566 3773 691 3848 quaest
713 3770 745 3829 l.
765 3782 838 3825 curs
857 3763 965 3822 multis
984 3763 1191 3847 conseruate

245 3849 315 3936 bus,
342 3859 376 3917 et
400 3853 559 3918 Pontifex
579 3850 763 3915 modernus
794 3843 856 3905 sub
874 3859 987 3921 poena
1007 3850 1210 3896 excommnu-
