2709 4417
514 350 670 407 adiutoriis
691 304 835 420 sumpta·
1069 348 1110 415 67

199 536 295 598 usitate
321 536 355 594 in
377 535 431 596 tali
452 534 654 597 translatione
675 541 707 596 st
729 533 908 616 metaphora
930 534 1111 615 usurpetur?

199 620 294 682 uices
315 637 352 691 os
373 619 586 698 apostolorum
610 618 728 698 dicitur,
750 618 833 697 qnod
854 634 948 697 saepe
970 636 1025 697 pro
1047 636 1111 678 cm·

199 701 444 782 nibusapostolis
466 702 555 762 morit
575 702 706 778 locutus,
727 699 810 780 quod
833 706 865 761 et
885 700 1110 781 B.Chrysosto·

199 804 257 846 urus
281 784 443 864 ponderat.
774 839 784 849 ,

272 867 320 928 De
337 867 478 928 Decretis
501 865 583 944 dicit,
605 867 659 935 illa
680 884 749 927 esse
770 865 965 946 frigidissima
977 864 1132 944 decreta„

199 951 312 1031 dequo
336 951 499 1031 plurimum
524 951 631 1028 miror,
659 968 727 1009 cum
759 950 790 1008 in
819 948 1027 1029 disputatione
1056 968 1111 1010 sua

199 1035 341 1117 posuerit,
365 1034 456 1096 Rom.
481 1031 643 1092 ecclesiam
673 1050 742 1092 esse
770 1032 911 1092 omnibns
932 1032 1000 1091 aliis
1022 1051 1110 1112 supe·

199 1119 311 1192 riorem,
331 1115 480 1196 probatur
497 1134 537 1176 ex
550 1113 752 1195 frigidissimis
763 1115 852 1176 Rom
866 1114 1045 1194 pontificum
1059 1115 1110 1175 de·

199 1203 304 1275 metis,
333 1201 416 1258 intra
436 1197 677 1278 quadringentos
700 1217 799 1259 annos
820 1199 920 1275 natis,
941 1206 980 1275 ,et
1001 1216 1060 1279 ego
1083 1200 1110 1259 ei

201 1283 318 1344 multum
339 1282 510 1342 vetustiora
531 1281 720 1360 adduxerim,
743 1288 907 1360 antequam
928 1282 1045 1361 incepit
1065 1300 1112 1341 re-

200 1367 354 1447 fn‘gescere
375 1366 488 1424 namtas
510 1363 683 1424 multorum.

274 1447 500 1528 Subterfugium
513 1465 600 1507 suum
624 1466 686 1508 non
702 1447 833 1526 accipio,
855 1464 915 1524 quo
928 1453 1022 1526 negat
1036 1464 1109 1505 con-

203 1532 378 1592 stitutionem
407 1530 491 1590 illum
519 1549 588 1590 esse
610 1529 771 1603 Anscleti,
799 1547 869 1588 nam
900 1530 944 1588 sic
973 1530 1108 1589 omnium

206 1613 393 1674 conciliorum
415 1620 447 1673 et
467 1630 655 1672 summomm
678 1611 860 1672 Pontificum
893 1611 1016 1672 decreta
1038 1611 1110 1670 mihi

205 1697 343 1776 sigillatim
366 1695 582 1773 eluderentur,
611 1702 644 1756 et
673 1696 718 1754 sio
746 1702 812 1755 tota
833 1694 961 1754 facultas
983 1693 1109 1754 iuridica

205 1779 330 1840 falsitatis
350 1779 576 1839 insimularetur
596 1778 645 1856 ¹),
680 1779 766 1856 quasi
799 1777 882 1836 falsis
904 1777 1110 1837 fundamentis

205 1863 354 1938 sitinnixa,
365 1864 395 1921 in
411 1861 604 1940 lectionibus,
616 1857 840 1938 decisionibus,
855 1846 973 1919 iu‘diciis
987 1865 1019 1919 et
1029 1860 1108 1918 simi·

205 1944 277 2006 ltus.
292 1944 332 2006 Et
343 1946 388 2005 sic
402 1945 468 2004 iura
480 1952 584 2004 eornm
596 1941 755 2023 pontificia
768 1947 857 2003 amnt
878 1940 916 2002 de
929 1944 1017 2023 nigra
1029 1942 1108 2019 laba,

206 2028 250 2088 nisi
263 2046 416 2089 consensu
431 2029 524 2087 totins
542 2026 771 2087 christianitatis
799 2024 911 2086 fuerint
928 2024 1108 2105 approbat-a.

206 2108 278 2172 Unde
304 2110 389 2171 nullo
419 2116 511 2190 pacto
544 2107 722 2191 recipienda
750 2117 796 2169 est
824 2108 985 2169 reverendi
1012 2106 1109 2167 Patris

205 2195 357 2271 sententia,
387 2200 455 2254 oum
486 2193 621 2253 omnium
644 2209 830 2252 summorum
852 2188 1033 2252 Pontificum
1057 2188 1110 2251 de·

207 2286 276 2337 orele
296 2283 327 2337 et
362 2275 562 2337 conciliorum
590 2277 621 2335 in
654 2273 792 2355 pluribus
813 2274 891 2335 locis
911 2274 1111 2355 reperiantur,

206 2366 228 2420 et
244 2367 275 2420 ut
297 2368 344 2419 est
356 2358 459 2419 audax
475 2357 632 2419 hominum
649 2377 758 2438 genus,
781 2354 893 2418 dudum
914 2359 1042 2418 fuissent
1064 2377 1108 2417 re-

206 2443 277 2521 perti,
299 2442 350 2522 qni
373 2442 494 2501 simiam
515 2442 598 2501 illam
612 2436 754 2501 Anacleti
777 2441 901 2502 leonina
923 2439 1002 2521 pelle
1024 2442 1107 2500 ince-

206 2522 308 2585 dantem
332 2522 538 2604 diripuissent.
565 2522 632 2585 Nisi
664 2542 738 2604 ergo
762 2521 930 2584 ostenderit
956 2525 987 2582 in
1010 2521 1107 2603 Origi-

208 2608 307 2668 nalibus
331 2608 385 2667 illa
406 2627 470 2668 non
491 2604 606 2684 haberi,
629 2602 720 2666 fidem
744 2607 771 2666 ei
793 2625 856 2667 non
878 2604 1020 2667 adhibeo.

269 2690 429 2751 Postremo
468 2689 506 2751 de
536 2688 681 2751 Bohemis
709 2687 805 2765 dixit,
841 2696 923 2749 certe
951 2708 1013 2749 non
1042 2689 1107 2748 sine

207 2772 422 2835 christianorum
467 2771 627 2833 doctorum
662 2772 870 2850 contumelia,
903 2772 1006 2851 plures
1039 2786 1108 2831 esse

207 2858 399 2918 criminatores
427 2856 649 2934 Bohemornni,
678 2855 820 2915 ubi'sint
848 2855 899 2933 qui
921 2872 960 2914 ex
982 2855 1108 2914 caritate

207 2939 325 3001 albano
344 2939 413 3000 zelo
437 2947 544 2999 contra
567 2956 622 2999 eos
646 2937 782 2998 scribant
811 2943 842 2996 et
863 2955 918 2998 eos
947 2936 1107 2997 exhorten-

207 3028 248 3102 tur,
258 3024 297 3084 ibi
308 3028 476 3083 exerceant
491 3022 648 3102 ingenium
664 3028 695 3081 et
709 3021 897 3080 memoriam.
920 3018 1000 3093 Quid
1012 3018 1104 3078 surdo

207 3124 337 3167 narrarem
365 3102 523 3168 fabulam?
560 3104 602 3164 At
622 3103 806 3177 christianus
835 3112 948 3183 negare
971 3120 1033 3163 non
1056 3101 1108 3161 de·

207 3185 245 3249 let
265 3189 412 3269 plurimos
441 3188 558 3267 optimo
588 3186 656 3246 nelo
691 3193 792 3246 motos
822 3193 929 3245 eontra
949 3184 1106 3245 Bolremos

208 3272 353 3351 scripsisse,
370 3270 477 3350 quales
489 3270 610 3331 luerunt
622 3268 727 3329 Patres
743 3270 773 3328 in
789 3269 1019 3329 constantiensi
1027 3266 1106 3327 Cun-

208 3352 260 3416 cilio
281 3354 318 3414 de
341 3354 418 3414 utati
450 3352 548 3432 qualis
577 3352 634 3412 fuit
655 3352 772 3412 Doctor
794 3349 984 3430 respondens
1008 3349 1105 3410 Bolre·

209 3436 249 3497 nis
266 3438 295 3496 in
317 3374 456 3498 donalia
480 3433 707 3514 Herbipclensi,
729 3432 827 3513 qualis
849 3434 1011 3513 Ragusius,
1034 3452 1106 3511 qua-

209 3516 379 3599 lisoptimae
404 3518 564 3597 probitatis
593 3525 625 3578 et
648 3517 807 3578 doctrinae
834 3516 992 3576 Johunnes
1016 3516 1103 3595 (iapi-

212 3607 323 3682 stranus,
350 3603 387 3665 D.
415 3600 570 3661 Francisci
598 3601 759 3678 sacerdos,
788 3599 930 3660 omnibus
963 3597 1104 3659 fidelibus

213 3742 394 3766 ,αι--..-

249 3860 274 3927 1)
289 3860 319 3913 ln
336 3860 378 3914 ed
391 3820 488 3927 orig„-
513 3856 700 3912 insimulatur.
821 3933 834 3969 ἴ
862 3927 880 3966 a

753 3977 755 3983 ι
821 3952 840 3997 ι)
