2709 4417
274 338 337 414 458
532 348 715 408 ‹Vl-comio·
728 310 887 421 tlnmodn·
899 360 938 414 rit
971 386 974 391 ·

274 544 414 617 animus,
448 564 487 605 eo
517 547 608 607 etiam
640 548 669 607 in
699 549 841 627 graviora
865 549 1031 609 coniicitur
1051 549 1174 629 pericula

227 665 232 675 ·
275 645 374 705 neque
387 631 565 706 pervincere
583 640 695 710 potest,
718 634 788 710 quin
812 633 842 691 in
869 632 976 692 odium
989 633 1051 694 Dei'
1068 641 1097 693 et
1114 633 1174 695 blas

275 708 413 789 phemias
435 713 620 791 prolabatur.
662 714 852 794 Numquid,
882 734 1021 794 quaeso,
1048 716 1125 776 aliud
1144 726 1176 778 est

275 792 438 853 sollicitum
467 816 536 857 esse
571 798 609 857 de
636 798 936 877 praedestinatione,
972 817 1064 877 quam
1096 801 1178 861 omn'u

273 875 328 934 illa
350 877 429 936 velle
451 881 538 951 scire,
560 899 639 960 qnae
661 882 743 941 Deus
766 884 839 957 scit,
865 892 897 943 ut
919 901 981 942 nos
1004 901 1123 961 quoque
1141 904 1177 961 pc

272 976 322 1017 res
345 960 438 1019 simus
462 961 544 1039 Deo,
575 983 675 1044 neque
704 965 755 1025 ille
785 966 853 1044 plus
877 967 975 1040 sciat,
1007 984 1099 1044 quarn
1118 967 1178 1026 noti

274 1039 364 1114 Quod
386 1044 411 1101 si
434 1047 538 1105 omnia
558 1046 625 1123 illa,
647 1067 725 1127 quae
747 1048 831 1108 Deus
854 1051 959 1125 novit,
995 1067 1055 1109 nos
1076 1067 1179 1137 quoqne
1211 1122 1212 1139 χ

272 1142 365 1183 nosse
389 1128 537 1206 cupimus,
559 1129 646 1208 quid,
670 1150 802 1210 quaeso,
825 1132 908 1193 aliud
930 1133 996 1192 boc
1019 1139 1085 1209 eet,
1107 1151 1178 1210 quan
1211 1144 1212 1163 ¹

272 1206 362 1273 velle,
389 1219 420 1266 nt
445 1210 526 1271 Deus
549 1232 610 1273 non
634 1215 673 1274 sit
694 1214 786 1273 Deus.

354 1289 412 1350 Hic
432 1294 534 1354 animo
556 1299 693 1377 suggerit
704 1297 855 1377 malignus
877 1297 1082 1376 illespiritus,
1104 1315 1178 1375 quan-

271 1375 495 1451 turgentium,
518 1388 649 1457 quantus
670 1380 869 1456 ludaeorum,
894 1387 1030 1458 quantus
1054 1379 1183 1443 Christis.

271 1471 379 1514 norum
403 1477 524 1538 qnoque
558 1482 702 1523 numerus
735 1463 896 1522 damnatus
926 1464 979 1526 sit.
1024 1464 1073 1522 Fit
1093 1471 1177 1523 auten

271 1535 318 1596 bis
338 1542 519 1617 periculosis
543 1552 573 1605 et
595 1549 681 1606 vanis
704 1545 962 1626 cogitationibus,
988 1554 1040 1619 ut,
1064 1547 1090 1605 si
1111 1546 1177 1605 nulla

270 1618 340 1695 alia,
362 1623 411 1682 vel
432 1624 510 1686 haec
532 1630 622 1688 unica
642 1649 692 1689 res
715 1629 817 1690 odium
842 1630 950 1689 mortis
973 1630 1005 1687 in
1030 1628 1119 1688 nubis
1139 1648 1178 1688 ex-

270 1703 351 1765 citet.
395 1706 434 1767 Et
460 1708 541 1770 banc
568 1711 690 1790 quidem
722 1712 760 1771 de
788 1712 1077 1790 praedestinatione
1097 1719 1176 1772 tenta

269 1786 404 1867 tionem,
438 1796 637 1854 tentationem
673 1796 781 1854 inferni
811 1795 1026 1874 appellarunt,
1061 1794 1099 1854 de
1129 1813 1176 1874 qua

268 1869 365 1932 multa
386 1877 498 1952 passim
525 1879 556 1936 in
580 1877 708 1937 Psalmis
730 1878 828 1937 David
853 1877 1070 1956 conqueritur,
1099 1895 1176 1954 quan

269 1957 319 2032 qui
346 1958 467 2034 vicent,
502 1961 527 2018 is
554 1961 644 2020 simul
678 1969 709 2020 et
729 1960 879 2020 infernum
911 1971 942 2019 et
972 1967 1176 2040 peccatumct

269 2047 397 2098 mortem
420 2043 501 2102 vicit.

350 2121 457 2201 Nono,
486 2144 577 2204 porro
606 2145 724 2187 summa
755 2145 828 2185 eura
849 2127 953 2186 caveri
975 2133 1113 2204 oportet,
1143 2143 1175 2184 ne

267 2204 349 2283 quod
372 2205 479 2266 horum
503 2210 591 2268 trium
615 2210 695 2270 ultro
717 2229 928 2283 accersamus,
958 2209 1085 2267 venient
1105 2208 1174 2268 enin

267 2288 358 2346 etiam
382 2309 444 2349 non
467 2300 593 2368 vocata,
626 2301 657 2352 et
686 2314 742 2353 auo
765 2293 887 2369 obtutu,
910 2294 984 2350 item
1008 2291 1173 2370 disputatio

264 2370 352 2430 nibus
376 2380 406 2431 et
428 2372 741 2437 demonstrationibus
770 2382 867 2434 totum
897 2375 1006 2433 volent
1034 2391 1172 2452 occupare

261 2460 378 2532 pectus.
422 2455 557 2529 Quodsi
581 2457 647 2532 fiat,
670 2467 771 2519 autum
796 2466 843 2518 est
865 2457 904 2516 de
928 2457 1064 2517 homine.
1105 2456 1171 2516 Dum

263 2537 343 2595 enim
367 2540 517 2598 cumillis
541 2542 779 2620 cogitationibus
806 2541 953 2616 luctatur,
981 2539 1039 2598 Dei
1063 2557 1171 2618 prorsus

264 2618 462 2683 obliviscitur.
485 2623 592 2702 Neque
615 2624 675 2684 alio
700 2623 829 2684 consilio
852 2623 936 2682 Deus
959 2641 1027 2706 nos*
1041 2621 1168 2682 illamor-

263 2702 316 2778 tis,
348 2707 467 2781 peccati
499 2713 529 2766 et
551 2706 660 2766 inferni
683 2707 872 2788 cogitatione
900 2707 931 2764 in
955 2711 1057 2765 morte
1078 2711 1168 2779 tentat

264 2803 353 2862 quam
390 2793 422 2846 ut
447 2788 501 2847 illa
529 2791 632 2849 omnia
661 2810 680 2849 a
710 2790 799 2850 nobis
821 2790 985 2848 vincantur
1006 2794 1039 2847 et
1060 2806 1166 2865 prorsus

263 2868 423 2929 eiiciantur
444 2873 557 2932 animo.
601 2871 691 2946 Quod
715 2875 740 2932 si
763 2891 856 2945 mors,
878 2876 1062 2949 peceatum,
1089 2877 1118 2929 et
1135 2871 1166 2927 in·

261 2950 363 3010 fernus
387 2953 454 3012 sola
476 2956 552 3030 sint,
577 2975 677 3034 neque
699 2964 730 3015 tu
752 2957 783 3014 in
807 2963 905 3014 morte
928 2954 1041 3027 vitam,
1063 2954 1092 3011 in
1112 2970 1165 3032 pec-

263 3041 332 3094 cato
355 3035 515 3116 iustitiam,
551 3040 580 3096 in
612 3039 731 3098 inferno
763 3037 982 3099 beatitudinem
1006 3035 1108 3095 videas
1129 3033 1163 3113 (id

263 3116 345 3195 quod
368 3124 439 3196 post
451 3119 543 3180 latius
566 3121 817 3200 explicabimus),
830 3117 1015 3179 remittenda
1038 3125 1164 3178 tumsunt

262 3201 293 3260 in
317 3200 466 3260 infernum
491 3221 587 3281 usque
609 3203 647 3263 ad
671 3204 834 3284 collegium
851 3203 1001 3261 malorum
1014 3202 1161 3278 spirituum,

261 3302 360 3361 neque
383 3287 519 3365 cogitare
541 3285 645 3363 debes,
668 3287 751 3365 quod
775 3286 813 3345 ad
836 3291 867 3345 te
889 3285 1073 3364 pertineant.

344 3365 402 3441 Qui
425 3370 515 3447 igitur
536 3369 665 3429 feliciter
687 3389 754 3429 cum
781 3369 842 3428 illis
865 3367 1046 3447 depugnare
1069 3373 1098 3426 et
1116 3367 1160 3423 rin-

244 3466 332 3519 ,cere
355 3450 455 3527 volet,
479 3452 530 3511 ille
552 3471 614 3513 non
637 3453 698 3512 hoc
719 3454 825 3528 faciat,
848 3458 880 3509 ut
901 3451 964 3509 suis
989 3448 1100 3509 viribus
1117 3449 1160 3507 lor-

261 3537 364 3590 tunam
389 3540 494 3594 tentet.
539 3535 617 3594 Nam
633 3536 747 3596 robore
773 3543 804 3594 et
826 3534 932 3593 virium
958 3533 1067 3611 vigore
1086 3531 1160 3609 longe

262 3632 317 3673 nos
341 3623 495 3694 superant.
536 3617 603 3678 Hoc
633 3621 707 3678 artis
728 3625 790 3694 est,
827 3634 951 3696 prorsus
983 3621 1161 3674 contemnere

247 3695 316 3757 bos
339 3697 462 3775 hostes,
497 3719 598 3780 neque
629 3703 755 3761 omnino
782 3719 851 3760 cnm
881 3700 925 3758 eis
947 3697 1113 3778 congredi,
1138 3694 1160 3753 id

256 3782 341 3866 quod
364 3783 429 3847 hou
450 3783 548 3846 modo
571 3783 643 3844 liet:
675 3786 705 3842 si
724 3785 764 3840 'in
780 3786 884 3838 morte
899 3782 1011 3848 satam,
1022 3782 1065 3834 ‘m
1076 3797 1164 3851 qaus-

250 3871 290 3935 tis
308 3873 479 3958 gratiam,
508 3871 543 3932 'tn
572 3867 703 3931 interno
725 3860 838 3922 coelos
856 3856 983 3932 paam
1000 3851 1194 3907 memb&
