2709 4417
445 347 473 395 ss
488 341 667 396 memento
685 343 876 396 eucharistiae.
1057 338 1120 428 433

206 536 236 590 el
257 530 342 608 Deo,
372 529 410 590 de
437 536 489 590 tus
516 531 638 590 miseria
657 529 855 608 conqueraris
875 535 907 589 et
927 527 1028 589 dicas:
1059 527 1119 590 Do·

205 613 286 672 mine
308 612 397 693 lesu,
426 611 497 674 ideo
519 632 538 672 s
559 618 589 673 te
616 611 678 674 hnc
706 619 928 672 sacramentum
949 613 1119 672 institutum

203 703 305 756 estet
327 695 366 756 ad
389 714 446 756 nos
469 696 691 774 transmissum,
714 704 746 754 ut
767 695 956 754 remissionis
977 702 1118 775 peccetu-

202 797 268 838 rum
294 777 395 860 perid
418 777 659 839 certificaremur.
697 777 803 838 Sentio
825 784 938 856 sulem,
960 796 1050 857 quem
1072 797 1119 839 sa·

203 868 366 922 cremento
399 880 477 941 opus
507 859 648 923 habeam.
691 863 723 921 ln
755 879 867 940 magna
898 867 1026 940 peccatu
1052 880 1119 921 sum

201 943 379 1025 prolapsus,
396 952 499 1004 metuo
520 936 612 1024 igilur
625 943 874 1019 iudiciumluum‚
896 949 927 1002 el
948 962 1046 1024 paene
1068 943 1118 1003 de-

201 1025 286 1100 flcio,
312 1030 410 1088 sentio
425 1046 474 1087 me
491 1025 697 1103 infirmiorem,
720 1045 810 1105 quam
825 1027 876 1105 qui
892 1025 1017 1087 verbum
1035 1033 1118 1086 tuum

201 1109 345 1172 confiteri
368 1110 510 1189 audeam,
532 1117 578 1170 tot
598 1111 752 1188 tantisque
774 1109 881 1169 laboro
903 1110 998 1169 viliis:
1026 1127 1119 1187 quere

200 1195 297 1253 venio
321 1202 354 1254 ut
376 1212 477 1270 sanes,
500 1193 669 1254 consoleris
691 1200 723 1252 et
744 1190 905 1252 confirmes
927 1211 983 1255 me.

285 1275 350 1336 Iam
382 1280 475 1337 antee
508 1294 581 1336 vero
616 1276 737 1351 monui,
771 1275 885 1334 nemini
913 1274 1117 1335 exhibendum

200 1378 273 1420 esse
302 1365 541 1436 sacramentum,
571 1360 628 1418 nisi
656 1359 738 1438 prins
760 1357 955 1436 indicaverit,
985 1357 1024 1417 ad
1047 1358 1117 1437 quid

200 1461 239 1503 eo
261 1442 376 1503 hebeat
398 1461 492 1522 opus,
517 1460 627 1521 nempe
650 1449 683 1501 ul
704 1448 908 1520 conqueratur
929 1440 967 1499 de
989 1459 1045 1501 sua
1066 1443 1117 1500 mi-

200 1526 283 1584 seria
314 1534 346 1586 et
374 1525 507 1605 peccatis
538 1525 616 1602 suis,
646 1531 679 1584 ut
706 1532 792 1603 petat
819 1523 1062 1584 consolationem
1088 1533 1119 1582 et

200 1606 479 1683 confirmationem,
501 1626 580 1686 quae
601 1615 633 1667 et
653 1627 708 1687 per
730 1604 853 1666 verbum
878 1613 909 1665 et
923 1625 979 1685 per
997 1608 1117 1686 signnm
1199 1650 1202 1658 .

200 1691 394 1770 contingunt.
438 1689 496 1764 Qui
526 1691 609 1750 hunc
635 1689 818 1750 sacramenti
850 1707 936 1748 usum
969 1690 1117 1761 nesciunt,

201 1773 246 1833 illi
282 1792 406 1853 prorsus
441 1771 624 1834 abstineant.
667 1772 745 1832 Nam
775 1771 818 1831 illi
848 1770 939 1831 stulte
968 1779 999 1832 et
1025 1772 1118 1851 impie

201 1866 312 1936 tugiunt,
341 1857 392 1935 qui
422 1863 537 1916 tantum
560 1865 699 1935 tempure
720 1854 873 1934 paschatis
895 1863 1117 1914 sacramentum

202 1948 343 2014 sumunt,
366 1945 397 2000 el
418 1958 451 1998 se
472 1937 551 2000 sdeo
574 1940 686 1998 misere
708 1938 897 2013 excruciant,
925 1956 992 1996 cum
1017 1945 1117 1997 maren

205 2021 362 2099 nesciant,
384 2022 449 2100 quis
472 2023 511 2082 sit
533 2041 621 2081 verus
645 2020 826 2081 sacramenti
850 2039 932 2080 usus.

286 2104 392 2183 Porro,
414 2102 465 2163 ubi
487 2105 651 2185 sumpseris
674 2109 908 2181 sacramentum,
930 2121 992 2162 non
1013 2102 1117 2162 licebit

203 2187 256 2247 tibi
279 2188 484 2265 essentium,
507 2187 561 2249 sed
584 2207 694 2268 perges
716 2193 848 2264 strenue,
870 2192 901 2245 el
922 2182 1012 2245 fldem
1035 2191 1116 2244 lnam

203 2269 372 2332 exercebis.
404 2269 482 2330 Nam
500 2277 531 2331 et
546 2272 572 2331 is
590 2271 773 2330 sacramenti
792 2279 838 2328 est
859 2287 941 2343 usus,
964 2275 995 2328 ut
1016 2267 1118 2328 dicere

203 2354 265 2413 hoc
293 2373 364 2413 vere
393 2354 510 2433 possis:
543 2352 649 2414 Habeo
672 2353 721 2412 hic
744 2361 881 2431 apertum
904 2351 1045 2428 verbum,
1074 2370 1117 2411 re·

203 2437 299 2497 misse
327 2436 398 2496 mihi
427 2455 495 2497 esse
522 2444 660 2517 peccata.
703 2435 829 2514 Signum
859 2452 982 2512 quoque
1002 2435 1118 2513 accepi,

206 2518 387 2580 manducavi
410 2527 440 2580 el
462 2518 539 2595 bibi,
561 2519 589 2579 id
615 2518 696 2599 quod
719 2525 802 2578 certo
825 2516 1026 2596 comprobare
1048 2534 1118 2596 pos·

203 2621 288 2679 sum,
316 2603 373 2663 feci
401 2603 481 2661 enim
503 2601 532 2662 id
554 2603 585 2662 in
608 2609 776 2681 conspectu
797 2599 929 2660 Satanae
952 2607 983 2681 el
1004 2597 1118 2660 mundi.

205 2684 280 2746 (iim
297 2703 372 2764 ergo
390 2691 488 2746 morte
506 2693 559 2745 aut
579 2685 770 2745 couscientia
790 2683 924 2760 tentaris,
946 2689 1036 2761 potes
1057 2683 1119 2743 hoc

205 2776 399 2829 sacramento
422 2776 452 2828 le
474 2769 592 2848 erigere
613 2767 759 2827 adversus
780 2771 843 2827 tum
866 2764 1027 2841 Seianam,
1055 2773 1117 2826 tum

205 2852 297 2911 eliam
320 2857 457 2930 peccata,
479 2861 568 2931 potes
583 2869 705 2930 quoque
721 2858 802 2909 luam
819 2847 910 2908 fidem
928 2846 1118 2925 confirmare,

204 2952 241 2994 ac
261 2935 482 2994 conscientiam
505 2933 689 3010 exhilarare,
711 2940 827 2992 utnon
850 2930 981 3011 amplius
1003 2938 1120 2991 metuat

205 3016 319 3092 Deum,
342 3016 397 3077 sed
418 3024 509 3077 amet.

286 3099 333 3160 lta
347 3098 410 3177 flet,
432 3099 516 3160 utile
530 3098 580 3159 die
595 3101 626 3158 in
650 3098 730 3158 diem
754 3097 861 3157 melior
883 3096 1028 3173 redderis,
1050 3114 1118 3156 oum

204 3182 321 3263 slioqui
344 3183 461 3243 otiosus
482 3189 513 3243 et
531 3183 663 3262 ignavus
685 3200 803 3262 ageres.
847 3179 915 3254 Quo
945 3180 1025 3240 enim
1053 3179 1118 3240 lon·

204 3267 273 3346 gius
300 3263 339 3325 ab
367 3266 427 3326 hoc
458 3271 650 3326 sacramento
678 3262 927 3335 abstinuerimus,
954 3281 991 3323 eo
1022 3262 1118 3342 megia

202 3348 361 3410 reddimur
381 3349 477 3428 inepti
497 3348 536 3408 ad
557 3346 588 3407 id
610 3346 833 3426 accipiendum.
866 3344 955 3420 Quod
978 3346 1004 3405 si
1024 3344 1118 3424 impa-

204 3438 318 3505 ratum,
339 3430 500 3510 infirmum,
522 3449 651 3491 vacuum
667 3431 741 3490 item
757 3429 819 3490 lide
834 3436 865 3489 le
886 3447 955 3489 esse
976 3428 1118 3502 senseris,

205 3534 278 3575 num
309 3533 424 3593 quaeso
455 3513 578 3574 aliunde
606 3512 778 3573 confirmari
801 3519 830 3571 le
849 3530 942 3592 posse
963 3508 1119 3590 sperabis?

204 3596 338 3658 Numen
357 3615 453 3676 nsque
470 3597 673 3677 exspectabis,
695 3595 796 3656 donee
814 3595 939 3655 omnino
957 3593 1000 3653 sis
1016 3611 1119 3673 purus,

205 3699 244 3741 so
267 3679 439 3741 absolutam
462 3687 493 3739 et
513 3679 678 3760 perfectam
706 3678 820 3739 habeas
846 3675 959 3736 fldem?
988 3677 1073 3756 alqui
1094 3677 1119 3734 si

202 3763 234 3822 id
254 3763 365 3840 facies,
395 3781 496 3842 neque
518 3761 559 3824 sd
580 3768 812 3826 sacramentum
830 3777 970 3842 unquam
986 3757 1136 3822 melus

197 3849 226 3901 et
245 3850 280 3902 ut
299 3845 436 3906 maxime
458 3846 614 3932 accedas,
636 3848 721 3913 nibil
740 3848 779 3912 iu
797 3846 861 3912 sini
878 3841 1037 3929 prulens-

207 3938 304 3978 nansn·
316 3951 370 3990 opp.
388 3944 412 3984 v.
427 3946 456 3986 s.
473 3947 505 3989 su
519 3951 563 3994 ror.
580 3951 635 3995 uss
652 3955 670 3994 i.
686 3965 712 4006 p.
725 3952 785 3997 vsi.
796 3952 847 3994 m.
953 3940 1011 4011 ‘22
