2709 4417
222 357 290 426 300
465 360 559 416 aanor.
579 360 606 416 u
626 333 710 431 super
727 360 926 430 nonnarum·

223 555 355 630 putare:
377 547 460 628 quod
482 556 582 609 tamen
605 550 637 609 in
656 549 798 610 omnibus
815 549 909 609 etiam
923 546 1034 609 divinis
1055 547 1129 611 rebus

228 630 340 707 (modo
370 632 533 711 primatum
555 633 636 692 hunc
658 651 720 692 non
743 633 924 713 tangerent)
949 630 1131 695 libentissima

225 715 435 795 permiserunt.

311 795 425 857 Omitto
458 798 562 878 itaque
588 796 755 857 Eccianam
789 797 1046 877 propositionem.
1084 796 1132 859 Pri-

226 899 318 957 mum,
341 879 422 959 qnod
437 897 515 957 earn,
538 878 610 957 ut1)
635 879 787 940 invidiose
809 887 841 940 et
854 876 986 941 subdole
1007 878 1133 961 positam,

225 961 299 1025 mihi
336 981 398 1023 non
440 982 550 1042 capere
581 961 700 1023 videor.
747 961 826 1022 Nam
858 963 925 1023 sine
963 961 1027 1025 ulla
1057 981 1134 1024 causa

225 1045 306 1106 hauc
334 1046 365 1105 in
400 1045 523 1126 publico
555 1046 628 1106 mihi
656 1043 801 1105 invidiam
824 1047 938 1124 movit,
973 1063 1043 1105 cum
1068 1045 1133 1107 hauc

227 1129 384 1190 materiam
408 1128 439 1187 in
462 1128 546 1190 nullo
570 1147 706 1190 meorum
730 1127 880 1188 dictorum
904 1129 1073 1206 tractat-im,
1091 1127 1132 1189 sed

226 1208 368 1270 adulator
389 1230 444 1271 sna
467 1212 632 1290 quaesivit,
665 1209 758 1272 etiam
787 1229 855 1270 cnm
885 1211 987 1271 fratria
1010 1213 1056 1270 sui
1080 1229 1133 1291 per·

227 1294 315 1354 nicie.
360 1294 488 1369 Deinde,
512 1293 594 1373 quod
616 1294 711 1354 homo
735 1294 836 1352 suavis
858 1294 1007 1354 vicarium
1033 1293 1132 1354 Christi

227 1382 260 1435 et
281 1376 361 1437 Petri
384 1396 593 1437 successorem
617 1395 678 1436 non
702 1377 825 1453 asserit,
845 1376 904 1437 nisi
928 1382 960 1436 et
981 1374 1075 1436 fidem
1092 1375 1132 1437 ha·

227 1457 309 1520 beat.
356 1461 385 1518 ln
408 1478 468 1538 quo
491 1460 677 1533 autinsanit,
699 1464 752 1518 aut
775 1457 888 1520 multos
909 1457 1073 1540 pontifices
1082 1458 1137 1529 ao„

229 1560 336 1601 manos
359 1549 452 1622 negat
473 1542 604 1601 vicarios
626 1540 740 1601 Christi
761 1541 876 1617 fuisse,
902 1547 934 1602 ct
954 1541 1022 1602 fore
1044 1559 1134 1620 posse,

227 1630 260 1684 ut
282 1642 358 1703 qnos
382 1623 474 1684 fidem
487 1623 631 1684 habuisse
644 1624 830 1703 nesciamus,
851 1631 954 1703 atque,
979 1623 1062 1702 quod
1083 1642 1136 1683 om-

228 1708 309 1767 nium
332 1707 646 1768 intolerabilissimum
681 1713 742 1784 est,
771 1706 921 1766 Romanis
952 1705 1136 1786 pontificibus

227 1789 389 1850 sanctitate
425 1796 455 1850 et
482 1791 597 1869 pictate
619 1790 803 1849 necessariis
824 1807 880 1849 eos
915 1795 1043 1868 onerat,
1079 1806 1136 1848 curn

230 1871 310 1951 apud
334 1890 391 1931 nos
414 1878 496 1932 ratus
526 1873 565 1932 sit
587 1873 678 1932 etiam
702 1873 767 1931 sius
789 1872 953 1932 vicariatus
976 1877 1009 1932 et
1029 1870 1136 1951 pontili-

230 1957 326 2025 catns,
347 1956 398 2033 qui
420 1956 486 2033 sinc
508 1954 569 2015 fide
593 1961 624 2016 et
644 1955 807 2015 sanctitate
828 1955 875 2014 sit

316 2036 376 2097 Sed
399 2057 467 2117 age,
488 2037 636 2098 lubricam
658 2038 739 2097 hanc
759 2036 926 2116 anguillam
949 2034 1095 2114 differam,
1114 2042 1139 2096 et

230 2119 290 2179 duo
301 2121 330 2179 in
343 2121 629 2200 meapropositione
642 2120 763 2181 faciam.
785 2117 1138 2181 Primoadducamfirma-

231 2208 350 2273 menta,
376 2202 485 2281 quihus
507 2203 652 2283 primatus
673 2203 732 2263 iste
754 2200 881 2264 stabiliri
905 2201 1038 2263 fideliter
1059 2220 1139 2282 posse

232 2285 303 2344 mihi
326 2282 478 2362 videatur,
514 2287 557 2346 ita
588 2292 621 2347 ut
642 2305 697 2365 per
724 2287 793 2366 ipsa
815 2286 908 2344 etiam
929 2285 1091 2345 haereticis
1111 2290 1137 2343 et

231 2367 430 2428 schismaticis
452 2367 617 2428 efficaciter
634 2368 735 2428 resisti
747 2368 854 2447 possit.
900 2367 1021 2428 Deinde
1045 2373 1135 2428 oeten-

230 2449 316 2527 dam,
355 2450 436 2528 qnod
467 2450 541 2513 nihil
568 2451 682 2510 faciant
710 2450 841 2510 Decreta
874 2458 906 2509 et
936 2450 1136 2530 probationes,

230 2532 337 2611 quihus
359 2533 517 2612 hucusque
540 2534 602 2593 nixi
618 2533 750 2610 fuerunt,
772 2533 822 2611 qui
835 2532 967 2593 eundem
983 2533 1135 2612 primatum

230 2621 410 2676 statuerunt.

511 2733 565 2793 De
587 2734 721 2812 priore
743 2733 865 2813 prius.

312 2849 455 2930 Primum,
477 2849 559 2929 quod
580 2856 760 2926 memoret,
782 2848 955 2910 Romanum
970 2845 1138 2927 pontificem

232 2949 300 2990 asse
323 2931 389 2990 aliis
412 2932 562 3010 omnibus,
586 2951 664 3011 quos
687 2932 795 2993 saltem
819 2932 994 2991 noverimus
1017 2949 1051 2990 se
1072 2948 1136 3010 pon-

232 3011 329 3072 tifices
351 3033 476 3095 gerere,
505 3017 713 3093 superiorem,
748 3022 795 3074 est
821 3015 889 3094 ipsa
912 3013 1056 3073 voluutas
1078 3011 1137 3080 Dei,

231 3114 321 3173 quam
352 3096 380 3155 iu
413 3099 481 3176 ipso
512 3097 595 3158 tacto
618 3096 818 3163 videmus2l.
840 3094 952 3175 Neque
981 3095 1062 3156 enim
1083 3094 1140 3153 sine

230 3176 389 3239 voluntate
411 3179 467 3240 Dei
490 3182 520 3240 in
549 3180 629 3240 hanc
656 3179 862 3240 monarchiam
888 3196 1021 3257 unquam
1046 3177 1140 3237 venire

232 3261 384 3340 potuisset
393 3263 550 3323 Romanus
574 3263 723 3343 pontifex.
766 3261 808 3321 At
829 3260 972 3320 voluntas
989 3260 1056 3336 Dei,
1078 3277 1140 3338 quo·

231 3362 292 3422 quo
316 3344 408 3406 modo
433 3352 507 3406 nota
529 3346 637 3423 fucrit,
667 3365 735 3405 cum
757 3344 933 3405 reverentia
955 3341 1140 3422 suscipienda

232 3433 287 3488 est.
330 3427 467 3507 Ideoque
500 3448 561 3489 non
593 3430 664 3489 licet
697 3434 811 3489 temere
833 3427 975 3487 Romano
1008 3423 1137 3505 pontiflci

232 3511 261 3568 in
285 3528 340 3570 suo
365 3513 496 3590 primatu
518 3513 669 3572 resistere.

313 3592 399 3653 Haec
415 3601 515 3654 autem
539 3595 617 3654 ratio
640 3600 724 3654 tanta
748 3599 809 3670 est,
832 3597 880 3670 ut,
900 3591 925 3649 si
948 3588 1042 3650 etiahn
1066 3588 1138 3649 nulla

235 3697 244 3702 -
266 3729 300 3788 1)
322 3729 351 3781 ln
372 3729 414 3783 cd.
435 3733 544 3800 priore:
562 3731 595 3783 ll.
606 3730 846 3798 propositionem,
862 3744 947 3792 quam
963 3735 995 3776 ut
1011 3727 1143 3776 invidiose

224 3810 252 3856 ct
271 3802 400 3860 subdole
417 3807 545 3878 positam
571 3817 685 3858 menon
699 3815 801 3866 capere
816 3799 919 3846 tateor.
929 3794 968 3856 ’ἣ
981 3795 1022 3841 lu
1037 3793 1160 3842 saaca:

214 3877 392 3940 videbimus.
