2709 4417
396 359 455 413 auia
475 358 582 426 lipsiae
601 357 747 427 disputatis
766 375 792 412 a.
811 358 883 411 XIX.
1036 353 1099 422 285

199 559 384 623 aeneorum
396 542 437 600 sit
446 542 609 618 sententia,
621 561 661 602 ex
671 558 710 602 eo
722 547 817 621 patet,
828 539 911 619 quod
918 541 1021 620 Papae
1027 541 1101 601 hinc

199 612 320 684 ribuunt
348 625 544 685 autoritatem
565 624 814 704 interpretandae
832 624 1021 704 Scripturas,
1042 623 1101 684 soli

199 707 294 783 tiam,
317 706 510 768 deindeeam
523 716 686 787 opponunt
702 706 853 782 omnibus,
875 724 954 786 quos
975 706 1103 766 audiunt

199 788 231 848 el
239 786 772 870 dubitarevelreluctampontrflcum
781 789 831 849 vel
840 790 993 850 intemavel
1002 790 1100 851 facus

267 870 339 945 Qua
369 874 522 933 sententia
553 891 612 933 nec
639 871 799 932 Luciler'
790 891 873 952 rpse,
904 891 962 931 nec
992 891 1100 932 omnes

199 955 331 1014 aeretici
351 955 442 1014 simul
463 957 577 1035 sumpti
598 954 862 1031 damnatiorem,
854 973 917 1014 rmo
940 973 998 1014 neo
1019 956 1101 1015 simi-

199 1055 254 1103 sm
266 1037 457 1117 impietatem
486 1041 711 1118 cogitaverunt
752 1036 830 1097 Nam
858 1030 931 1097 hinc
956 1039 1102 1116 sequitur,

199 1119 301 1199 apam
331 1127 362 1180 et
385 1122 526 1183 notarios
554 1121 660 1200 palatii
687 1139 755 1180 esse
781 1139 875 1200 snpra
900 1121 1103 1201 evangelium,

201 1219 219 1261 c
241 1220 301 1282 per
322 1202 383 1262 hoc
403 1221 496 1283 supra
517 1204 626 1279 Deum,
650 1222 718 1262 cum
730 1202 849 1262 Lucifer
870 1203 968 1262 solum
991 1221 1102 1282 aequa-

199 1303 217 1344 ‚s
241 1285 313 1346 Deo
343 1304 412 1346 esse
440 1294 569 1347 conatus
598 1286 701 1347 fuerit
744 1284 813 1359 Qua
839 1286 993 1364 sapientia
1020 1305 1103 1345 nova

199 1369 302 1447 'epam
324 1367 414 1429 nobis
436 1368 593 1429 hominem
614 1369 699 1429 illum
720 1377 865 1445 statuunt,
887 1367 1007 1446 dequo
1029 1368 1104 1431 dicit

199 1450 316 1511 'aulusz
360 1451 418 1525 Qui
447 1451 607 1513 extollitur
634 1470 728 1531 snpra
756 1471 847 1510 omne
879 1452 962 1530 quod
984 1451 1102 1529 colitur,

199 1541 235 1594 ut
261 1533 347 1612 quod
370 1534 480 1596 dicitur
504 1537 593 1597 Deus.
636 1534 778 1595 Ecclesia
793 1536 874 1594 enim
897 1543 1036 1594 creatura
1057 1543 1104 1594 est

199 1615 352 1698 vangelii,
373 1618 655 1697 incomparabiliter
677 1619 776 1677 minor
796 1618 876 1696 ipso,
897 1619 976 1676 sicut
995 1618 1039 1677 ait
1053 1616 1103 1676 Ja-

199 1699 301 1762 obus:
322 1699 502 1761 Voluntarie
523 1702 630 1780 genuit
657 1719 716 1760 nos
738 1699 833 1759 verbo
861 1700 995 1759 ιιιιιιιιιι
1019 1718 1103 1777 suae,

201 1781 368 1842 tPaulns:
413 1783 471 1843 Per
502 1784 696 1863 evangelium
725 1801 787 1862 ego
806 1799 864 1841 vos
885 1783 994 1862 genui,
1022 1781 1102 1841 unde

199 1864 268 1925 lem
291 1865 418 1926 verbum
442 1873 571 1926 vocatur
591 1878 693 1926 uterus
717 1872 748 1925 et
770 1865 861 1924 vulva
872 1866 939 1942 Dei,
961 1865 1032 1927 an.
1043 1865 1102 1928 46:

199 1946 245 2022 lui
268 1948 434 2028 gestamini
455 1951 487 2008 in
509 1956 597 2010 utero
620 1968 702 2025 meo,
723 1955 755 2008 et
776 1949 939 2027 portamini
961 1949 990 2006 in
1012 1948 1105 2007 vulva

199 2049 273 2110 nea,
307 2032 379 2110 quia
400 2031 519 2092 scilicet
544 2051 584 2092 ex
606 2032 673 2092 Deo
703 2032 857 2090 nascimur
891 2037 922 2091 et
949 2037 1106 2110 portamur

199 2113 282 2175 'erbo
307 2115 424 2174 virtutis
445 2133 530 2175 suaa
1129 2128 1142 2165 t

271 2195 305 2258 Si
327 2196 387 2257 hoc
408 2197 557 2257 voluisset
578 2196 613 2259 B.
637 2196 842 2276 Augustinus,
870 2197 948 2256 sicut
969 2196 998 2256 ei
1018 2197 1105 2255 innn-

199 2280 367 2340 tentissimo
408 2281 585 2360 imponunt,
622 2281 690 2359 quis
717 2298 781 2339 non
810 2280 972 2358 Augustini
1001 2278 1106 2338 mallet

199 2382 346 2441 tunquam
368 2363 522 2424 audivisse
544 2363 678 2424 nomen?
720 2363 815 2442 Igitur
836 2364 873 2422 ad
896 2362 1010 2423 fontem
1033 2380 1104 2422 eun-

199 2445 260 2505 lum
284 2452 343 2507 est.
385 2445 497 2506 Scribit
524 2447 604 2506 enim
634 2447 668 2507 B.
691 2446 879 2525 Augustinus
914 2454 1021 2505 contra
1044 2445 1105 2523 epi·

199 2528 302 2589 stolam
337 2527 527 2589 fundamenti
560 2527 826 2604 Manichaeorum,
860 2546 922 2586 non
956 2527 1106 2586 Vincentii

199 2618 242 2671 ἰιι
263 2611 311 2670 illi
338 2609 460 2689 dicunt)
485 2613 585 2691 capite
607 2617 640 2676 5:
684 2609 773 2671 Adeo
802 2609 931 2670 studiosi
951 2618 1022 2670 sunt
1043 2617 1105 2669 tum

199 2693 336 2755 ibrorum
359 2703 422 2753 tum
446 2695 624 2771 verborum,
655 2703 689 2754 ut
716 2712 774 2753 neo
794 2692 833 2753 ad
857 2694 1020 2773 originem,
1048 2705 1111 2752 nec

199 2776 228 2837 td
250 2794 379 2837 sensum
401 2785 519 2873 curept
529 2777 639 2857 pedem
669 2795 803 2838 movere.
846 2777 985 2855 Denique
1013 2776 1107 2836 verba

199 2860 372 2939 Augustini,
395 2879 474 2940 qnae
495 2861 540 2920 sic
567 2860 698 2921 habent:
726 2859 897 2938 Evangelio
920 2878 981 2919 non
1004 2859 1106 2919 crede·

199 2961 273 3020 ·,em
303 2943 362 3003 nisi
385 2962 435 3003 me
456 2943 606 3003 ecclesiae
637 2950 844 3003 commoveret
863 2943 1027 3020 autoritas,
1062 2941 1107 3001 illi

199 3024 357 3087 bresones
388 3026 433 3085 sic
459 3025 604 3087 reddunt:
648 3025 819 3106 Evangelio
847 3044 910 3085 non
940 3024 1106 3100 crederem,

199 3109 248 3169 risi
272 3106 431 3169 crederem
453 3109 612 3170 ecclesiae.
655 3110 729 3169 lnde
751 3108 823 3168 nibil
847 3109 970 3182 mirum,
998 3109 1024 3166 si
1045 3113 1109 3168 tan·

199 3210 253 3251 :um
279 3191 321 3252 sit
343 3190 514 3253 laboratum
536 3193 566 3251 in
590 3191 679 3251 huius
694 3190 766 3252 dicti
787 3190 999 3271 intelligentia,
1021 3200 1052 3251 et
1064 3198 1110 3252 tot

199 3293 341 3334 rensuum
363 3274 479 3334 rivulos
501 3274 573 3334 inde
605 3275 724 3336 ductos.
773 3274 872 3334 lustus
903 3275 984 3334 enim
1022 3273 1109 3335 labor

199 3359 236 3417 ιιι
253 3354 288 3437 ¹)
313 3362 370 3434 est,
392 3364 426 3416 ut
447 3356 549 3418 multis
572 3366 770 3436 torqueantur
796 3357 1107 3436 interpretationibus,

198 3441 241 3518 pui
265 3437 376 3500 librum
399 3446 429 3499 et
452 3456 588 3502 autorem
612 3459 674 3500 non
696 3440 860 3520 dignantur
882 3440 1029 3515 lectione,
1052 3438 1107 3500 sed

199 3523 230 3583 le
271 3522 335 3582 suis
365 3520 514 3602 capitibus
543 3521 681 3583 divinare
701 3532 850 3584 conantur
877 3521 1044 3593 undelibet
1054 3522 1109 3583 de-

199 3605 308 3685 terptis
330 3605 566 3686 depravatisque
589 3606 678 3667 dictis
699 3606 944 3686 intelligentiam.

274 3687 417 3765 Primum,
439 3688 598 3750 familiaris
621 3697 728 3773 tropus
750 3696 799 3754 est
817 3689 854 3752 B.
872 3689 1052 3772 Augustm'r,
1067 3689 1110 3749 di

202 3854 220 3906 1
229 3859 241 3913 )
260 3855 293 3904 In
313 3856 376 3908 add.
396 3862 487 3929 orig:
506 3865 541 3919 is.
