2709 4417
475 348 546 404 xm.
566 347 600 401 ue
619 353 756 417 potestate
775 349 873 417 sapae.
1055 345 1117 413 325

197 530 414 594 efficacissime
435 540 468 595 et
488 535 709 596 violentissime
729 535 761 594 id
783 535 915 595 faciant?
936 537 1014 596 siout
1038 537 1117 598 vide-

199 633 266 672 mus
289 616 322 674 in
344 617 518 696 praedietis,
541 625 571 678 et
593 637 674 678 nuno
697 637 770 678 eoos
792 619 922 696 amptius
946 618 1117 682 videamus.

282 697 417 772 Quartus
439 701 605 760 Anaaletus
627 701 718 766 21.¹›
745 719 769 762 o.
792 701 826 759 ln
850 720 942 779 novo,
964 703 996 761 ln
1022 721 1118 780 novo,

199 778 308 856 inquit,
330 781 530 843 Testamento
552 790 625 862 post
639 783 791 844 Christum
807 784 971 843 Dominum
994 804 1013 843 a
1026 785 1117 845 Petro

199 863 400 924 sacerdotalis
423 866 526 944 coepit
548 865 633 928 ordo.
678 866 758 940 Quia
786 867 845 945 ipsi
876 867 973 945 primo
997 866 1117 946 pontifl-

201 951 286 1004 oatus
307 947 340 1004 in
363 948 496 1008 eoolosia
507 947 617 1010 Christi
641 948 729 1008 datus
752 956 807 1025 est,
830 949 963 1008 Domino
977 948 1116 1014 dicente:

201 1025 245 1086 Tu
270 1046 304 1087 es
326 1028 433 1089 Petrus
456 1037 514 1091 eto.

282 1109 369 1171 Haeo
391 1113 416 1172 si
431 1112 584 1194 intelligit,
607 1112 690 1193 quod
705 1113 906 1173 saoerdotalis
921 1112 997 1174 ordo
1012 1114 1119 1193 coepit

203 1209 219 1249 a
238 1191 334 1253 Petro
356 1195 388 1253 in
410 1194 543 1256 ecelesia
564 1197 674 1274 latina,
699 1202 802 1276 potest
823 1203 978 1274 uteunque
999 1202 1119 1255 susten«

203 1274 265 1353 tari,
289 1277 548 1352 quemadmodum
571 1286 602 1338 et
623 1279 658 1340 B.
680 1277 850 1358 Cyprianus
873 1279 1005 1357 epistola
1026 1281 1118 1338 tertia

204 1355 306 1416 sedem
327 1358 409 1419 Petri
431 1361 640 1441 principalem,
662 1367 693 1420 et
714 1361 795 1421 unde
818 1360 1017 1421 sacerdotalis
1040 1359 1116 1421 ordo

203 1441 348 1520 eoeperit,
366 1443 510 1523 appellat,
532 1449 585 1503 aut
599 1445 644 1503 sio
655 1445 767 1524 coepit,
789 1443 870 1523 quod
882 1443 990 1504 Petrus
1003 1444 1118 1522 primus

201 1522 279 1581 inter
295 1524 442 1603 aequales
465 1526 624 1605 apostolos
647 1526 745 1588 fuerit.
789 1526 820 1587 si
842 1533 942 1585 autem
965 1525 1118 1606 intelligit,

201 1604 283 1682 quod
306 1625 327 1665 a
347 1607 488 1667 Romana
504 1608 579 1668 sede
595 1610 695 1670 omnis
709 1608 786 1669 ordo
799 1608 999 1668 sacerdotalis
1020 1609 1118 1687 primo

198 1694 228 1745 et
250 1687 355 1748 solum
378 1692 490 1768 veniat,
513 1710 552 1751 ex
574 1690 663 1751 diotis
687 1692 760 1750 satis
784 1697 877 1771 patet,
900 1710 991 1770 quam
1014 1692 1053 1749 sit
1074 1708 1118 1750 er·

197 1788 340 1830 roneum.
384 1771 450 1831 Neo
471 1773 531 1833 hoo
554 1780 625 1833 tuno
648 1773 789 1833 Auaoieti
812 1781 859 1834 est
875 1772 1041 1851 decretum,
1064 1771 1118 1832 sed

195 1850 262 1910 iioti
286 1851 415 1914 alieuius
437 1855 578 1917 Anaoleti
600 1857 698 1936 palea.

283 1934 417 2009 Quintus
439 1937 579 2018 Pelagius
602 1938 711 1998 eadem
734 1937 814 1998 disti.
836 1940 890 2000 21:
924 1937 1037 1996 Sancta
1059 1937 1119 1996 Ro·¹

195 2034 293 2075 mana
315 2019 446 2078 eeclesia
485 2021 636 2082 catholiea
664 2027 695 2081 et
716 2020 888 2100 apostoliea
913 2017 1011 2101 (forte
1035 2018 1118 2098 quod

194 2106 331 2176 ceteras,
353 2120 412 2161 neo
433 2113 565 2180 sanctas,
588 2122 647 2163 neo
668 2102 837 2163 oatholioas
860 2101 999 2184 reputat)
1023 2101 1117 2160 nullis

196 2180 359 2261 synodicis
382 2186 555 2245 constitutis
586 2187 696 2245 ueteris
729 2185 868 2245 ecelesiis
898 2185 1036 2263 praelata
1063 2190 1119 2259 estg

197 2263 255 2323 sed
280 2267 461 2345 evangeliea
470 2285 548 2328 vooe
561 2269 681 2328 Domini
705 2276 736 2328 et
750 2267 918 2329 salvatoris
943 2267 1039 2326 nostri
1061 2266 1120 2345 pri·

199 2353 318 2406 matum
343 2347 488 2426 obtinuit,
511 2350 556 2409 Tu
579 2370 622 2426 es,
646 2351 753 2428 inquit,
776 2350 892 2409 Petrus.

285 2429 344 2489 Hie
366 2432 463 2511 magis
486 2435 617 2511 erumpit
639 2432 784 2508 etaudet,
807 2451 867 2491 non
884 2437 1120 2490 tantumoontra

200 2511 362 2591 proediota
384 2513 452 2573 dist.
477 2518 526 2578 99.
541 2515 674 2575 adduota
691 2515 824 2590 decreta,
846 2514 900 2573 sed
923 2515 1014 2573 etiam
1038 2511 1120 2590 quod

200 2594 329 2654 verbum
352 2594 461 2656 Christi
489 2597 527 2656 ad
551 2598 670 2657 Petrum
707 2599 832 2657 omnino
856 2602 977 2674 torquet
999 2594 1038 2653 de
1060 2593 1121 2653 fide

201 2675 241 2735 ad
264 2684 451 2756 potestatem
477 2680 694 2740 iurisdietionis
733 2687 764 2739 et
796 2697 939 2758 pompam
963 2679 1120 2756 primatus.

203 2758 326 2819 Deinde
348 2761 446 2820 solam
471 2762 551 2822 Petri
575 2782 739 2843 personam
763 2763 793 2820 in
817 2761 917 2820 verbis
940 2759 1050 2820 Christi
1073 2777 1121 2819 ao

203 2842 293 2920 oipit,
316 2845 431 2903 reiecta
453 2863 586 2923 persona
609 2846 775 2916 eeclesiae,
809 2862 898 2922 quam
921 2861 994 2901 vere
1015 2842 1122 2902 Petrus

203 2931 276 2984 tuno
297 2927 403 3004 gessit.
447 2927 529 3007 Ergo
553 2947 634 2987 nova
651 2928 865 3007 grammatica:
888 2926 933 2984 Tu
956 2944 989 2984 es
1005 2925 1121 2996 Petms‚

202 3006 368 3088 signifieat,
403 3015 434 3068 tu
456 3028 489 3068 es
511 3012 635 3089 primus,
658 3018 703 3070 et:
736 3009 805 3069 Tibi
827 3008 908 3068 dabo
930 3008 1056 3084 eleves,
1090 3007 1120 3065 id

204 3097 267 3168 est,
291 3090 350 3150 soli
373 3091 532 3152 Romanae
556 3093 729 3169 eeclesiae,
752 3093 862 3152 ceteris
885 3091 1024 3150 eoolesiis
1047 3089 1122 3148 nihil

203 3172 399 3235 habentibus.
443 3173 502 3234 Sed
525 3177 610 3255 piget
632 3195 681 3234 me
702 3176 807 3234 omnis
828 3191 1080 3233 commemorare.

287 3255 320 3314 lu
344 3275 478 3334 summa,
502 3265 534 3316 ut
556 3259 637 3332 dixi,
660 3259 685 3317 si
707 3257 754 3317 his
778 3256 878 3316 verbis
903 3255 1040 3315 Christus
1063 3254 1122 3314 Ro·

204 3357 328 3397 mauam
351 3338 513 3398 eoolesiam
533 3339 725 3420 significavit,
747 3360 816 3398 oum
829 3340 970 3399 Romana
992 3336 1124 3396 ecelesia

204 3422 255 3479 vix
276 3421 425 3481 vioesimo
448 3441 530 3483 anno
553 3423 704 3483 ecelesiae
721 3424 892 3502 primitivae
914 3427 987 3479 nata
1008 3421 1056 3495 sit,
1077 3437 1122 3478 se·

205 3504 324 3582 quitur,
347 3504 430 3581 quod
452 3505 520 3583 ipsa
541 3506 696 3584 primitiva
718 3523 779 3564 non
800 3504 889 3563 fuerit
912 3502 1059 3576 enclesis,
1092 3507 1124 3561 et

205 3586 353 3666 deinoeps
376 3604 493 3666 omues,
515 3606 595 3666 quae
606 3585 639 3670 ²)
658 3588 762 3647 olaves
785 3607 823 3646 ex
840 3587 980 3646 Romana
992 3584 1125 3644 ecclesia

234 3772 268 3837 1)
286 3773 319 3823 In
350 3772 392 3824 sd,
410 3772 472 3827 Jen.
508 3781 536 3827 et
557 3775 629 3829 Witt.
663 3772 804 3830 additum:
838 3774 903 3829 diat.
935 3774 972 3839 Ἃ
987 3773 1027 3826 hn
1058 3770 1130 3824 edit.

186 3843 300 3902 priore:
318 3844 374 3906 qui.
1060 3877 1071 3890 ,
