2709 4417
221 345 286 411 440
451 342 497 400 ffl-
535 345 640 400 Corneio
657 344 693 399 de
711 346 889 400 somnum
955 311 962 325 ι

224 533 353 594 ooonrrit
385 537 416 592 et
452 530 614 592 oouflrmnt
641 550 698 594 nos
730 533 760 591 in
790 530 853 593 tide
876 541 908 592 et
928 531 1074 606 eoritote,
1105 549 1137 590 se

225 614 347 676 tandem
371 614 465 676 semet
498 635 536 674 ex
564 614 624 675 hoo
654 614 759 676 seoulo
792 615 822 674 in
850 614 963 676 ooelos
994 613 1134 674 transfert.

224 698 346 759 Interim
370 703 487 776 nutem,
511 697 581 758 dum
604 697 654 758 hio
673 698 815 775 vivimus,
837 697 919 758 olins
943 697 1038 758 alium
1058 697 1135 772 fens,

225 782 304 841 siunt
325 779 461 841 Christus
483 798 605 859 quoque
628 800 686 841 nos
709 781 793 861 tulit,
829 799 933 860 neque
964 778 1046 840 enim
1067 780 1134 858 qnis-

225 882 316 942 qusm
338 861 494 923 hominurn
518 872 565 922 eet
586 865 748 942 perfectus.

307 944 415 1024 Neque
442 965 514 1005 vero
548 946 608 1006 hoe
637 947 704 1008 solo
726 946 821 1007 verbo
850 956 883 1006 et
910 945 1059 1026 exemplo
1088 965 1133 1005 suu

225 1028 361 1090 Christus
383 1027 473 1089 nobis
485 1029 654 1108 proposuit,
677 1030 828 1089 sedidem
844 1031 940 1090 etium
967 1047 1132 1108 expressum

225 1119 273 1172 est
294 1112 428 1171 externis
461 1112 555 1191 signis
588 1115 675 1192 punis
699 1113 823 1173 etvini.
868 1112 921 1173 Sin
950 1113 1034 1172 enim
1056 1115 1132 1171 send·

196 1203 201 1213 ‘
225 1211 301 1272 mns,
319 1194 401 1253 huno
414 1213 525 1273 penem
549 1213 620 1256 esse
633 1214 744 1275 eorpus
758 1194 881 1272 Christi,
903 1202 936 1255 et
959 1195 1021 1255 hoe
1043 1195 1129 1254 vinun

224 1295 294 1338 esse
316 1276 426 1336 Christi
449 1278 640 1355 sanguinem.
683 1278 774 1338 Aliud
806 1278 901 1358 igitur
921 1276 1033 1338 vident
1052 1279 1128 1355 oonh,

225 1358 308 1419 uliud
330 1358 406 1419 fides
429 1359 523 1420 verbo
546 1360 706 1421 admonita
727 1359 838 1438 eredit,
870 1380 953 1440 quoe
985 1359 1058 1422 fidei
1074 1380 1128 1440 pro·

223 1442 290 1584 prin
312 1441 429 1522 effigies
460 1450 491 1502 et
522 1445 624 1524 imngo
647 1452 703 1504 est.
745 1443 917 1503 Nemeum
949 1457 1127 1504 snorumento

246 1542 285 1586 oo
305 1526 430 1602 utimur,
464 1533 494 1585 et
515 1526 801 1606 eudimus'quoque
824 1527 969 1604 verbum,
1009 1525 1066 1587 duo
1085 1526 1126 1587 iih

224 1616 351 1668 externo
372 1616 569 1686 concurrunt,
592 1609 733 1687 verbnm,
756 1609 837 1688 quod
860 1611 891 1669 in
916 1629 1027 1686 aures,
1047 1614 1076 1669 et
1093 1611 1125 1688 ip·

224 1709 290 1750 snm
312 1690 441 1762 sontum,
469 1691 552 1774 quod
574 1694 604 1751 in
628 1692 734 1753 oeulos
757 1693 891 1752 incurrit.
935 1691 1124 1753 Nihilominus

225 1781 326 1832 tomen
359 1774 388 1832 in
425 1773 486 1833 illis
515 1777 649 1834 externis
672 1782 703 1834 et
733 1773 878 1834 subiectis
912 1777 1017 1835 sensui
1049 1774 1124 1835 rebus

223 1862 379 1915 oeternum
403 1859 511 1932 vitam,
535 1860 637 1918 omnin
658 1860 731 1917 item
754 1856 907 1918 bonorum
929 1876 1054 1938 genere,
1073 1859 1123 1917 imo

224 1938 320 1998 Deum
357 1956 479 2018 quoque
515 1941 613 2018 ipsum
649 1941 782 2000 omnium
821 1939 974 2000 honorum
1002 1949 1123 2000 autorem

138 2037 143 2044 ·
225 2019 492 2100 apprehendimus.
927 2044 929 2047 ·

306 2101 412 2177 Qualis
429 2109 529 2164 autern
554 2104 634 2182 fidei,
658 2106 726 2164 tuiis
740 2125 862 2184 quoque
886 2107 1021 2168 enritotis
1035 2105 1124 2186 imago

223 2186 255 2245 in
276 2186 336 2245 hoo
358 2197 550 2247 sacramento
573 2195 619 2247 est
641 2206 803 2266 expressa,
836 2206 874 2248 no
897 2189 995 2268 primo
1017 2187 1124 2266 quidem

223 2268 253 2327 in
287 2287 376 2347 pune.
421 2268 525 2330 Graue
546 2273 643 2343 enim,
681 2271 854 2349 priusquam
890 2272 1038 2330 molitoris
1070 2283 1124 2330 orte

223 2352 368 2412 inunum
392 2353 548 2431 pulverem
578 2360 741 2432 cogantur,
769 2353 1008 2432 unumquodque
1030 2373 1081 2433 per
1100 2373 1125 2411 se

221 2436 376 2522 proprium
400 2455 436 2494 ne
459 2437 610 2516 integrum
633 2454 743 2514 eorpus
765 2445 828 2512 est,
857 2436 906 2496 nbi
928 2435 1031 2496 eutem
1054 2455 1125 2498 oom-

224 2516 338 2576 minutu
359 2517 484 2594 tuerint,
519 2538 609 2577 unum
644 2518 797 2597 quoddam
827 2518 994 2579 conficiunt
1014 2538 1123 2597 eorpus.

222 2597 272 2658 siu
300 2607 330 2658 et
358 2602 388 2660 in
420 2602 506 2677 vino,
543 2602 716 2680 prinsquam
744 2603 775 2661 in
808 2601 944 2661 torcular
976 2602 1123 2677 oonieetae

221 2700 300 2741 nvoe
328 2690 537 2759 conteruntur,
580 2703 761 2762 unaquoque
794 2703 852 2744 uvn
886 2704 973 2744 suoru
1006 2685 1123 2744 formam

220 2764 332 2824 retinet
352 2767 517 2845 integram,
542 2766 589 2826 uhi
613 2774 716 2826 autem
739 2769 840 2826 vinum
863 2769 1069 2846 expresseris,
1095 2787 1126 2825 ex

222 2844 345 2907 infinitis
381 2850 447 2909 uvis
475 2869 552 2908 unus
576 2857 664 2928 potus
688 2849 855 2910 confinitur.
899 2849 1006 2928 Neque
1030 2847 1126 2909 condr-

223 2948 305 2988 mure
328 2932 394 3009 quis
417 2939 534 3011 potest,
558 2933 617 2991 hoo
640 2934 689 2991 vel
712 2952 750 2992 ex
772 2932 825 2992 illu
848 2933 896 2991 vel
919 2933 982 2992 niin
1004 2932 1125 3011 quedam

220 3030 279 3071 nvo
324 3013 515 3091 profluxisse.
568 3013 832 3089 Quemadmodum
882 3034 1007 3094 quoqne
1045 3035 1126 3075 uerno

221 3100 324 3172 potest
346 3113 500 3172 asserere,
538 3098 665 3156 turinum
697 3099 745 3157 vel
779 3118 816 3157 ex
852 3099 914 3157 hoo
942 3099 991 3158 vei
1019 3117 1060 3157 ex
1081 3098 1127 3156 iiio

219 3196 316 3256 grano
338 3178 465 3256 foetum,
493 3182 538 3239 sio
560 3182 639 3240 enim
664 3181 810 3240 oonsnsoe
833 3190 864 3239 et
886 3200 965 3239 nune
988 3191 1019 3239 et.
1041 3201 1128 3261 grsnn

219 3267 306 3334 suut,
329 3272 362 3320 ut
383 3260 514 3321 disoerui
536 3262 666 3342 amplius
689 3283 751 3324 non
774 3264 901 3342 possint.

303 3345 401 3422 Atque
423 3346 453 3404 in
476 3346 556 3405 huuc
580 3345 704 3405 modum
723 3346 753 3408 8.
767 3346 879 3406 Paulus
903 3364 1026 3425 quoqne
1050 3365 1128 3406 noee-

219 3426 301 3503 pisee
322 3427 381 3487 isto
397 3427 516 3487 videtur
541 3433 566 3489 1.
581 3429 716 3489 Corinth,
731 3433 785 3494 10:
808 3428 960 3504 Quoniam
984 3447 1062 3488 unus
1084 3447 1130 3510 po·

219 3507 280 3582 nis,
313 3528 403 3569 unum
439 3529 549 3590 eorpus
579 3530 636 3571 nos
659 3513 744 3572 multi
768 3531 881 3573 sumus.
925 3511 1004 3571 Nom
1029 3530 1129 3572 omnes

217 3609 255 3648 ex
278 3591 389 3651 eodem
427 3613 506 3673 pane
539 3595 764 3674 participamus.
809 3594 889 3670 Quin
922 3595 1004 3655 enim
1041 3593 1129 3655 verbo

216 3671 383 3749 oredimus,
424 3676 642 3736 munduoomus
675 3697 787 3757 eorpus
820 3679 888 3739 lesu
921 3677 1053 3754 Christi,
1084 3679 1130 3757 qui

213 3753 300 3820 dibus
325 3759 462 3821 animum
483 3759 586 3820 rehoit
604 3778 645 3819 no
663 3761 778 3835 quso‘o.

295 3843 400 3909 Porro
438 3844 608 3928 proximus
640 3856 735 3898 menn
753 3835 896 3893 niernum
914 3850 971 3887 me
987 3832 1172 3894 mmmm,
