2709 4417
1171 262 1212 277 ’ν

268 347 331 419 176
491 346 646 420 capuceo
663 344 773 419 narse
788 346 881 404 nasia
900 367 926 403 a
945 335 1015 403 xor

268 553 364 614 saepe
384 535 508 595 invenio
529 534 691 614 peceatum
709 553 764 613 pro
775 552 879 614 poena
889 535 998 614 accipi,
1020 537 1075 595 uisi
1095 503 1166 618 lone,¹
1190 579 1212 605 ,2

270 617 321 678 ubi
344 616 383 679 de
405 615 526 678 Christo
548 619 689 678 scribitur
711 617 765 698 *):
803 616 896 692 Quod
929 629 1058 697 peccata
1078 627 1159 682 nosue
1188 608 1195 691 l

268 700 335 780 ipse
357 700 504 779 portavit,
527 701 610 779 quod
632 709 736 761 tamen
758 702 910 780 elipeum
933 719 998 760 non
1021 703 1111 761 anaim
1129 704 1162 764 di·
1189 691 1195 791 l

269 800 339 843 cere
365 783 545 862 simpliciter
573 804 631 864 pro
659 802 762 863 poena
789 784 899 863 accipi.
940 783 1003 844 Sed
1034 783 1107 844 haec
1128 807 1163 846 ex-
1192 794 1213 869 ξς

271 872 567 1009 trane(lirufutaturus
596 947 689 1026 illud,
719 947 801 1026 quod
834 949 941 1009 venias
964 948 1027 1008 dixi
1055 968 1117 1009 esse
1134 953 1165 1011 ri·
1193 901 1212 1025 ξ

269 1033 343 1092 tium
365 1031 484 1110 operis,
519 1030 593 1091 dicit
619 1050 689 1092 esse
716 1030 1003 1092 subordinationem
1031 1030 1127 1091 finium
1143 1036 1166 1093 in
1194 1034 1212 1113 ’ἒ

269 1114 432 1194 operibus,
459 1113 531 1174 ideo
554 1114 580 1172 si
603 1115 713 1174 veniae
729 1114 901 1174 referantur
928 1115 1096 1191 inlisum,
1120 1135 1167 1176 non
1195 1154 1204 1195 ,2

269 1198 376 1258 vitiant
404 1216 490 1276 opus.
533 1196 741 1277 Respondeo:
774 1197 820 1257 Da
848 1197 1026 1276 exemplum
1062 1196 1166 1258 demon·
1196 1240 1203 1276 ·-.

269 1279 394 1341 strandi.
421 1279 492 1338 Dixi
514 1281 596 1339 enim
619 1279 810 1341 bodieraros
832 1281 973 1356 inveniri,
996 1281 1048 1359 qui
1070 1288 1167 1342 tantun
1198 1326 1212 1361 ¹,

269 1354 377 1423 darent
397 1363 491 1442 gratis
513 1370 546 1424 et
567 1373 694 1442 propter
715 1363 832 1441 Deum,
861 1372 1008 1441 quantum
1037 1364 1108 1424 dant
1126 1384 1169 1444 pro
1198 1408 1202 1445 Ξ

193 1497 196 1503 ,
268 1445 483 1525 indulgentiis,
505 1464 544 1505 ex
565 1444 712 1506 fructibus
735 1464 809 1525 ergo
830 1449 1028 1525 cognoscetis
1042 1466 1104 1523 eos,
1121 1448 1168 1506 imo
1203 1478 1213 1526 ς

267 1530 294 1590 si
315 1527 442 1589 audiant
464 1528 572 1587 melius
596 1548 630 1588 se
652 1548 747 1607 posse
769 1529 891 1605 facere,
923 1547 1016 1608 quarn
1040 1529 1170 1589 redimere
1198 1580 1201 1611 ,

268 1611 484 1692 indulgentias,
508 1611 667 1690 probabile
691 1618 747 1687 est,
771 1611 870 1670 nullas
892 1611 1168 1692 esseredempturos
1197 1658 1212 1695 .—

272 1695 487 1774 indulgentiae.
1198 1740 1212 1779 Ε

351 1777 397 1837 De
429 1782 607 1854 contemptu
640 1776 900 1855 indulgentiarum
919 1776 1021 1838 dicit:
1055 1775 1086 1836 Si
1119 1775 1171 1835 iuis
1198 1786 1212 1851 j,

269 1881 334 1921 sem
380 1878 450 1919 usus
494 1858 555 1918 hoo
599 1858 826 1937 moderamine,
869 1859 1012 1921 standum
1055 1867 1132 1918 esset
1149 1854 1212 1947 Ἠ

269 1946 335 2005 eins
357 1942 570 2019 declarationi.
615 1941 728 2001 Verum
755 1943 887 2022 vulgaris
909 1961 1012 2002 sermo
1035 1941 1122 2001 aliam
1139 1941 1171 1999 in·
1196 1948 1212 2041 3

269 2027 351 2088 dicat
370 2026 455 2086 laicis
477 2024 722 2103 intelligentiam.
764 2025 974 2104 Respondeor
995 2024 1105 2084 Videat
1122 2022 1171 2082 dili·
1190 2020 1201 2075 .’

270 2111 391 2190 gentius
414 2107 546 2169 eundem
567 2126 738 2168 sermonem
761 2109 904 2187 egregius
927 2109 964 2168 D.
989 2109 1025 2170 D.
1057 2114 1087 2166 et
1105 2106 1173 2166 inve

271 2194 343 2269 niet,
368 2210 416 2251 me
437 2191 591 2269 expressis
604 2189 704 2250 verbis
727 2191 852 2267 dixisse,
874 2209 937 2250 non
960 2209 1031 2250 esse
1053 2198 1170 2250 conteu-

271 2274 387 2336 nendas
409 2272 626 2352 indulgentias,
648 2272 704 2333 sed
719 2273 936 2352 relinquendas
951 2272 1074 2351 liberas,
1096 2272 1171 2331 nemi·

271 2378 343 2419 nem
365 2378 433 2417 esse
456 2355 711 2433 absterrendum,
733 2360 812 2417 sicut
833 2359 988 2417 neminem
1013 2354 1173 2435 urgendum,

271 2461 340 2502 esse
370 2440 514 2500 videlicet
543 2439 699 2518 pigrorum
729 2440 850 2501 solatia.
895 2439 998 2513 Quare
1028 2441 1095 2499 sine
1121 2456 1174 2496 mea

273 2524 364 2604 culpa
385 2524 465 2582 hauc
491 2521 731 2582 declarationem
760 2531 791 2583 et
813 2523 886 2582 satis
910 2522 1102 2584 moderatam
1121 2539 1173 2580 sen·

279 2608 404 2667 tentiam
427 2625 489 2665 uon
510 2604 693 2683 intelligunt.

322 2750 327 2757 ,
356 2689 492 2749 Transeo
515 2685 590 2747 illud
612 2686 808 2766 deGersone,
832 2688 883 2748 ubi
905 2687 998 2748 dicit:
1018 2686 1108 2747 Aliud
1121 2704 1175 2746 esse

274 2772 452 2834 satisfacere
474 2771 506 2830 in
527 2772 677 2850 peccatis,
710 2780 741 2831 et
760 2772 911 2832 redimere
931 2771 1136 2850 indulgentias
1153 2770 1175 2827 iu

273 2857 424 2937 peccatis:
447 2855 519 2935 quia
539 2855 571 2913 in
593 2854 629 2915 iis
652 2855 863 2915 obstatforma
875 2854 1096 2931 concessionis,
1112 2870 1176 2931 qnae

275 2940 377 3001 solum
401 2937 549 2998 confessis
578 2948 609 2997 et
636 2938 773 2998 contritis
801 2938 949 3016 permittit
976 2936 1177 3017 indulgentias,

274 3021 338 3082 illic
360 3040 433 3083 vero
465 3028 496 3080 et
516 3022 583 3099 ipse
609 3020 768 3082 lohannes
791 3020 912 3082 Gerson
937 3039 1043 3081 secum
1071 3019 1176 3078 sentiat

271 3105 365 3167 Dico:
388 3103 602 3183 Relinquendo
626 3102 687 3164 hoc
708 3111 853 3182 tauquam
877 3112 966 3164 extra
988 3103 1175 3181 capacitatem

272 3188 449 3249 intellectus
473 3188 550 3265 mei,
584 3206 656 3246 vere
692 3189 772 3247 enirn
795 3206 858 3247 non
890 3189 998 3266 capio,
1033 3181 1174 3263 quomodo

272 3279 420 3352 peccator
430 3272 529 3350 possit
551 3269 729 3330 satisfacere
749 3272 780 3331 in
802 3272 937 3349 peccatis
960 3279 992 3329 et
1013 3287 1077 3329 nou
1099 3265 1175 3327 etiarn

274 3356 373 3434 possit
392 3355 529 3432 recipere
541 3354 696 3413 licentiam
713 3373 776 3414 uon
798 3352 1017 3430 satisfaciendi,
1040 3364 1108 3410 cum
1119 3348 1174 3429 plus

274 3437 413 3498 videatur
435 3437 546 3515 requiri
569 3436 608 3497 ad
629 3456 756 3516 operum
779 3438 1016 3517 perfectionem,
1039 3453 1125 3513 quam
1144 3428 1172 3490 cd

274 3539 484 3580 omissionem.
560 3546 563 3553 2

299 3788 334 3859 1)
355 3790 388 3844 lrr
410 3790 453 3846 ed.
480 3793 577 3863 orig}
605 3797 661 3846 est.

292 3867 327 3932 *)
347 3864 429 3922 Esai.
451 3865 503 3923 53.
