2709 4417
272 348 314 415 46
483 353 636 422 Disputatio
655 351 765 421 lipsiae
782 351 875 405 mutua
892 366 918 404 a.
937 351 1002 404 xlx

355 539 416 599 sed
438 539 520 618 quod
543 540 654 599 latetur
674 541 796 598 Petrum
830 538 909 598 bene
938 539 1032 598 fuisse
1060 539 1166 617 primum
1200 546 1203 621 ᾖ

273 623 458 703 apostolum,
481 641 607 682 numero
630 628 661 682 et
675 623 801 681 honoris
823 622 1049 702 praerogativa,
1071 627 1101 680 et
1121 642 1166 684 uun
1199 630 1216 695 ’ἔ

199 776 206 788 ἱ
273 707 451 786 potestatis,
473 704 545 764 illud
569 724 630 765 nou
654 705 802 763 satisfacit
816 705 970 764 institut0.'
987 704 1168 783 Primanus

272 788 490 868 Evangelistae
512 808 668 847 numerum
692 787 902 866 apostolorum
933 807 996 846 non
1023 788 1168 865 aequaliter
1200 798 1216 865 'j

273 874 463 949 inceperunt,
485 872 562 930 sicut
586 871 823 950 Chrysostomus
846 889 939 949 super
959 869 1113 936 Matthaeo
1129 891 1167 931 aa
1199 884 1217 948 ζ

274 961 370 1030 notat,
393 962 425 1013 et
435 954 540 1033 glossa
558 954 700 1012 videatur
710 952 814 1012 Matth.
826 957 872 1017 10.
895 952 1025 1031 Deinde,
1047 954 1122 1031 quod
1139 955 1167 1015 da
1201 962 1216 978 *

273 1026 427 1116 potestate
458 1044 488 1096 et
514 1035 640 1095 honoris
667 1037 884 1115 praerogativa
905 1037 1023 1113 variat,
1044 1054 1168 1114 expressa
1201 1034 1216 1115 J

273 1125 320 1180 est
341 1126 448 1179 contra
470 1119 499 1180 S.
521 1119 685 1198 Martyram
708 1118 911 1198 cyprianum,
934 1120 986 1197 qui
1007 1120 1039 1177 in
1063 1125 1169 1180 uacum
1200 1112 1216 1147 ²

217 1238 232 1255 ι
272 1203 312 1262 de
333 1203 526 1281 simplicitate
548 1202 754 1261 Praelatcrum
786 1209 894 1261 contra
913 1202 1114 1261 Novatianum
1136 1202 1170 1262 lo·
1203 1206 1207 1211 '

273 1304 370 1364 quens
393 1284 432 1344 de
453 1284 567 1344 diaboli
589 1286 700 1343 astutia
721 1285 859 1363 increpat
881 1303 946 1360 cos,
971 1285 1024 1362 qui
1045 1283 1122 1344 velut
1137 1286 1169 1344 iu·
1200 1298 1216 1313 ²

274 1370 375 1429 stitiue
398 1369 525 1426 ministri
545 1375 686 1426 asserunt
707 1375 829 1426 noctem
854 1385 909 1445 pro
932 1366 999 1442 die,
1037 1368 1169 1445 interitum
1199 1388 1217 1398 ·

273 1471 334 1530 pro
342 1451 449 1528 salute,
472 1451 717 1530 desperationem
740 1449 795 1508 sub
809 1449 915 1509 obtutu
938 1452 1014 1529 spei,
1030 1440 1169 1529 perfidiam
1209 1474 1216 1480 ·

274 1533 330 1593 sub
358 1543 520 1613 praetextu
540 1532 629 1604 fidei,
652 1541 684 1592 et
704 1533 796 1591 infra:
819 1532 859 1591 Et
879 1533 1020 1611 quamvis
1043 1533 1171 1612 apostolis

275 1617 415 1676 omnibus
444 1623 516 1695 post
542 1616 795 1674 resurrectionem
828 1635 913 1674 suam
949 1635 1056 1694 parem
1080 1616 1172 1676 tribuat

275 1705 469 1778 potestatem,
492 1706 523 1757 et
544 1697 626 1757 dicat
650 1698 703 1774 *):
741 1697 825 1757 Sicut
847 1717 896 1757 ma
918 1699 1002 1757 misit
1022 1698 1109 1758 Pater
1127 1706 1172 1758 uto.

274 1791 376 1841 tamen
407 1789 440 1840 ut
467 1783 612 1840 unitatem
646 1781 868 1858 manifestaret,
902 1782 1027 1842 unitatis
1056 1781 1172 1840 eiusdem

275 1866 423 1944 originem
452 1864 490 1924 ab
513 1882 573 1923 uno
595 1865 807 1942 incipientem,
831 1865 994 1924 autoritate
1016 1883 1071 1923 sua
1091 1865 1173 1944 dispo

274 1948 344 2006 suit.
387 1947 454 2005 Hoo
476 1953 565 2007 erant
582 1947 688 2025 utique
710 1954 741 2005 et
756 1948 849 2006 ceteri
872 1945 1012 2026 discipuli
1034 1946 1114 2025 quod
1133 1947 1173 2006 Pe

275 2036 355 2105 trus,
385 2031 450 2108 pari
473 2031 629 2088 consortio
651 2029 781 2108 praediti
804 2037 835 2089 et
856 2031 982 2090 honoris
1006 2038 1038 2090 et
1058 2036 1174 2109 potesta

275 2113 331 2190 tis,
358 2113 418 2171 hoc
445 2111 689 2190 ponderandum.
733 2112 794 2172 Sed
821 2112 981 2173 exordium
1011 2113 1050 2173 ab
1077 2114 1174 2172 unitata

275 2193 493 2274 proficiscitur,
524 2205 556 2253 ut
582 2195 715 2254 ecclesia
742 2215 803 2254 uua
832 2215 901 2255 esse
929 2202 1130 2273 monstretur,
1154 2203 1176 2255 ol

273 2277 366 2337 iulia:
389 2277 476 2336 Hanc
498 2279 643 2338 unitatem
667 2279 794 2356 quinon
816 2285 908 2355 tenet,
930 2279 1031 2358 legem
1050 2279 1106 2338 Dei
1126 2297 1174 2338 nou

275 2366 369 2437 tenet,
405 2379 467 2422 non
497 2367 582 2420 tenet
604 2361 701 2420 Patris
730 2368 761 2420 et
788 2362 855 2421 Filii
882 2362 991 2440 fidem,
1013 2363 1105 2421 vitam
1127 2380 1175 2421 non

275 2450 360 2503 tanet
381 2450 411 2502 et
432 2443 572 2504 salutem.
614 2443 700 2503 Haec
721 2451 829 2504 notatu
851 2444 1032 2525 dignissima
1050 2444 1176 2524 Cypriani

275 2524 386 2604 verba,
415 2529 466 2604 qui
487 2527 566 2585 inter
588 2528 833 2606 praerogativam
855 2528 982 2589 honoris
1004 2533 1037 2587 et
1057 2535 1177 2607 potesta

275 2610 314 2669 tis
335 2609 496 2687 apostolos
519 2629 580 2668 non
605 2611 713 2670 variat.

358 2690 407 2750 Ad
430 2694 586 2770 quintum,
609 2693 648 2752 de
671 2693 833 2770 electione,
855 2692 923 2752 dico
947 2699 982 2752 ut
1003 2693 1096 2772 prius,
1117 2691 1177 2751 nilril

275 2794 334 2835 nos
351 2775 507 2854 disputare
535 2775 574 2834 de
604 2775 697 2834 modo
721 2775 870 2854 eligendi,
899 2776 953 2835 sed
976 2775 1016 2834 da
1038 2775 1177 2854 qualitate,

275 2866 328 2918 aut
349 2860 450 2937 potius
474 2860 642 2937 quantitate
663 2860 760 2937 ipsius
783 2859 881 2936 electi,
904 2877 999 2937 quare
1021 2858 1176 2918 Concilium

229 2944 234 2953 “
274 2939 424 3001 Niceuum
448 2961 510 3001 nou
532 2943 588 3000 fuit
610 2940 854 3001 conciliabulum.
898 2940 959 3000 Sed
980 2960 1060 3020 quae
1082 2942 1177 3001 iactum

276 3031 307 3084 et
329 3026 596 3084 conversationem
618 3026 799 3103 respiciunt,
827 3042 883 3103 pro
907 3026 1066 3104 temporis,
1088 3042 1177 3104 perso·

275 3126 382 3166 narum
406 3113 437 3166 et
457 3107 595 3167 locorum
617 3107 764 3185 qualitate
791 3109 898 3167 mutari
920 3115 1071 3188 possunt,
1103 3109 1176 3167 utin

274 3190 377 3249 multis
400 3189 576 3250 (lenonibus
599 3190 748 3252 videmus.

356 3271 406 3331 Ad
429 3279 565 3348 sextum,
597 3273 680 3351 quod
709 3273 917 3333 observandus
938 3274 975 3335 D.
997 3274 1035 3336 D.
1058 3276 1100 3333 uti
1128 3273 1174 3332 diu·

274 3355 415 3416 lecticum
447 3359 576 3435 opponit
603 3377 652 3417 me
674 3356 801 3417 finxisse
830 3357 1057 3418 distinctionem
1080 3356 1118 3416 de
1135 3355 1173 3414 du·

275 3438 346 3518 plici
369 3443 452 3516 ortu,
480 3441 540 3498 iam
563 3439 735 3499 audivimus
763 3441 965 3520 Cyprianum,
995 3448 1026 3500 et
1053 3441 1173 3519 loquatur

274 3540 331 3600 pro
354 3521 469 3595 Ecoio,
498 3524 547 3580 cui
575 3542 637 3582 non
659 3530 775 3583 tantum
805 3526 939 3604 suppetit
960 3525 1127 3604 ingenium,
1148 3527 1171 3579 ut

276 3622 359 3663 nova
378 3604 490 3684 fingat,
520 3604 574 3664 sed
596 3612 702 3666 vetera
729 3613 904 3666 sanctorum
933 3607 1017 3667 diota
1038 3626 1092 3686 pro
1112 3603 1168 3665 virili

288 3851 320 3917 ⁴¹)
340 3855 445 3913 lolian.
468 3860 515 3917 20.
