2709 4417
397 1001 616 1099 Resolutio
646 999 913 1097 Lutheriana

209 1221 296 1289 super
316 1202 547 1286 Propositioue'
561 1201 647 1267 XIII.
671 1201 708 1267 de
743 1201 906 1284 potestate
927 1201 1030 1284 Papus
1060 1219 1118 1285 per

474 1287 617 1352 autorem
636 1283 842 1367 locupletata.

554 1484 756 1493 ...—.—.--.—.

295 1588 349 1677 Ex
370 1614 647 1697 propositionibus,
670 1634 746 1693 quas
767 1615 916 1676 Lutherus
941 1616 1025 1676 Eccii
1048 1617 1112 1693 the-

209 1703 282 1763 sibus
315 1702 505 1781 opposuerat
528 1696 633 1777 (Luth.
661 1697 740 1778 Epp.
772 1698 811 1758 de
839 1699 944 1759 Wette
965 1699 994 1776 1,
1027 1698 1118 1780 262),

203 1785 379 1863 praesertim
412 1781 501 1842 tertia
532 1780 651 1840 decima
682 1788 714 1841 et
742 1779 890 1862 Spoletini
922 1789 952 1842 et
978 1782 1119 1861 aliorum,

203 1867 251 1945 qui
278 1868 310 1927 iu
338 1866 409 1927 aula
428 1863 580 1924 Electoris
603 1861 758 1923 Saxoniae
784 1864 997 1942 versabantur,
1035 1871 1121 1926 mota

203 1956 250 2010 ast
271 1949 392 2009 miratio
414 1965 451 2006 ac
478 1945 648 2025 trepidatio.
691 1945 776 2007 Haec
798 1948 970 2028 propositio
1004 1954 1051 2007 est
1080 1948 1119 2009 de

200 2038 356 2110 potestate
393 2049 509 2109 papae,
539 2036 570 2088 et
597 2027 730 2088 Luthero
769 2030 825 2101 (de
846 2029 951 2090 Wette
973 2029 1003 2107 l,
1038 2033 1116 2108 261)

199 2123 265 2175 erat
287 2119 410 2174 extorta
430 2131 485 2191 per
508 2110 633 2188 thesim,
664 2128 754 2188 quam
776 2111 887 2172 Ecoius
916 2125 1119 2192 proposuerat

199 2198 350 2258 ultimam.
395 2195 427 2253 in
451 2193 728 2274 propositionibus,
752 2213 827 2272 quas
850 2194 959 2254 Eccius
982 2201 1118 2255 exeunte

199 2299 283 2340 anno
312 2278 441 2344 151816
464 2277 573 2356 vulgus
596 2275 750 2355 ediderat,
784 2277 862 2337 haec
891 2284 957 2336 erat
978 2277 1119 2338 duode·
1167 2322 1171 2329 .

199 2363 317 2440 eima,
338 2363 369 2420 in
391 2361 445 2436 iis,
469 2378 544 2438 quas
569 2377 673 2418 mense
695 2359 804 2419 Martio
827 2379 855 2421 6.
881 2363 958 2425 1519
981 2360 1117 2441 divulga

199 2453 295 2523 verat,
318 2442 441 2507 tertia
463 2441 633 2516 decima,
657 2460 718 2520 quo
740 2442 855 2502 factum
878 2450 934 2518 est,
956 2450 990 2502 ut
1010 2441 1121 2502 Luthe-

201 2547 250 2588 rus
263 2524 357 2587 modo
373 2525 515 2604 loquatur
530 2523 568 2583 de
583 2525 796 2603 propositione
810 2523 1003 2602 duodecima,
1027 2526 1119 2585 modo

205 2610 243 2671 de
264 2610 355 2670 tertia
376 2607 505 2675 decima.
549 2605 697 2685 Spelatini
714 2607 847 2666 animum
873 2615 906 2667 ut
927 2607 1121 2688 tranquillum

204 2691 360 2769 redderet,
387 2690 535 2751 Lutherus
565 2688 610 2748 bis
633 2689 758 2749 adeum
781 2689 866 2750 dedit
894 2691 1041 2770 epistolas
1064 2688 1123 2773 (de

203 2775 306 2836 Wette
329 2776 351 2850 l,
373 2776 434 2838 260
449 2779 479 2832 et
502 2772 558 2834 261
584 2768 681 2852 sqq.),
704 2773 732 2830 in
752 2790 878 2851 quarum
897 2773 996 2833 altera
1017 2791 1121 2834 mense

204 2859 333 2919 1116166.
360 2858 532 2934 15196166
562 2855 670 2913 ceteris
694 2857 721 2913 ei
743 2856 879 2934 aperuit,
913 2874 972 2934 qua
1004 2858 1054 2915 vis
1085 2874 1122 2915 66

205 2941 323 3001 ratione
345 2939 456 2998 thesIm
481 2935 520 2995 de
541 2941 697 3016 potestate
710 2955 810 3016 papae
826 2940 1016 3018 propositam
1040 2946 1124 2999 esset

206 3023 394 3083 defensurus.
448 3019 522 3080 Cum
554 3037 627 3079 vero
659 3021 767 3099 partim
806 3026 923 3080 mature
958 3021 1125 3100 incepisset

206 3125 272 3186 pro
305 3103 579 3183 disputatione
607 3121 676 3160 sua
707 3100 1122 3163 decretaPontIficum

206 3206 384 3262 versare,
416 3193 509 3263 atque
531 3186 628 3263 magis
652 3186 810 3264 magisque
833 3185 889 3246 sibi
912 3186 1124 3266 persuasisset,

208 3273 317 3331 misere
337 3271 369 3329 in
392 3269 438 3328 his
460 3267 590 3328 decretis
609 3275 783 3347 corruptum
802 3276 833 3327 et
855 3268 1031 3329 crucifixum
1055 3285 1125 3327 esse

208 3353 358 3414 Christum
392 3349 439 3431 (id
476 3355 522 3409 est
559 3353 749 3428 veritatem),
777 3360 806 3410 et
853 3371 890 3410 ex
919 3351 1029 3411 affecto
1063 3368 1123 3410 nm·

208 3437 287 3497 bitae
316 3432 489 3514 tyrannidis
512 3434 690 3574 postposita
723 3432 878 3512 Scriptura
912 3434 951 3494 ibi
984 3431 1124 3493 conditas

210 3538 277 3579 esse
313 3517 401 3597 leges
427 3515 482 3585 (61.
537 3517 597 3579 uth.
630 3514 688 3596 Ep.
722 3514 759 3576 ad
783 3514 899 3596 666161,
938 3516 976 3576 de
1003 3514 1052 3574 die
1077 3512 1125 3578 13.

208 3600 306 3661 Iiartii
339 3596 396 3675 (de
416 3597 522 3658 Wette
544 3597 576 3673 1,
598 3600 694 3676 239),
730 3599 839 3678 partim
862 3601 995 3659 maximo
1023 3597 1123 3657 studio

205 3689 453 3742 commoreretur
467 3689 642 3762 perpetue,
677 3688 712 3744 ut
734 3681 989 3746 adversariorum
1009 3680 1138 3743 6666666

199 3760 337 3819 uvidum
360 3758 617 3839 &trepidationi
640 3768 833 3833 consuleret
863 3763 1161 3844 6611666116,’6»“1
