2709 4417
406 356 546 428 parandos
564 358 674 413 1111111111
694 355 728 410 ad
748 359 876 411 mortam.
1048 350 1111 418 457

190 541 316 603 illorum
339 542 510 604 recordatio
538 544 661 623 mariue
692 541 749 603 sibi
770 542 863 602 iaciat
883 540 1017 614 divinum
1038 539 1112 600 iudi-

192 626 286 686 cium.
323 626 400 687 Tum
423 628 503 687 enim
527 627 620 686 sentit
640 626 769 702 animus,
792 625 890 684 Deum
913 625 1007 704 longe
1027 642 1112 704 prae·

192 711 347 770 atentiore
368 716 399 771 et
420 711 518 790 magis
539 727 662 788 qnoque
683 727 760 787 pure
783 726 879 787 opera
900 727 918 767 1
939 707 1028 768 nobis
1051 708 1113 767 exi·

192 809 279 872 gere,
303 811 393 873 quam
416 793 480 869 illa,
501 811 581 871 quae
603 792 741 866 fecimus,
762 791 882 850 fuerint.

277 874 461 936 Necessario
491 876 584 956 igitur
617 875 753 953 sequitur
786 873 888 934 odium
925 874 1049 949 mortis,
1084 878 1116 933 ct

191 958 316 1017 enimus
345 958 468 1019 divinae
497 959 649 1019 voluntati
684 977 748 1018 non
774 955 939 1031 obediens,
974 955 1115 1034 adeoque

191 1048 323 1101 aeterna
354 1041 520 1102 damnatio.
563 1040 670 1120 Neque
695 1042 776 1100 enim
797 1039 992 1100 commodum
1014 1037 1046 1098 id
1068 1045 1117 1099 est

191 1129 333 1202 tempus,
369 1143 436 1184 cum
470 1125 558 1209 nolris
587 1122 777 1185 moriendum
812 1128 873 1198 est,
906 1141 967 1200 quo
996 1123 1116 1200 peccati

193 1207 375 1267 memoriam
408 1226 557 1268 revocare
588 1209 618 1266 in
648 1209 783 1267 animum
812 1204 1032 1277 conveniebat,
1062 1204 1117 1264 illa

193 1289 345 1369 cogitatio
369 1309 430 1350 non
453 1291 486 1349 in
507 1291 643 1370 periculo
664 1291 761 1367 vitae,
793 1288 849 1348 sed
872 1295 951 1366 tum,
980 1306 1048 1346 cum
1071 1306 1116 1347 ea·

175 1390 299 1432 .eemus
318 1372 506 1449 incolumes,
539 1373 704 1434 sollicitare
726 1390 784 1433 nos
807 1371 948 1432 debebat.
993 1370 1116 1432 Perver-

194 1455 232 1514 tit
251 1455 345 1535 igitur
376 1456 510 1516 omnium
543 1476 643 1516 rerum
672 1455 811 1516 ordinem
841 1453 951 1516 Satan:
982 1453 1053 1514 dum
1075 1455 1117 1514 vi·

195 1538 313 1614 vimus,
335 1545 547 1618 peccatorum,
580 1540 688 1601 mortis
722 1546 753 1599 et
773 1539 881 1598 inferni
904 1536 1013 1597 faciem
1034 1556 1117 1616 pror·

195 1639 247 1679 sna
271 1639 311 1681 ex
333 1621 431 1681 oculis
452 1629 600 1682 removet.
644 1623 737 1701 Atqui
759 1619 977 1698 conveniebat,
1000 1626 1034 1680 nt
1054 1626 1117 1679 tum

195 1721 234 1762 ea
255 1722 315 1764 nos
337 1705 485 1784 cogitatio
508 1712 683 1780 exerceret,
718 1706 795 1764 sicut
816 1703 939 1763 Psalmo
962 1706 1011 1767 51.
1047 1701 1117 1762 dici-

196 1792 259 1845 tur:
288 1786 452 1847 Peccatum
475 1807 576 1848 meum
599 1807 702 1847 coram
726 1805 776 1848 mc
800 1793 847 1847 est
867 1805 997 1864 semper.
1042 1785 1119 1846 Rur-

196 1886 248 1926 eus
272 1887 343 1928 oum
366 1869 555 1930 moriendum
578 1874 634 1946 est,
657 1879 689 1930 et
703 1869 906 1949 concipiendo
927 1875 994 1929 erat
1014 1869 1118 1928 animo

196 1958 324 2011 aeterna
346 1954 423 2030 vita,
458 1955 556 2033 gratia
583 1960 614 2013 et
635 1952 808 2029 beatitudo,
829 1951 1038 2011 fraudulentus
1059 1951 1118 2030 spi-

197 2035 271 2093 ritus
290 2042 420 2114 peccata
440 2043 502 2095 tum
525 2037 628 2096 animo
645 2035 759 2108 obiicit,
782 2036 812 2094 in
836 2055 874 2093 11
889 2041 1013 2094 nostrae
1034 2053 1119 2094 men-

197 2118 234 2176 tis
256 2117 355 2176 aciem
379 2120 544 2196 convertit,
577 2126 610 2179 ut
638 2125 806 2197 conspeetu
829 2125 1026 2196 peccatorum
1049 2135 1120 2196 pro-

197 2198 283 2260 hibiti
306 2200 345 2259 ad
369 2203 462 2261 vitam
492 2208 523 2261 11
543 2203 671 2282 gratimn
694 2202 849 2279 respicere
870 2219 933 2260 non
957 2200 1119 2280 possimus.

280 2283 415 2360 Octavo,
443 2285 578 2344 internus
608 2303 733 2363 quoque
768 2292 830 2343 lum
861 2284 1000 2362 augescit
1027 2289 1058 2342 11
1085 2280 1120 2342 fit

198 2365 340 2446 amplior,
363 2368 388 2425 si
411 2368 508 2428 maior
530 2374 565 2428 et
586 2366 762 2446 diligentior
783 2367 822 2426 de
845 2385 882 2426 eo
907 2367 1055 2444 cogitatio
1076 2366 1119 2425 in·

199 2450 420 2528 opportuniore
442 2456 581 2528 tempore
609 2450 743 2509 animum
771 2455 910 2528 occupet.
953 2449 1118 2507 Maximum

197 2537 300 2590 autern
324 2530 361 2591 ad
384 2533 465 2592 hanc
486 2551 550 2593 rem
574 2539 763 2593 momentum
786 2531 891 2606 affert,
916 2530 998 2609 quod
1021 2530 1121 2591 nesci-

196 2632 265 2672 mus
287 2613 344 2673 Dei
365 2614 519 2675 iudicium.
562 2615 655 2676 Satan
685 2616 775 2694 igitur
803 2614 948 2676 sollicitat
974 2633 1032 2673 nos
1055 2632 1118 2674 non

195 2695 298 2756 solum
320 2698 414 2776 impia
437 2706 468 2757 11
488 2717 578 2775 vene,
600 2698 653 2757 sed
677 2700 768 2757 111111
787 2698 1045 2776 periculosissime
1066 2696 1119 2756 illa

195 2797 272 2837 cura
293 2777 333 2839 de
355 2780 468 2841 iudicio
491 2781 564 2841 Dei:
596 2801 667 2840 num
691 2782 785 2840 simus
809 2780 1028 2860 praedestinati
1049 2798 1119 2840 nec-

193 2880 245 2921 ne.
291 2861 333 2922 Et
360 2882 435 2922 sane
464 2864 496 2922 in
527 2864 586 2924 hac
614 2865 784 2924 tentatione
807 2882 914 2924 omnes
938 2882 1007 2922 sues
1030 2865 1120 2940 vires,

194 2948 280 3004 artes
304 2951 336 3004 et
356 2945 447 3006 dolos
468 2945 560 3006 Satan
584 2945 720 3008 effundit.

283 3025 386 3101 Quare
408 3029 498 3088 etiarn
522 3030 580 3088 nisi
602 3034 712 3089 ccvect
732 3029 846 3106 homo,
877 3028 1022 3107 paulatim
1050 3047 1118 3088 eum

197 3128 295 3189 supra
316 3110 415 3170 Deum
439 3111 566 3189 evehet,
599 3118 632 3172 ut
661 3121 788 3189 quaerat
809 3112 898 3191 signa
924 3111 1046 3171 divinae
1067 3130 1119 3170 vo·

195 3192 336 3269 luntatis,
358 3199 390 3253 et
411 3194 607 3273 impatienter
628 3194 714 3269 feret,
737 3193 818 3272 quod
843 3214 905 3254 non
929 3201 1028 3254 certus
1050 3211 1119 3252 esse

195 3275 298 3354 possit
332 3276 372 3335 de
399 3296 456 3336 sua
484 3277 582 3337 salute
613 3283 643 3336 et
671 3277 709 3336 de
738 3275 896 3337 voluntate
918 3277 974 3336 Dei
997 3293 1118 3337 cronno.

196 3358 293 3419 Venit
315 3359 407 3439 igitur
428 3359 517 3421 nobis
540 3361 569 3420 in
593 3361 799 3439 suspicionem
821 3359 920 3434 Deus,
954 3377 991 3416 11
1013 3359 1037 3417 si
1060 3377 1118 3419 nos

196 3440 335 3519 odisset,
369 3451 399 3502 et
429 3461 467 3502 1ο
490 3443 553 3503 1111
574 3445 652 3504 ratio
675 3442 874 3522 pertrahitur,
907 3449 940 3499 ut
962 3441 1066 3519 cupiet
1089 3445 1120 3502 et

197 3530 289 3603 optet
315 3524 376 3584 iam
400 3525 491 3584 elium
515 3525 622 3588 Deum.
667 3523 746 3599 Quid
780 3522 880 3583 multis
910 3522 1032 3584 moror?
1060 3523 1119 3583 hcc

197 3607 390 3686 cogitatione
423 3626 480 3669 ceu
508 3607 627 3669 turbine
653 3607 788 3687 quodam
811 3606 986 3686 dispergere
1009 3612 1039 3666 et
1062 3625 1118 3666 ex-

196 3690 358 3768 stinguere
382 3708 516 3751 amorem
530 3691 587 3750 Dei
611 3699 641 3750 et
654 3691 713 3752 Dei
737 3689 839 3749 odium
868 3689 1003 3749 excitare
1025 3688 1118 3750 Salen

191 3772 308 3830 nititur.

272 3850 396 3920 Quanto
425 3855 522 3933 igitur
541 3857 616 3938 plus
647 3858 724 3922 huic
760 3855 955 3942 cogitatiurir
975 3852 1150 3918 muntem
