2709 4417
224 345 289 413 218
560 345 665 399 Sermo
678 345 790 399 [athen

229 534 386 611 invidiam,
411 533 664 611 obtrectationes,
686 533 882 592 temerarium
902 531 1046 592 iudicium
1066 537 1094 590 et
1109 532 1127 592 u

232 637 330 700 genus
351 618 457 698 gravis
478 625 624 696 peecata,
659 635 727 676 cum
751 624 855 676 tamen
878 617 904 674 si
927 635 991 676 non
1013 614 1127 694 perditis

229 704 308 761 sima
328 701 456 759 evanida
469 701 638 780 instigaret,
660 719 723 760 uon
746 700 824 758 tanti
846 699 908 761 sint
929 698 1124 776 indulgentiae

229 792 262 844 ut
285 803 388 843 earum
410 785 536 842 nomine
558 784 647 842 unius
664 783 798 842 hominii
812 801 868 841 cor
890 779 964 842 odio
987 788 1040 841 sut
1060 782 1127 841 male

229 867 367 927 volentia
386 865 547 939 inficiatur,
570 872 624 924 aut
645 864 770 943 aliquod
785 864 845 923 Dei
867 870 1065 944 praeceptum
1083 866 1127 924 rio

229 951 318 1029 letur,
341 969 410 1009 oum
431 968 490 1008 nec
510 949 621 1022 sDeo,
642 967 702 1007 nec
722 947 762 1008 ab
774 947 953 1010 hominibus
970 947 1042 1007 illae
1062 967 1127 1026 prae·

230 1040 340 1113 ceptae
361 1033 439 1105 siut,
461 1040 492 1091 et
513 1033 591 1092 citra
611 1030 820 1111 indulgentias
842 1031 927 1090 salus
950 1031 1057 1090 melius
1077 1049 1127 1090 con·

230 1123 300 1176 stet.
343 1115 436 1193 Atqui
468 1134 536 1173 cum
562 1115 667 1175 diviua
693 1116 792 1194 gratia
828 1120 860 1173 et
893 1133 956 1193 ope
983 1115 1087 1172 veritas
1108 1122 1127 1173 el

230 1197 460 1260 fundamentum
482 1198 741 1277 indulgentiarum
774 1197 920 1256 omuibus
955 1199 1015 1256 iam
1037 1204 1127 1275 pateat,

230 1290 265 1343 ut
286 1281 361 1341 nihil
384 1300 463 1360 opus
480 1283 529 1356 sit,
551 1281 748 1340 adversarios
770 1299 858 1340 meos
871 1279 1027 1339 mendacii
1048 1286 1075 1338 et
1091 1299 1127 1338 va·

231 1366 333 1426 nitatis
367 1383 513 1444 arguere,
548 1363 698 1443 siquidem
729 1363 784 1422 lux
819 1382 927 1423 eorum
961 1361 1127 1422 tenebricosa

231 1467 327 1527 opera
347 1466 403 1526 per
424 1465 457 1505 se
470 1455 605 1522 accusat,
627 1454 660 1506 ut
681 1447 774 1526 plane
787 1445 885 1506 videri
907 1453 940 1506 et
953 1446 1037 1524 tangi
1050 1453 1127 1522 quest

230 1530 312 1609 quod
339 1537 401 1591 tam
438 1530 562 1589 insanas
584 1529 826 1589 vociferationes
856 1535 888 1588 et
914 1527 1127 1608 tragoedias'sd

231 1612 464 1692 oppressionem
487 1612 625 1671 veritatis
660 1623 693 1671 et
719 1631 820 1671 meam
849 1612 1018 1691 perniciem
1041 1612 1127 1670 exeita·

230 1697 298 1756 rint.

312 1777 354 1836 Et
374 1779 513 1855 quamvis
543 1777 649 1836 barum
678 1778 855 1836 iniuriarum
879 1778 1091 1855 antesignanos
1106 1778 1127 1835 in

231 1862 279 1921 ius
301 1879 416 1921 vocare
436 1861 607 1939 potuerim,
638 1867 670 1920 et
692 1879 792 1919 meam
815 1860 1071 1919 existimationem
1090 1878 1127 1937 per

231 1944 293 2004 boo
315 1944 491 2021 restituere,
526 1944 629 2007 remisi
661 1950 765 2002 tamen
797 1961 928 2019 noxam,
964 1941 1046 2020 quod
1067 1942 1127 2000 Deus

232 2029 277 2087 ita
298 2026 399 2086 faeere
420 2026 558 2098 iusserit,
579 2027 631 2104 qui
653 2025 726 2085 mibi
749 2024 861 2084 multas
884 2023 1039 2104 myriadas
1060 2023 1127 2082 delio

233 2115 335 2169 torum
357 2107 559 2184 condonavit,
588 2115 619 2168 et
640 2117 672 2167 ut
694 2110 725 2167 in
747 2114 922 2187 postemm,
956 2113 990 2166 ut
1010 2125 1092 2186 spero
1108 2113 1127 2164 el

233 2191 345 2266 credo,
377 2191 580 2267 condonabit,
618 2211 637 2251 a
658 2210 720 2270 quo
743 2210 805 2250 uno
830 2209 922 2250 verae
944 2188 1127 2270 indulgentias

234 2273 341 2334 fluunt.
383 2274 470 2334 Facit
490 2281 521 2333 et
542 2273 603 2334 hoc
622 2294 675 2351 ,me
698 2273 918 2353 placatiorem,
943 2272 1027 2352 quod
1048 2290 1127 2350 exper-

136 2406 141 2421 ,
234 2365 282 2417 tus
305 2377 393 2435 sum,
426 2364 573 2435 quantum
604 2358 635 2416 in
658 2355 803 2416 vexanda
824 2357 955 2416 veritat-e
977 2355 1086 2414 invidia
1101 2355 1127 2413 ui·

234 2442 310 2500 rium
332 2439 455 2518 babent,
476 2440 552 2499 nihil
574 2446 698 2515 tamen,
721 2438 891 2518 quamlibet
912 2457 983 2498 sese
1006 2443 1126 2516 torqueat

235 2521 275 2584 ad
297 2523 382 2582 illam
406 2522 638 2603 opprimendam
661 2522 801 2583 obtinere
823 2523 936 2581 misera
958 2522 1065 2601 possit.

319 2606 432 2665 Verum
469 2625 537 2665 oum
569 2607 630 2672 iam
664 2605 743 2664 haec
773 2612 942 2685 tempestas
973 2622 1082 2683 magua
1105 2621 1127 2661 ei

235 2694 322 2769 parte
344 2689 446 2767 sopita
468 2695 560 2764 esset,
583 2707 656 2748 ecce
680 2687 734 2748 tibi
756 2706 855 2747 novus
878 2686 969 2745 ludus
993 2686 1126 2765 occipitur

235 2769 313 2831 Nam
341 2790 381 2842 ex
400 2771 540 2850 proxime
560 2770 683 2850 Lipsiae
710 2771 815 2830 habita
836 2771 1068 2830 concertatione
1086 2786 1125 2828 ou

236 2873 307 2913 nem
334 2855 466 2934 priorem
489 2853 649 2913 audaciam
685 2860 716 2912 et
744 2854 879 2929 furores,
913 2852 1024 2932 quibus
1053 2854 1080 2910 iu
1099 2871 1127 2908 uu

237 2938 350 2997 invecti
372 2943 457 3014 sunt,
490 2942 594 3017 tegere
615 2942 780 3011 conantur,
803 2954 885 2994 nova
906 2936 938 2994 in
961 2954 1011 3010 me
1031 2933 1126 2995 commi

143 3015 147 3023 ’
238 3021 400 3080 nisoentes.
446 3017 602 3098 Siquidem
632 3020 786 3078 intentant
818 3018 906 3094 mihi,
940 3017 1025 3096 quod
1058 3015 1127 3081 Bohe

240 3121 358 3170 morum
378 3103 520 3162 haeresin
542 3102 699 3162 instituam
721 3119 933 3180 propugnare,
966 3107 997 3160 et
1026 3109 1058 3159 ut
1078 3098 1127 3157 ven'

240 3186 339 3246 simile
359 3185 420 3246 hoo
441 3185 570 3260 iaciant,
606 3183 739 3264 sigillum
769 3183 880 3243 talibus
903 3182 1071 3254 mendaciis
1090 3181 1127 3259 dig

240 3288 311 3328 num
334 3268 530 3348 appendunt,
564 3266 661 3327 multa
682 3267 744 3326 alia
765 3265 846 3326 levia
868 3272 900 3324 et
921 3265 1054 3345 puerilia
1073 3283 1127 3324 con

240 3359 344 3412 menta
364 3353 395 3410 in
419 3370 469 3410 me
493 3349 715 3431 confingentes.
736 3349 816 3408 Huio
837 3348 952 3427 Papam
976 3349 1098 3409 omniuo
1115 3345 1127 3403 ll

154 3423 159 3444 ⁸
241 3435 379 3497 ordinem
400 3432 519 3514 redigo,
541 3434 611 3492 huic
631 3432 744 3493 baccas
757 3432 872 3492 orarias
898 3431 985 3492 dicor
998 3430 1127 3490 avulsisse

241 3517 309 3578 aliis
332 3517 431 3577 aureis
454 3517 574 3576 annulis
597 3514 709 3595 digitos
731 3514 868 3590 revinxi,
900 3514 972 3574 huic
999 3521 1127 3590 seringe

242 3600 329 3676 atavi,
351 3607 382 3660 et
403 3600 490 3659 huius
512 3599 634 3681 generis
657 3599 727 3668 alia,
751 3596 879 3677 indigna
900 3614 993 3675 sane,
1009 3615 1085 3676 quae
1102 3611 1127 3653 ce

236 3704 303 3745 ram
325 3681 472 3767 gravibus
499 3681 677 3744 hominibus
697 3686 951 3759 percenseamus.
986 3679 1038 3736 lta
1055 3677 1127 3752 deal<

226 3776 298 3834 rats
330 3777 363 3833 et
390 3769 521 3852 perdito
549 3765 674 3827 invidia
696 3766 851 3820 cumana
867 3758 995 3814 inimare
1017 3757 1127 3810 aera*

216 3859 323 3941 sciat,
364 3856 471 3922 multo
496 3850 702 3918 laboriosius
715 3842 798 3925 ipsi·
811 3844 865 3898 est
883 3832 1058 3892 meadao‘xa
1073 3829 1127 3882 taxa
