2709 4417
269 345 331 423 124
388 383 393 389 ·
457 359 614 428 Disputatio
634 356 742 428 Lipsiae
764 359 856 412 habita
875 373 900 413 a.
918 356 984 412 XIX

269 554 301 609 ct
322 548 400 608 adeo
423 548 685 628 metamorphosin
708 555 814 623 curat
850 548 912 606 ιιι“
897 566 1068 627 ignorem,
1095 567 1127 607 au
1143 551 1209 611 in

270 637 479 712 opponentem
501 631 549 691 vel
572 630 810 710 respondentem
825 631 1112 690 sittransformatns.
1132 574 1216 721 dds-l

270 722 334 774 rem
356 713 510 774 brevibus.

352 797 517 875 Nunquam
530 797 678 856 somniavi
700 796 783 855 illam
800 795 1069 873 consequentiam:
1084 772 1216 858 Petrus=

269 879 482 960 praedicavit,
506 898 579 958 ergo
601 880 656 938 fuit
645 881 801 958 tprimus
835 877 957 939 Deinde
980 877 1216 941 credulitatem

270 982 369 1023 meam
394 961 432 1021 de
445 962 572 1021 Matthia
591 961 754 1041 improbat,
777 968 933 1020 ettamen
956 961 1102 1020 rationem
1121 982 1164 1023 me·
1205 988 1213 993 ·

270 1065 318 1105 am
342 1064 403 1105 non
427 1044 523 1104 diluit.
558 1043 701 1104 Matthias
737 1051 768 1103 et
797 1044 893 1103 ceteri
915 1043 1050 1121 apostoli
1071 1045 1166 1105 luerunt

272 1129 459 1209 episcopie
444 1134 557 1187 etnon
581 1127 703 1186 fuerunt
725 1125 855 1186 ordinati
879 1125 1058 1203 aGhristo,
1078 1146 1168 1188 necue

178 1236 182 1247 ¹
269 1212 355 1292 ipsos
378 1209 614 1282 ordinaverunt
637 1228 731 1287 quare
753 1228 815 1268 uon
838 1210 896 1268 nisi
920 1229 940 1268 a
961 1208 1052 1269 Petro
1072 1209 1169 1272 fuerunt

271 1293 423 1367 ordinati
446 1312 535 1372 quem
559 1292 695 1353 Obristus
717 1298 871 1412 pastorem
896 1284 1067 1352 constituit.-
1088 1290 1168 1366 Quare
1214 1330 1216 1335 ·

272 1395 390 1436 manum
415 1375 543 1452 credat.
552 1376 601 1434 vel
624 1373 739 1436 aliud¹
748 1380 761 1447 )
786 1374 824 1432 ad
848 1373 923 1432 illud
946 1373 1133 1454 respondeat.

353 1459 400 1518 De
430 1460 630 1518 excusatione
652 1457 732 1516 Petri
770 1458 902 1536 imponit
936 1457 1010 1515 mihi
1039 1476 1167 1537 nunquan

271 1543 446 1621 cogitatum
476 1540 565 1615 Quod
586 1542 744 1620 primatum
758 1541 964 1619 separaverim
987 1539 1027 1599 ab
1049 1540 1168 1619 operibus

272 1623 540 1684 administrationis
563 1623 691 1683 aliorum
715 1621 938 1702 apostolorum,
961 1641 1111 1700 nunquam
1129 1623 1170 1682 hit

272 1708 382 1765 mentia
404 1726 501 1783 meac
525 1707 587 1765 imo
610 1705 744 1847 allegavi
766 1704 1006 1784 B.Gregorinm‚
1029 1705 1104 1765 alios
1124 1706 1169 1785 epi·

271 1807 385 1868 scopos
407 1790 565 1848 vocatos
557 1809 587 1847 m
610 1794 728 1868 partem
752 1787 976 1864 sollicitudinis,
999 1807 1061 1846 non
1082 1788 1169 1867 inple·

272 1878 316 1931 nrt
294 1871 438 1932 'tudinem
462 1872 633 1950 potestatis

353 1955 399 2013 Dc
421 1953 577 2013 Bernardo
601 1972 692 2031 super
715 1946 844 2012 transitu
870 1953 949 2010 Petri
984 1964 1169 2048 supermae,

271 2035 343 2095 dicit
365 2036 439 2095 nihil
462 2035 562 2095 locere
584 2033 622 2095 ad
646 2037 819 2131 primatum
844 2035 889 2093 De
909 2053 969 2112 quo
994 2036 1093 2112 miror,
1114 2054 1169 2130 quo·

271 2118 364 2179 modo
388 2119 489 2177 dicere
506 2119 611 2197 possit,
635 2138 659 2176 si
652 2116 860 2177 Bernardum
885 2117 969 2198 legit.
992 2117 1071 2176 Nam
1087 2137 1122 2177 ex
1138 2119 1168 2176 in-

271 2200 592 2261 tentioneBernardus
614 2201 712 2260 voluit
700 2199 863 2278 tprobare
886 2219 924 2259 ex
947 2199 1009 2259 hoc
1030 2201 1168 2279 primatum

271 2279 400 2364 Eugenii
424 2303 515 2362 super
537 2283 629 2350 alios
655 2289 700 2342 et
728 2289 826 2342 totum
857 2281 1003 2342 mundum
1028 2283 1168 2343 debereei

271 2385 340 2425 asse
368 2366 555 2442 subiectum·
587 2385 647 2424 non
680 2366 723 2423 sic
751 2365 818 2424 aliis
851 2367 1007 2444 episcopis
1039 2365 1160 2461 velo
1115 2383 1169 2444 apo·

273 2449 369 2510 stolis

355 2532 400 2589 De
423 2536 535 2589 statere
558 2550 596 2589 ex
619 2530 707 2589 litera
742 2531 880 2609 sequenti
919 2522 984 2588 vult
1007 2530 1113 2593 elicere
1130 2549 1168 2608 cp·

271 2614 421 2693 positum
451 2612 533 2691 quod
558 2621 656 2672 tamen
681 2633 743 2673 non
767 2613 862 2689 fecit
877 2611 931 2671 scd
956 2612 1092 2672 Christus
1111 2632 1169 2670 mur·

272 2715 339 2754 mur
359 2695 570 2775 apostolorum
596 2696 796 2775 compescuit.
776 2695 861 2754 ιΑι
883 2713 942 2774 ego
966 2713 1029 2754 uon
1052 2713 1116 2755 meo
1133 2713 1169 2752 ca-
1213 2726 1216 2749 ;

271 2779 344 2858 pite,
369 2776 421 2836 sed
447 2784 620 2837 sanctorum
635 2779 757 2837 Patrum
780 2777 874 2837 verba
898 2796 1007 2837 sacrae
1019 2777 1168 2857 Scripturas
1214 2790 1216 2830 ι

272 2861 409 2939 accipio,
447 2879 517 2919 nam
541 2879 580 2919 ex
603 2860 663 2921 hcc
685 2861 719 2921 B.
744 2859 922 2920 Ambrosius
946 2860 1044 2919 voluit
1064 2860 1168 2937 denota²

272 2949 357 3017 turn,
380 2943 501 3002 Petrum
524 2942 647 3022 reliquis
671 2944 858 3021 superiorem
881 2942 1034 3017 futurum,
1057 2941 1168 3022 quodct

273 3025 460 3106 Augustinus
482 3026 513 3084 in
538 3032 655 3105 quaest
698 3025 846 3105 Evangel.
874 3032 1004 3085 testatur
1027 3025 1167 3105 expressis·
1215 3096 1216 3103 ἵ

273 3111 358 3168 sime.
381 3108 528 3182 Quaesro
553 3109 624 3168 mihi
647 3109 865 3182 concucurrit,
887 3127 981 3187 quara
1004 3115 1166 3169 nostroaen
1215 3130 1216 3161 ι

274 3192 320 3250 sui
343 3209 404 3250 uon
428 3191 600 3267 innitamur,
623 3191 677 3250 sed
701 3191 732 3253 S
756 3190 902 3250 Patribus.

356 3273 405 3333 De
427 3271 498 3331 fidei
520 3272 620 3333 delect
620 3273 749 3332 ibilitate
718 3274 890 3332 ttransiit
912 3273 1012 3350 Pater,
1035 3261 1165 3332 adducens

272 3364 373 3416 tamen
397 3355 653 3433 illudAugustini‚
677 3355 757 3432 quod
776 3354 877 3432 tidem,
899 3374 990 3433 quam
1013 3355 1113 3416 Petrus
1130 3372 1166 3412 ue

272 3440 365 3519 gavit
388 3438 495 3497 latro
487 3458 516 3496 m
542 3456 631 3497 cruce
653 3439 817 3499 serffvavit
814 3438 865 3497 Et
853 3444 945 3517 tego
968 3437 1007 3498 de
1031 3439 1082 3499 illo
1104 3437 1164 3496 dicto

272 3529 405 3582 transeo.
428 3521 511 3581 Sciat
533 3527 633 3579 tamen
658 3519 842 3580 reverendus
867 3521 964 3599 Pater,
986 3522 1068 3600 quod
1085 3519 1166 3598 scy-

272 3605 396 3686 prianus
419 3602 518 3662 verbis
542 3603 651 3663 Christi
683 3604 805 3663 innixus
827 3603 924 3663 voluit
960 3604 1058 3665 nullas
1084 3604 1164 3664 haere·
1215 3654 1216 3659 ,

305 3867 341 3941 Ῑ)
364 3867 399 3924 Ιιι
415 3852 468 3928 cd.
491 3870 570 3941 orig.
592 3865 692 3921 daast:
713 3857 806 3915 uliud.
