2709 4417
356 358 491 413 adversas
509 360 716 413 criminationes
734 357 867 427 schanan
885 356 969 411 Eccil-
1076 355 1116 420 1ὓ

225 549 327 625 dicitur)
355 545 445 608 ferire
467 564 573 607 coram
593 544 701 616 leons,
722 550 755 605 et
775 563 815 605 ex
836 543 1044 625 disputatione
1065 562 1115 605 vs·

225 632 302 694 ritstis
321 631 422 691 iacere
443 628 636 709 tragoediam
658 627 800 690 invidiae.

288 712 343 773 Sed
373 713 571 772 criminentur
599 720 744 789 quantum
777 709 888 787 velint,
932 714 1118 771 consecrent

169 836 171 841 -
226 797 272 857 sedi
287 795 474 875 apostolicae
489 814 560 853 suas
574 793 776 870 adulationes,
790 801 973 853 consecrent
985 810 1112 853 scamno

169 922 173 930 -
225 890 246 941 et
265 877 411 953 scabello,
446 885 629 937 consecrent
662 877 753 938 etiam
789 877 884 937 cistae
925 875 1116 955 apostoliose

169 1004 173 1012 .
226 959 467 1044 (qnandoquidem
490 959 568 1019 haec
588 959 627 1019 ad
649 978 713 1019 rem
735 956 991 1039 indulgentiarum
1003 965 1035 1018 et
1052 976 1115 1019 nro·

223 1044 354 1104 narchiam
377 1043 511 1101 maxime
535 1042 668 1101 omnium
690 1043 852 1121 pertinet),
882 1041 1059 1113 transiliant
1073 1040 1114 1099 al-

169 1154 172 1191 ε
223 1137 271 1187 tore
290 1126 334 1184 sui
355 1124 486 1200 Baal*),
509 1124 643 1184 clament
664 1143 743 1184 voce
765 1126 898 1201 maiore,
929 1123 1011 1183 Deus
1035 1124 1114 1183 enim

222 1218 262 1283 est,
281 1208 407 1268 forsitan
433 1207 588 1285 loquetur,
611 1213 664 1266 aut
684 1207 715 1266 in
737 1208 861 1279 itinere,
894 1212 947 1265 aut
965 1204 1115 1266 indiver-

219 1291 285 1369 scrio
307 1294 368 1367 est,
398 1297 451 1349 aut
472 1297 554 1349 certe
576 1289 703 1369 dormit,
733 1296 767 1349 nt
797 1290 954 1350 excitetur.
998 1286 1117 1348 Sufficit

220 1374 285 1450 nihi,
305 1371 388 1450 quod
410 1371 499 1432 sedes
522 1373 694 1452 apostolica
715 1390 815 1451 neque
837 1371 911 1447 vult,
932 1390 1033 1450 neque
1060 1386 1115 1450 po·

219 1462 265 1516 test
283 1454 446 1534 quidquam
468 1465 577 1515 contra
599 1455 760 1516 Christum.
803 1455 868 1515 Neo
894 1456 924 1514 in
947 1454 1006 1513 hac
1026 1473 1059 1513 re
1081 1453 1115 1514 ti·

218 1538 308 1612 mebo,
330 1557 385 1597 sen
407 1556 530 1618 papam,
552 1557 606 1598 seu
628 1557 741 1598 nomen
764 1556 874 1618 papae,
897 1537 992 1596 multo
1015 1537 1114 1596 minus

217 1639 319 1700 pappos
340 1629 372 1679 st
391 1639 513 1699 puppas
533 1621 615 1680 istas.

284 1702 381 1762 Unum
412 1721 472 1782 ego
494 1711 619 1783 specto,
651 1722 691 1763 ne
717 1703 849 1762 nominis
873 1703 931 1762 mei
953 1701 1115 1761 Christiani

216 1785 331 1864 spolium
359 1783 451 1845 cedat
471 1786 502 1845 in
525 1785 685 1846 doctrinae
706 1785 816 1845 Christi
844 1785 1035 1865 purissimum
1057 1783 1116 1844 dis-

216 1867 354 1946 pendium.
407 1868 485 1927 Nam
518 1867 571 1927 hio
597 1868 689 1943 nolo,
723 1868 801 1927 ullus
830 1886 928 1927 meam
958 1874 1118 1946 exspectet

216 1952 390 2029 patientiam,
414 1950 487 2009 nolo
509 1950 620 2010 Eccius
642 1958 770 2029 quaerat
790 1969 849 2009 nec
878 1951 933 2010 sub
950 1952 1037 2029 nigro
1058 1966 1116 2009 nec

217 2032 350 2093 subalba
369 2032 491 2093 cuculla
513 2033 711 2110 modestiam,
745 2032 909 2093 maledicta
936 2035 976 2093 sit
1002 2033 1116 2112 impiae

217 2116 285 2175 illins
304 2117 485 2175 clementiae
506 2117 614 2195 gloria,
636 2134 698 2194 qua
721 2115 895 2192 Achab**j
920 2115 1044 2174 dimittit
1062 2114 1116 2175 Be·

179 2232 182 2237 ·
219 2198 306 2258 nadab
327 2198 448 2258 hostem
469 2197 576 2259 lsrael.
618 2199 677 2257 llic
698 2198 778 2259 enim
801 2198 912 2259 vellem
935 2217 996 2258 non
1022 2197 1115 2258 modo

220 2300 277 2340 esso
295 2282 522 2360 potentissimus
551 2281 720 2341 mordendo
757 2281 856 2359 (quod
878 2280 973 2341 Eccio
1000 2279 1115 2358 dolet),

221 2362 263 2422 sod
280 2364 406 2422 invictus
434 2381 557 2442 quoque
579 2363 776 2437 devorando,
809 2382 869 2442 quo
898 2371 929 2424 et
950 2363 1115 2424 silvestres

221 2445 425 2522 ctCivestros,
454 2456 486 2505 et
506 2446 672 2507 Caietanos
702 2457 735 2507 et
761 2446 887 2524 Eccios,
920 2447 1115 2525 reliquosque

169 2552 172 2565 ·
221 2529 342 2588 intrares
363 2528 556 2588 Christianae
581 2532 700 2609 gratiae
717 2532 947 2609 impugnatores
976 2548 1036 2589 uno
1069 2526 1117 2607 (nt

169 2662 171 2673 .
223 2611 299 2670 isaiae
319 2611 414 2671 verbo
437 2616 524 2685 utar)
550 2632 604 2672 ore
625 2612 776 2673 devorare
797 2631 932 2691 possem.
968 2611 1117 2671 Terresnt

223 2693 296 2752 alum
314 2713 369 2773 per
390 2693 585 2754 adulationes
613 2704 644 2755 et
668 2697 917 2755 consecrationes
940 2714 1028 2772 suas,
1061 2694 1115 2753 Lu-

225 2777 305 2836 lherns
337 2776 515 2837 sacerdotes
548 2786 580 2837 et
605 2786 838 2838 consecratores
861 2777 944 2837 sedis
970 2777 1116 2856 apostoli-

225 2876 267 2918 cae
295 2861 471 2919 contemnit.
530 2859 641 2920 Cetera
672 2863 703 2919 in
737 2860 943 2940 disputatione
980 2869 1012 2919 et
1045 2868 1118 2938 post

226 2940 452 3019 disputationem.
509 2941 570 3001 Sed
606 2951 639 3002 et
670 2943 706 3002 D.
747 2944 886 3003 Andreas
918 2941 1117 3020 Carlstadius,

226 3024 303 3083 victor
337 3023 462 3083 Ecoisni
498 3027 611 3085 erroris
645 3026 713 3105 jam
748 3026 877 3102 dudum,
915 3026 1017 3085 veniet
1054 3042 1115 3084 non
1193 3084 1198 3095 ,

228 3105 344 3184 lugitim
371 3106 476 3185 miles,
504 3108 559 3167 sed
588 3120 740 3167 mortuum
769 3109 852 3169 hunc
882 3116 914 3168 et
939 3127 958 3167 a
989 3125 1024 3167 se
1048 3124 1117 3188 pro·

230 3194 331 3248 suatum
356 3190 477 3249 leonem
509 3209 578 3250 cum
607 3191 720 3250 fiducia
735 3191 927 3271 excipietl),
949 3199 1050 3250 tamen
1073 3191 1117 3249 in-

230 3272 295 3330 terim
317 3273 452 3352 gaudere
485 3276 688 3351 permittimus
720 3276 861 3335 miseram
899 3274 1116 3333 conscientiam

230 3353 345 3414 sinuhts
363 3374 421 3436 spe
442 3357 585 3436 triumphi
618 3366 650 3417 et
683 3376 762 3417 vans
792 3359 940 3417 minarum
962 3357 1117 3417 iactantia

232 3433 300 3513 lqitu
316 3437 397 3498 addo
418 3448 451 3497 et
476 3458 537 3519 ego
563 3442 640 3500 meis
662 3441 923 3520 propositionibus
946 3438 1117 3498 terliamdc

233 3518 314 3578 cinam
333 3520 541 3581 odvermnsm
564 3523 719 3584 Ecoianae
739 3522 927 3599 madiae,
950 3521 1006 3581 Dei
1028 3521 1118 3582 inerit

236 3656 411 3669 *—

271 3729 470 3796 ‘linebant
545 3730 715 3801 ⁸⁸)2sscg
744 3730 788 3787 22

197 3804 201 3812 ·
254 3795 371 3850 ullus
390 3799 492 3851 rusa.-
528 3800 631 3855 ἕσσει
654 3834 688 3844 -
707 3808 851 3880 excipiet,
881 3806 989 3863 desum
1009 3807 1044 3861 ia
1069 3801 1139 3861 edit.

286 3861 353 3928 Opp.
372 3867 451 3917 Latis.
470 3868 532 3921 Jerr.
554 3882 587 3926 et
601 3876 743 3938 wisunt),
