2709 4417
453 361 526 418 1111.
545 361 579 415 de
597 364 734 430 potestate
752 361 852 430 Papae.
1055 352 1117 420 303

199 553 307 627 potest
325 548 473 608 uniuersa
493 545 649 626 Scriptura
669 544 757 620 duci,
779 551 912 623 atquae
934 541 1048 622 ubique
1070 560 1118 602 ea-

200 631 334 709 ritatem,
356 628 571 708 humilitatem,
594 629 742 688 unitatem
765 629 904 707 spiritns,
927 634 958 687 et
978 626 1118 686 timorem

199 712 462 774 Daicommendet
474 730 535 772 non
547 710 709 771 violandae
723 729 801 789 esse,
817 709 945 789 proulla
959 727 991 768 rs
1005 707 1118 786 mnndi,

199 794 314 856 nedum
336 815 393 877 pro
415 795 577 855 uniusuno
600 792 781 874 pontificatu
802 792 852 853 vel
862 794 1004 872 primatu,
1026 792 1118 851 etiam

199 879 224 938 si
240 879 311 940 solo
326 879 394 939 iure
409 878 547 938 humano
561 883 644 937 esset
655 877 825 938 institutus.
866 875 907 936 Et
922 875 981 935 hac
997 875 1118 933 ratione

198 967 233 1021 ut
254 961 337 1021 mihi
364 960 488 1039 videor,
527 961 620 1040 longe
654 961 762 1019 melius
791 958 976 1020 stabiliretur
997 957 1116 1017 Roman

200 1042 358 1124 pontificis
379 1042 574 1121 monarchia,
597 1044 622 1102 si
642 1042 834 1103 volunt-atem
857 1042 914 1102 Dei
937 1049 969 1100 et
990 1041 1117 1101 oomeni

199 1146 269 1188 sum
294 1125 434 1187 fidelium
455 1143 518 1185 non
554 1131 672 1185 tentum
701 1123 828 1203 subditi,
865 1125 918 1184 sed
942 1128 973 1184 et
994 1122 1115 1183 Roman

200 1207 364 1290 pontifices
380 1207 541 1269 attendere
552 1214 583 1268 et
592 1207 700 1268 timere
710 1214 902 1289 cogerentur,
925 1225 1024 1286 quam,
1046 1205 1118 1265 dum

200 1291 285 1353 velut
304 1293 370 1352 inre
391 1290 494 1351 divino
517 1297 659 1369 teneant,
681 1292 711 1349 vi
734 1301 765 1351 et
775 1297 892 1351 terrore
914 1295 1118 1368 extorquent,-

201 1393 262 1435 non
283 1376 342 1436 nisi
366 1374 470 1436 odium
492 1372 550 1434 sibi
573 1373 746 1433 accendunt
766 1375 797 1433 in
820 1372 964 1449 subditis,
987 1378 1018 1432 et
1038 1373 1119 1432 sessi

202 1476 256 1538 per
278 1458 472 1518 securitatem
494 1457 526 1517 in
549 1456 743 1536 tyrannidem
765 1456 912 1536 paulatim
935 1455 1118 1515 confortant.

502 1621 554 1681 De
575 1620 818 1686 Posteriora.

287 1771 379 1848 Quod
401 1772 601 1853 probationes
625 1773 784 1852 hucusque
806 1772 930 1833 habitae
951 1771 1026 1831 nihil
1050 1772 1119 1848 sint,

207 1855 366 1937 tripliciter
380 1855 556 1917 ostendam:
580 1857 690 1935 primo,
713 1855 884 1935 Scripturas
897 1855 1044 1915 adductas
1061 1854 1121 1914 dia

209 1938 375 2018 solvond03
395 1937 543 2014 seeundo,
564 1938 726 1999 (lenonum
748 1957 802 1998 seu
821 1938 1026 2013 Decretalium
1049 1937 1122 1997 inel-

208 2021 587 2166 lippcamdprobationem
608 2022 715 2100 tertio,
737 2021 873 2081 rationes
895 2021 1122 2081 robustissimas

206 2124 220 2166 a
259 2116 340 2166 uoen
365 2124 394 2166 o.

281 2186 331 2249 Ad
362 2188 491 2266 primum
529 2184 609 2246 duae
636 2192 708 2246 sunt
734 2187 914 2246 autoritates
936 2185 1120 2264 scripturae,

210 2270 317 2350 quibus
352 2269 499 2330 creditum
536 2277 585 2329 est
607 2268 734 2329 stabiliri
767 2269 928 2348 primatum
961 2269 1120 2329 Romanae
1184 2331 1186 2335 .

208 2353 366 2416 ecelesiae.

281 2435 403 2513 Primo,
426 2433 586 2495 adducitur
607 2433 661 2493 illa
682 2434 830 2494 autoritas
851 2433 958 2495 Matth.
982 2437 1038 2497 16:
1074 2433 1119 2494 Tu

204 2539 232 2580 es
254 2518 380 2595 Petrus,
413 2521 445 2578 et
466 2536 558 2596 super
579 2516 659 2577 liano
681 2523 800 2596 petram
821 2515 992 2576 aedificabo
1017 2517 1120 2576 eccle-

202 2603 276 2663 siam
299 2620 412 2675 meam,
435 2605 467 2660 et
488 2599 542 2660 tibi
555 2598 751 2661 daboclaves
773 2601 858 2680 regni
881 2600 1037 2660 coelorum
1062 2608 1119 2659 etc.

200 2683 247 2745 Ex
270 2685 333 2745 hoc
354 2684 436 2745 euim
460 2688 544 2743 textu
574 2682 722 2764 clamant,
757 2682 878 2742 Petrum
913 2683 1012 2745 solnm
1034 2701 1119 2742 aece-

200 2769 284 2848 pisse
308 2767 412 2827 claves
434 2784 509 2845 prae
532 2766 641 2825 ceteris
663 2764 823 2844 apostolis.

249 2899 313 2962 Sed
338 2899 421 2980 quod
443 2899 521 2960 haec
541 2898 615 2961 nihil
643 2898 697 2975 [sd
719 2897 796 2983 hoc]
823 2899 952 2979 faciunt,
972 2899 1081 2981 probo.

283 3017 435 3095 Primum,
468 3016 550 3097 quod
572 3017 695 3096 ipsimet
717 3018 842 3078 iuristae
864 3020 1009 3098 primatus
1032 3018 1120 3078 huius

203 3107 380 3163 assertores
402 3100 551 3160 recedunt
582 3100 621 3160 sb
643 3099 704 3161 hoe
725 3120 833 3172 sensu,
864 3109 895 3161 et
926 3107 1041 3180 negant
1062 3101 1123 3161 lroc

199 3183 296 3247 verbo
321 3182 411 3243 Petro
428 3182 530 3243 datam
555 3184 749 3262 primitatem,
772 3192 998 3263 consequenter
1018 3191 1049 3243 et
1062 3184 1121 3243 Ro-

200 3285 293 3329 mano
317 3263 474 3346 pontifici,
512 3267 591 3326 sicut
620 3266 716 3345 gloss.
744 3268 774 3326 in
797 3285 824 3327 c.
847 3264 1121 3342 Considerandum,

200 3349 271 3412 dist.
295 3350 353 3413 50:
386 3354 418 3409 et
439 3348 673 3409 Panormitanus
698 3349 736 3409 de
760 3349 849 3410 elect.
875 3368 900 3412 c.
925 3347 1120 3429 significasti,

200 3431 284 3495 uude
308 3430 427 3492 dicunt:
450 3430 520 3492 Non
537 3431 598 3492 hoo
620 3432 725 3508 verbo,
748 3432 802 3491 sed
816 3431 870 3492 illo
892 3431 1002 3492 verbo:
1025 3430 1121 3491 Pasce

200 3533 277 3577 oves
320 3533 422 3588 meas,
465 3514 555 3575 Petro
599 3532 671 3574 esse
722 3514 866 3574 collatum
908 3513 1120 3594 pontificatum

201 3598 356 3660 ecelesiae

290 3679 323 3742 Si
357 3697 433 3759 ergo
463 3680 538 3759 ipsis
567 3680 682 3739 iuristis
710 3678 784 3739 lieet
812 3698 925 3760 negare
953 3685 1001 3740 tot
1022 3686 1123 3741 textus

199 3781 364 3840 expressos
386 3761 599 3842 Decretornm,
624 3768 655 3825 et
679 3761 848 3826 dissent-ire
867 3761 1034 3842 amalraus,
1051 3781 1134 3841 uuae

199 3841 287 3901 latin
315 3846 362 3904 17.
387 3843 437 3905 18.
463 3847 512 3908 19.
536 3848 588 3913 21.
614 3850 668 3914 22.
695 3857 764 3913 lam
793 3850 936 3934 copiose
956 3855 994 3911 et
1009 3847 1152 3929 perimo.-
