2709 4417
266 357 330 421 354
495 357 588 410 Resol.
607 355 638 409 L.
659 370 743 424 super
761 356 956 425 Propositione

267 546 356 619 bolo,
391 546 439 605 vel
461 544 589 624 rapina?
631 543 671 603 Et
699 543 750 603 ubi
772 550 835 621 est,
869 542 955 621 quod
990 539 1175 621 supradixit,

266 646 430 706 personam
462 629 615 706 loquentis
638 625 867 704 attendendam,
891 623 976 703 quod
992 625 1097 684 Petrus
1112 623 1176 683 haee

270 712 426 790 scripserit
457 711 519 770 suis
551 709 704 769 subditis?
754 708 812 783 Qui
846 715 918 767 sunt
945 707 1028 766 Petri
1061 705 1176 767 subditi?

267 792 313 852 An
347 793 405 852 soli
433 793 525 854 laici?
570 791 631 853 Cur
660 811 733 872 ergo
757 811 865 852 omnes
896 809 974 851 oves
996 789 1106 851 Christi
1131 788 1176 849 sibi

268 876 447 935 commissas
471 877 501 934 in
526 874 615 934 Petro
639 874 754 934 iactat?
785 873 869 954 Ergo
890 893 1000 934 omnes
1018 891 1094 934 oves
1108 871 1175 932 Clui-

267 957 315 1034 sti,
337 956 368 1018 id
392 965 448 1034 est,
472 976 579 1017 omnes
602 956 713 1019 subditi
735 956 838 1037 Papae
861 958 927 1016 sive
943 956 1025 1036 laiei,
1049 956 1112 1014 sive
1127 954 1175 1014 ele·

266 1039 330 1119 risi,
352 1058 466 1119 asper
487 1040 548 1100 hoe
577 1048 608 1100 et
643 1041 711 1119 ipse
733 1037 796 1100 dux
817 1059 854 1099 ao
875 1046 1000 1119 pastor,
1028 1045 1060 1098 et
1080 1039 1173 1097 arietes

268 1122 379 1202 gregis,
403 1122 516 1182 subditi
539 1130 609 1181 sunt
630 1123 806 1202 imperatori
826 1130 858 1182 et
872 1121 1011 1182 ducibus.
1046 1120 1173 1184 Sisenim

267 1206 427 1284 ipsiusmet
450 1205 663 1265 decretalistae
685 1206 773 1264 huius
802 1205 898 1267 verba
920 1204 979 1266 sibi
1008 1203 1118 1264 oollata
1135 1222 1173 1263 ee
1215 1261 1217 1289 ,

267 1294 354 1367 gunt.
399 1288 462 1347 Aut
484 1307 558 1368 ergo
581 1307 643 1347 non
666 1289 724 1347 nisi
752 1287 855 1347 cleriei
876 1296 948 1346 sunt
970 1305 1047 1348 oves
1070 1285 1172 1365 Christi,

268 1369 358 1429 Petro
382 1372 547 1446 commissi,
580 1376 632 1430 aut
654 1371 757 1430 elerici
780 1370 893 1433 subditi
915 1378 988 1430 sunt
1012 1370 1171 1449 imperatori

267 1451 356 1510 simul
379 1472 447 1512 oum
475 1454 579 1532 laicis,
610 1454 682 1532 quia
716 1472 823 1514 omnes
852 1454 943 1513 Petro
978 1452 1093 1512 subditi
1119 1451 1170 1512 sub·

267 1533 377 1595 duntur
407 1556 427 1595 a
449 1537 538 1596 Petro
570 1537 749 1616 imperatori
772 1544 802 1596 et
824 1535 963 1597 ducibus.

349 1635 410 1696 Sed
431 1636 571 1714 pontifex
597 1637 627 1695 in
658 1635 865 1715 spiritualibus
898 1635 1075 1713 antecellit,
1110 1653 1169 1712 quse

268 1724 354 1778 tanto
381 1726 468 1813 'sunt
528 1719 684 1798 digniora,
739 1726 854 1798 quanto
905 1719 1010 1778 anima
1056 1725 1170 1798 praestat

266 1819 398 1879 sorpon.

348 1917 389 1976 Et
411 1937 464 1977 eur
484 1918 535 1978 hio
564 1938 627 1978 non
657 1917 790 1978 additur:
826 1918 986 1978 Duntaxat
1016 1916 1104 1994 illos,
1132 1916 1170 1994 qui

268 2001 436 2078 spiritualia
458 2001 495 2060 ab
518 2021 554 2062 eo
578 2001 768 2081 suscipiunt?
810 1997 940 2080 Nempe,
963 1999 1048 2081 quod
1069 2002 1099 2059 in
1114 2005 1171 2058 tem·

263 2082 422 2161 ‚poralibus
445 2085 597 2144 excellere
619 2086 698 2163 vult,
730 2105 770 2144 ne
799 2084 980 2163 imperatori
1013 2083 1077 2143 ulla
1102 2087 1171 2162 parte

267 2173 395 2244 cogatur
416 2167 514 2245 subdi,
538 2187 627 2245 quem
651 2167 757 2227 Petrus
785 2167 816 2225 in
838 2173 938 2226 totum
966 2165 1070 2227 subdit
1095 2165 1171 2243 impe
1216 2216 1217 2236 ,

267 2250 376 2307 ratori:
411 2251 454 2313 ita
488 2253 607 2329 sugitur
641 2268 761 2309 sacrum
783 2257 814 2309 et
836 2250 1030 2311 tremendum
1064 2246 1172 2308 verbum

266 2330 324 2389 Dei
346 2338 502 2410 postremo
525 2333 595 2392 loeo
619 2332 744 2411 sedere,
768 2339 800 2392 et
820 2334 933 2393 uostris
955 2331 1115 2393 affectibus
1133 2348 1172 2388 ee·

266 2411 347 2474 dere.
392 2414 451 2474 Sed
475 2413 579 2475 dicito,

348 2513 398 2572 Au
410 2513 517 2574 Petrus
539 2513 701 2593 ignorabat
723 2513 894 2592 spiritualia
908 2514 1098 2595 praecellere
1113 2518 1173 2572 tem·

266 2595 445 2673 penalibus?
495 2597 556 2656 dur
580 2615 654 2676 ergo
679 2615 713 2655 se
737 2598 838 2674 ipsum
861 2604 892 2657 et
924 2616 1033 2658 omnes
1066 2593 1175 2656 subiicit

267 2680 486 2758 temporalibus
502 2678 836 2739 administrationibus?
868 2681 983 2739 Verum
999 2679 1076 2739 illud
1092 2679 1175 2756 longe

267 2763 399 2821 suavius.
443 2762 561 2822 Subditi
590 2763 672 2822 Petri
701 2768 732 2821 et
765 2762 868 2841 Papae
900 2770 972 2822 sunt
1004 2761 1175 2841 spirituales,

266 2843 337 2905 ideo
359 2864 421 2905 non
445 2845 557 2905 subditi
578 2846 766 2924 imperatori,
789 2864 828 2905 ex
842 2864 911 2924 quo
934 2846 1083 2924 sequitur,
1105 2842 1175 2922 quod

267 2927 354 3003 laiei,
377 2929 448 3005 quia
468 2929 643 3007 ‚spirituales
666 2947 728 2988 non
751 2936 838 3006 sunt,
871 2947 931 2988 nee
959 2927 1076 2988 subditi
1096 2926 1176 3002 Petri,

266 3028 328 3070 uon
352 3012 413 3069 sint
434 3030 508 3071 oves
531 3011 661 3089 Christi,
691 3012 764 3089 quia
789 3011 845 3071 lras
873 3031 982 3072 omnes
1005 3011 1098 3070 Petro
1119 3009 1177 3069 sub

266 3094 346 3154 ieoit.
392 3095 467 3153 Cum
490 3101 590 3153 autem
610 3094 716 3153 Petrus
741 3091 820 3174 (hoo
840 3102 948 3155 autore
969 3093 1176 3169 decretalista)

168 3216 170 3221 ,
243 3178 329 3257 ‚suis
352 3175 581 3238 subditishaee
602 3179 766 3256 scripserit,
789 3197 921 3256 sequens
935 3179 1001 3254 erit,
1024 3178 1111 3237 solos
1127 3177 1178 3235 ele·

265 3260 346 3318 m'oos
369 3258 500 3339 debere,
524 3269 555 3320 et
583 3261 685 3320 nullos
708 3261 814 3339 laicos,
848 3260 975 3321 subesse
997 3259 1178 3340 imperatori,

266 3348 327 3418 aut,
350 3341 432 3419 quod
455 3345 587 3403 maxime
610 3344 746 3418 horrent,
770 3362 831 3404 non
856 3363 963 3404 omnes
986 3361 1064 3403 oves
1077 3341 1178 3402 Christi

266 3443 320 3502 per
343 3425 488 3484 mundum
517 3427 572 3488 sub
594 3426 685 3487 Petro
708 3433 794 3506 sunt,
824 3433 877 3486 aut
903 3445 1012 3488 omnes
1045 3426 1178 3486 subditos

265 3525 333 3567 esse
355 3516 478 3586 oportet
504 3511 674 3589 aequaliter
700 3511 888 3590 spirituales,
921 3511 946 3571 si
976 3529 1087 3570 omnes
1111 3526 1177 3569 oves

266 3595 296 3647 et
318 3590 430 3650 subditi
451 3599 523 3652 sunt
535 3593 635 3669 Petro,
658 3612 695 3652 ae
717 3612 773 3672 per
787 3593 848 3654 hoo
863 3594 1018 3654 distinctio
1034 3594 1096 3653 ista
1112 3599 1178 3652 tem·

266 3673 417 3748 puralium
439 3681 470 3734 et
491 3676 691 3756 spiritualium
714 3694 838 3754 prorsus
861 3678 983 3736 corruit.

344 3772 425 3851 Quid
449 3777 536 3840 aliud
557 3781 729 3853 mereatur,
748 3772 806 3852 opii
820 3773 1191 3831 saerasixterasnumsms

247 3858 480 3928 traditionibus
502 3870 650 3929 traotare
681 3863 718 3920 et
737 3850 964 3916 eontamxnare
980 3846 1102 3918 audes,
1128 3861 1217 3914 opas
