2709 4417
436 425 441 431 s
505 360 525 396 s
539 343 662 398 Noteriis
680 313 804 412 excepte
871 359 873 365 '
1044 334 1108 408 175

280 530 355 593 Post
379 531 461 593 liaeo
487 531 577 594 dioit:
607 532 709 592 Meam
736 533 918 597 sententiam
951 529 1108 592 destruere

210 615 279 674 dieta
304 614 507 676 oonoiliorum
544 623 573 675 et
599 613 858 694 indulgentiarum
903 613 1108 694 largitionem,

208 715 272 776 puae
293 698 447 757 eommuni
465 698 563 758 forme
584 697 759 758 eoneeduut
778 697 917 759 enutritis
938 706 970 757 et
990 697 1107 758 nonies-

206 782 246 841 sis.
286 777 490 860 Respondeo:
518 779 588 861 Nou
616 781 688 840 ideo
710 779 838 840 destruit
865 799 934 840 mea
954 781 1108 840 sententie

206 862 276 922 diota
286 863 497 940 conciliorum,
520 863 592 941 quia
612 863 816 924 sunteontriti
838 870 870 923 et
890 863 1033 942 confessi,
1055 863 1108 942 qui

205 947 272 1026 pigri
292 954 366 1005 sunt
386 945 427 1006 ed
449 945 614 1006 solvendas
636 946 878 1024 satisfaotionee,
909 965 987 1026 quos
1009 945 1108 1025 Sorip·
1187 1008 1189 1015 ,

206 1037 265 1088 tura
284 1029 378 1088 etiam
400 1028 538 1089 infirmos
559 1037 661 1107 voeat,
684 1038 716 1090 et
735 1036 862 1110 propter
883 1029 939 1090 hos
962 1028 1109 1090 damnan-

206 1110 255 1171 dae
275 1131 338 1171 non
362 1121 434 1172 sunt
453 1111 670 1192 indulgentiae.

275 1193 485 1274 Reprehendit
506 1195 599 1254 etiam
619 1195 650 1253 in
673 1214 739 1273 me,
767 1195 849 1274 quod
878 1195 1019 1274 usurpavi
1048 1193 1108 1254 die

207 1285 259 1337 tum
279 1275 439 1356 Seneoae,
460 1277 530 1337 Non
552 1279 628 1356 quis,
651 1276 706 1337 sed
728 1277 799 1356 quid
822 1277 949 1356 dicatur,
971 1276 1054 1357 quod
1076 1279 1107 1337 iu

201 1359 254 1437 lis,
274 1378 353 1438 quae
374 1367 446 1421 suut
466 1359 548 1436 fidei,
570 1359 730 1420 attendere
752 1367 905 1440 oporteat,
928 1362 1019 1420 etiam
1041 1361 1108 1441 quis

208 1441 285 1502 dieat.
333 1443 536 1523 Respondeo:
570 1443 638 1503 Hoe
665 1461 727 1503 non
760 1450 808 1503 est
833 1444 873 1504 ad
907 1443 1109 1524 propositum,

210 1527 268 1604 quia
288 1527 417 1586 materia
437 1525 696 1606 indulgentiarum
718 1545 779 1586 non
810 1534 856 1587 est
878 1529 1005 1588 maten'a
1026 1525 1108 1587 fidei.

209 1606 320 1686 Deinde,
332 1609 364 1668 in
377 1610 504 1670 materia
514 1607 585 1668 fidei
598 1608 693 1670 multo
706 1610 838 1670 maxime
852 1629 929 1690 opus
948 1618 995 1670 est
1012 1616 1108 1670 atten-

212 1690 282 1764 dere,
304 1710 366 1751 non
389 1694 471 1772 quis,
498 1692 553 1752 sed
575 1691 647 1771 quid
669 1691 796 1771 dieatur,
818 1695 890 1772 quie
909 1711 972 1753 non
995 1700 1043 1752 est
1063 1711 1108 1752 re·

213 1780 318 1853 spectus
329 1793 527 1853 personarum
551 1774 720 1854 habendus,
744 1776 823 1836 siout
840 1776 1001 1836 menileste
1022 1794 1108 1855 prae-

214 1857 314 1917 monuit
335 1856 444 1921 Matth,
466 1861 495 1921 7.
518 1867 548 1918 et
571 1859 625 1921 24:
654 1858 811 1920 Attendite
832 1879 853 1918 a
873 1858 957 1919 falsis
980 1859 1109 1939 prophe·

213 1939 249 2014 tis,
267 1940 316 2018 qui
338 1942 466 2000 veniunt
486 1940 524 2001 ad
547 1960 603 2001 vos
626 1948 686 2001 ete.
718 1941 804 2018 Item,
826 1942 911 2001 multi
935 1942 1059 2001 veniunt
1079 1941 1109 1999 in
1199 2015 1202 2020 Ι

213 2023 319 2082 nomine
343 2042 414 2083 meo
427 2022 586 2087 dieentes:
610 2023 677 2102 ligo
700 2042 767 2083 sum
778 2023 930 2102 Christus,
952 2035 984 2084 et
996 2023 1108 2085 Johau.

215 2108 258 2170 10:
282 2104 366 2166 Oves
398 2125 485 2167 meae
519 2125 627 2167 vooem
663 2126 764 2166 meam
799 2107 935 2168 audiunt.
977 2105 1111 2167 Proinde

212 2189 286 2248 etiam
309 2208 430 2250 summu
452 2187 592 2249 Pontifiei
613 2208 675 2250 non
703 2199 819 2250 temere
847 2189 1033 2252 eredendum
1055 2196 1111 2265 est,

211 2277 236 2329 nt
257 2276 316 2330 stet
347 2271 455 2351 regula
489 2271 639 2332 Johannis
673 2273 807 2351 apostoli
837 2273 894 2351 *J:
944 2271 1110 2349 Uerissimi,

211 2353 325 2431 probate
345 2355 483 2433 spiritus,
506 2362 604 2414 utrum
627 2374 666 2414 ex
689 2354 749 2415 deo
771 2357 841 2420 sint.

280 2437 361 2496 Dioit
382 2436 510 2513 deinde,
543 2437 712 2517 perieulum
745 2440 866 2499 esseio
889 2458 992 2500 errore
1012 2437 1109 2498 indul-

208 2520 363 2598 gentiarum
385 2539 424 2580 ex
454 2539 509 2598 eo,
547 2520 630 2599 quod
657 2521 846 2599 perieulosus
878 2541 964 2582 error
991 2521 1111 2581 habitus

208 2603 238 2660 sit
256 2621 372 2680 eorum,
395 2604 446 2681 qui
469 2603 625 2664 ordinibus
637 2602 874 2664 Mendieantium
889 2604 928 2665 ab
951 2606 1037 2664 initio
1056 2604 1111 2664 de·

208 2690 361 2747 traxerunt.
406 2684 560 2764 Quidquid
582 2687 622 2745 sit
641 2685 682 2746 de
703 2684 945 2765 detractoribus,
975 2707 1030 2766 per
1052 2688 1112 2748 hoe

208 2786 257 2826 non
279 2767 427 2846 probetur
448 2787 532 2830 error
554 2769 743 2848 periculosus
765 2772 795 2829 in
819 2770 1032 2851 indulgentiis,
1054 2788 1112 2829 nee
1139 2838 1142 2842 ,

207 2868 269 2910 nox
290 2870 376 2911 error
396 2858 459 2930 est,
482 2850 565 2930 quod
587 2850 712 2911 ordines
733 2852 972 2913 Mendieantium
995 2853 1044 2912 vel
1064 2871 1111 2912 se·

207 2932 337 2994 eerdotes
350 2933 547 2994 eeclesiarum
571 2953 704 2995 errorem
719 2935 928 3000 iudicaverint.
951 2936 1009 2996 Per
1018 2935 1111 3014 idem,

207 3015 236 3075 ud
256 3016 296 3093 id,
319 3016 402 3095 quod
424 3017 506 3095 dioit,
527 3017 690 3078 ooneilium
713 3038 775 3079 non
799 3039 922 3094 errare,
944 3020 1015 3098 quia
1035 3020 1111 3099 regi·

208 3104 244 3158 tur
263 3118 283 3158 a
304 3098 419 3180 Spiritu
440 3107 556 3178 saneto,
579 3099 660 3160 addo
683 3120 757 3181 ego,
781 3104 899 3164 soilieet
919 3105 949 3163 in
979 3102 1047 3177 his,
1080 3103 1110 3161 ln

207 3181 308 3261 quibus
326 3183 443 3263 regitur
462 3182 604 3263 aSpiritu
617 3193 735 3262 saneto,
756 3185 852 3264 idest,
873 3188 903 3262 in
917 3187 1007 3247 rebus
1029 3184 1112 3245 fidei.

208 3262 238 3324 llt
258 3271 291 3324 ut
311 3264 480 3344 aliquando
503 3265 620 3344 dicam,
644 3286 706 3329 uon
730 3267 793 3328 dixi
817 3288 935 3329 errasse
956 3271 986 3330 in
1009 3270 1111 3329 eonoi·

207 3345 248 3425 lio,
269 3349 300 3407 in
322 3347 432 3409 dandis
450 3348 660 3429 indulgentiis,
685 3350 738 3411 sed
762 3359 881 3432 postea.
1038 3412 1042 3423 ,

227 3442 235 3459 ·
278 3431 416 3492 Transeo
445 3432 534 3510 illud,
562 3432 646 3511 quod
675 3435 887 3497 remissionem
916 3445 1112 3515 peecatorum

208 3511 344 3594 intelligit
364 3516 573 3576 remissionem
596 3534 777 3597 poenarum,
800 3538 867 3579 eum
891 3537 984 3598 saepe
1006 3535 1113 3598 peeea·

204 3600 259 3656 tum
281 3616 339 3676 pro
361 3616 464 3677 poene
484 3599 664 3678 aoeipiatur,
685 3588 823 3662 Machab.
848 3604 885 3665 12
898 3602 938 3676 ¹).
961 3601 1028 3681 Ego
1050 3620 1111 3661 non

425 3733 632 3749 ————

207 3841 214 3856 .
227 3789 257 3844 1)
276 3788 308 3837 In
327 3754 377 3838 ed-
390 3792 490 3858 orn‘gin.
503 3809 511 3842 t
529 3795 572 3852 20,

219 3852 245 3912 Ἰ
263 3854 285 3904 1.
305 3855 366 3907 «loli.
387 3858 412 3910 4,
