2709 4417
506 373 523 407 a
539 353 662 407 Notariis
680 311 806 422 meopte.
948 312 951 319 V
1003 328 1005 332 Ι
1032 348 1105 418 ,101

199 549 224 603 ta
244 543 399 603 iaetanter
416 562 488 603 eum
508 544 539 602 in
561 547 647 602 tanto
660 559 808 602 oonsessu
825 541 936 620 dioere,
958 560 992 602 se
1013 561 1106 602 unum

199 625 263 686 ’elle
285 627 434 686 resistere
457 625 548 686 mille.
590 625 636 685 lta
653 623 747 685 habet
761 625 874 684 veritas
897 631 928 685 et
948 626 1106 706 negotium

199 730 214 768 n
233 709 416 789 apostolatu
439 715 471 769 et
492 707 606 769 ordinis
630 705 789 788 dignitate.
833 708 976 788 Apostoli
999 727 1106 769 omnes

199 794 304 852 'uerunt
327 791 487 870 aequales,
509 791 569 852 hoo
591 809 678 851 saera
695 789 860 870 Scriptura,
881 790 942 852 hoe
955 791 984 852 S.
1001 790 1106 852 Patres

199 875 358 936 oluerunt.
401 875 507 934 Palam
530 874 604 934 dioit
624 874 830 953 Hieronymus
859 892 922 934 non
944 875 1106 954 reprehen-

199 958 265 1018 lisse
287 957 423 1036 Petrum,
445 958 470 1017 si
493 959 585 1018 eoiret
606 977 639 1017 se
667 959 826 1036 imparem.
869 957 916 1017 Ita
938 956 1106 1018 Anaoletus

199 1061 253 1101 tan.
287 1041 322 1101 In
353 1059 448 1116 novo,
472 1040 546 1100 dioit
569 1039 731 1120 apostolos
754 1040 875 1119 aequali
899 1038 929 1121 ¹)
953 1046 1108 1120 potestate
1159 1110 1162 1114 ,

199 1127 318 1186 tutatos.
361 1124 409 1184 lta
431 1123 612 1204 Cyprianus,
634 1125 677 1183 ita
700 1130 731 1182 et
752 1122 812 1184 alii.
836 1122 913 1183 Cum
935 1142 1009 1204 ergo
1031 1124 1105 1182 Pau-

199 1210 231 1267 lus
251 1208 344 1268 fuerit
364 1206 543 1288 designatus
566 1206 726 1286 apostolus
760 1227 779 1266 a
800 1205 942 1284 Christo,
974 1207 1107 1286 ingenue

199 1291 269 1366 dixit,
301 1309 422 1351 senon
445 1289 483 1350 ab
505 1289 647 1368 homine,
676 1307 776 1367 neque
805 1307 861 1367 per
881 1289 1035 1349 hominem
1059 1302 1107 1348 ao

199 1374 327 1453 sepisse,
351 1380 382 1433 et
404 1372 487 1452 quod
508 1371 643 1432 Jaeobus
666 1379 697 1432 et
718 1371 825 1430 Petrus
847 1371 903 1432 sibi
936 1372 1012 1433 nihil
1035 1391 1107 1431 eon·

199 1457 342 1534 tolerunt,
373 1457 478 1517 omnia
500 1457 580 1515 enim
602 1456 662 1514 ista
684 1454 723 1514 ad
746 1454 953 1534 apostolatum
975 1455 1106 1515 referen-

199 1540 227 1599 da
246 1547 324 1599 sunt

266 1620 361 1681 Aliud
383 1639 457 1680 vero
489 1627 536 1680 est
560 1620 598 1680 de
620 1622 776 1699 potestate
809 1621 967 1699 regiminis
1001 1626 1033 1680 et
1054 1618 1107 1678 ad·

199 1705 426 1779 ministrationis,
449 1702 499 1763 ubi
523 1721 652 1764 eonoors
676 1708 724 1763 est
745 1701 773 1762 S.
797 1696 921 1762 Patrum
942 1703 1105 1780 sententia,

199 1787 348 1847 concilium
372 1793 480 1846 eontra
501 1785 675 1846 lohannem
697 1785 777 1845 Huss
800 1783 839 1844 ad
862 1786 962 1864 ipsum
984 1786 1106 1845 Petrum

199 1869 360 1931 huiusmodi
394 1871 556 1948 primatum
591 1869 784 1948 pertinuisse.
827 1867 897 1928 Non
927 1886 1001 1948 ergo
1024 1875 1107 1927 reete

199 1955 278 2014 utitur
299 1970 406 2012 saurae
428 1950 603 2031 Scripturae
625 1951 824 2027 testimoniis,
854 1949 908 2010 s'ed
937 1969 990 2011 eas
1019 1951 1107 2011 alior-

199 2057 252 2096 sum
273 2035 367 2096 trabit
388 2053 444 2114 pro
467 2053 522 2094 suo
546 2034 686 2108 arbitrio,
722 2040 830 2094 eontra
857 2052 947 2112 quam
978 2031 1107 2093 Sanetus

199 2118 315 2198 Spiritus
349 2117 515 2198 efflagitat:
555 2117 644 2192 Quod
670 2117 751 2175 enim
791 2115 884 2175 hodie
916 2115 1109 2195 ponderabat

199 2202 313 2261 Paulum
342 2200 474 2277 dixisse,
511 2199 583 2259 nihil
605 2199 718 2259 referre
740 2198 779 2258 ad
802 2216 887 2276 eum,
916 2199 1022 2277 quales
1043 2198 1106 2257 fue-

199 2286 257 2363 rint,
278 2303 340 2344 non
362 2284 424 2343 hoo
453 2282 535 2361 quod
557 2282 683 2343 volebat
710 2280 896 2342 reverendus
918 2282 1027 2358 Pater,
1050 2280 1105 2340 sed

199 2367 248 2427 hoe
269 2364 433 2448 signifieat,
456 2365 576 2425 Petrum
601 2363 795 2425 etJaoobum
818 2368 849 2424 et
871 2372 990 2424 eeteros
1016 2363 1110 2424 fuisse

199 2449 299 2509 idiotas
331 2456 363 2508 et
392 2449 492 2509 minus
514 2449 646 2527 peritos,
681 2455 845 2526 antequam
875 2466 943 2506 oum
962 2447 1108 2507 'Domino

199 2532 408 2611 ambulassent,
432 2538 463 2591 et
484 2532 528 2590 sie
549 2531 631 2590 Deus
654 2548 817 2609 personam
840 2548 902 2589 non
926 2531 1046 2609 accipit.

269 2614 331 2676 Sed
354 2615 480 2693 inquiet,
502 2621 535 2672 ut
556 2620 603 2673 est
625 2612 806 2673 eorda'eulus
821 2611 865 2688 ²),
887 2613 948 2672 hoe
964 2620 1012 2672 est
1027 2630 1111 2672 eom·

199 2705 322 2758 neutum
345 2697 522 2766 Bouianum.
555 2695 653 2776 Legat
675 2695 870 2756 Ambrosium
894 2694 1003 2755 eodem
1028 2695 1109 2771 loco,

199 2781 238 2858 qui
252 2780 444 2840 sententiam
471 2779 554 2839 Pauli
583 2798 645 2839 non
677 2797 877 2858 corrumpens
905 2779 1039 2857 ingenue
1068 2785 1110 2837 te·
1147 2812 1154 2820 ’

199 2869 298 2942 statur,
336 2862 500 2923 eeclesiam
529 2860 686 2921 fundatam
719 2879 811 2940 supra
839 2867 966 2940 petram.
1009 2859 1111 2936 Quare

199 2947 243 3005 nisi
264 2944 402 3006 firmiora
424 2943 602 3021 adduxerit,
624 2963 722 3024 rogo,
745 2943 783 3004 ab
811 2945 949 3004 instituto
972 2942 1110 3005 desistat.

199 3026 273 3088 Unde
295 3027 408 3105 hodie,
437 3027 509 3086 dum
538 3027 685 3087 dixissem
714 3026 874 3086 artioulum
897 3045 966 3086 esse
984 3026 1111 3086 Hussiti·

199 3128 270 3188 oum,
305 3109 513 3171 obedientiam
536 3110 777 3170 ecelesiasticam
811 3128 874 3169 non
897 3128 966 3169 esse
989 3128 1110 3188 expres·

199 3211 249 3252 lam
269 3194 436 3254 autoritate
466 3192 640 3272 Scripturae
662 3211 790 3269 sacrae,
827 3187 987 3271 respondit
1015 3191 1110 3251 brevi-

199 3274 249 3356 bus,
271 3277 433 3337 articulum
446 3294 507 3335 non
531 3294 600 3335 esse
621 3274 817 3335 haereticum.
835 3274 957 3334 Mallem
975 3275 1111 3352 punctim

199 3376 275 3440 igere
298 3379 368 3419 oum
390 3357 565 3419 reverendo
589 3359 697 3433 Patre,
720 3366 751 3417 et
772 3358 890 3417 dicere:
913 3356 974 3416 Iste
996 3365 1044 3416 est
1065 3376 1110 3415 ar-

199 3441 294 3502 ioulus
317 3441 496 3518 damnatus,
527 3448 558 3500 et
587 3443 655 3519 ipse
682 3447 768 3500 tenet
790 3459 877 3517 eum,
899 3441 1006 3517 itaque
1028 3446 1111 3499 tenet
1163 3498 1164 3501 ,

199 3524 350 3584 utioulum
372 3524 547 3583 damnatum
572 3532 603 3582 et
623 3522 828 3601 reprobatum.

223 3767 251 3837 l)
272 3769 303 3820 ln
324 3767 365 3820 ed.
386 3770 474 3838 orig.:
494 3771 522 3822 in
542 3770 625 3840 quali.
664 3771 697 3841 2)
718 3772 831 3826 Loesob.
847 3789 882 3827 ex
901 3771 962 3827 cod.
978 3772 1041 3826 llso
1055 3770 1113 3826 red·

199 3839 241 3895 lit:
260 3839 421 3894 audaculus.
