2709 4417
242 334 291 411 Ἀ
430 336 585 412 Disputatio
604 337 713 415 Lipsiae
730 340 825 402 wls
842 340 869 401 a
889 337 957 394 Xlx'

253 583 257 589 .
327 525 453 592 Indursit
494 527 586 591 stiam
623 525 819 592 subnotem
851 525 1015 606 Augustini
1057 534 1151 607 unus

245 609 390 687 nauch„
412 629 506 690 quam
528 605 671 689 suspicor
694 627 763 670 essa
772 611 801 674 2.
823 607 874 675 lib.
897 609 1059 677 cosanus
1078 609 1152 673 Chri-

245 695 364 754 stianaa
385 712 411 754 c.
425 695 465 770 8.,
488 691 574 774 quod
594 692 626 752 in
647 711 682 753 ra
693 691 788 753 dubia
808 691 848 753 ad
869 693 1084 763 certitudinem
1093 691 1153 763 fidoi

245 775 348 837 valcat
370 778 517 839 autoritas
542 775 696 839 ccclesias
717 774 904 853 catholicae,
926 795 1007 856 quaa
1030 774 1070 842 ab
1089 777 1153 856 ipsis

245 858 458 940 apostolorum
474 858 601 923 sedibus
611 857 840 925 succedentium
854 858 977 925 tibimet
997 865 1029 921 ct
1049 860 1155 938 spisso

243 960 355 1089 ἔξω
379 944 458 1005 scria
481 951 513 1005 st
532 941 645 1024 populi
666 960 821 1005 consensu
840 939 988 1008 firmatur.
1022 941 1104 1009 Nihil
1121 941 1154 1012 ds

293 1043 333 1085 m.
354 1023 496 1089 Ecclesia
515 1025 688 1103 loquimur,
710 1023 767 1089 sed
787 1024 962 1102 universali,
984 1031 1017 1086 ct
1038 1043 1095 1104 pro
1114 1044 1156 1096 mc

244 1107 317 1173 tacit
343 1116 453 1171 contra
482 1109 519 1170 D.
542 1107 607 1187 D.,
636 1110 710 1186 quia
732 1109 945 1174 successiones
978 1108 1155 1177 divensium

245 1186 362 1251 sedilum
392 1191 636 1272 apostolicarum
670 1188 793 1253 sibimet
820 1196 851 1255 et
882 1208 1039 1259 consensu
1061 1190 1157 1269 populi

243 1273 387 1337 describit
418 1276 627 1355 Augustinus,
666 1290 730 1335 non
765 1279 867 1340 autem
902 1273 1157 1357 confirmationem

243 1356 371 1423 Qum
395 1357 514 1419 sodium
535 1376 594 1438 par
618 1375 712 1421 uuam
733 1355 848 1423 sedem·
1141 1401 1145 1406 -

517 1540 609 1601 Nunc
631 1537 674 1599 ad
695 1556 760 1598 rom
780 1539 889 1617 ipsam.

326 1693 374 1757 Dc
395 1693 559 1755 autoritate
581 1695 690 1757 blattis
716 1694 769 1755 16:
808 1691 854 1753 Tu
876 1711 911 1752 aa
932 1692 1053 1771 Petrus,
1075 1697 1105 1753 ct
1123 1692 1159 1760 ad

243 1775 384 1839 inductos
413 1784 543 1839 autores,
570 1776 644 1838 dicit
665 1794 722 1839 ms
743 1793 807 1835 non
830 1774 1051 1854 respondisse,
1084 1775 1159 1854 quor

243 1860 402 1920 commite
427 1857 513 1921 vobis
534 1859 731 1923 auditoribus
748 1863 780 1925 et
801 1857 980 1936 lectoribus,
1001 1876 1042 1923 au
1064 1877 1159 1925 sonan

242 1943 291 2006 sit.
313 1942 517 2022 Augustinuru
537 1943 569 2003 in
590 1950 713 2007 retract.
742 1939 774 2022 ¹)
797 1940 1022 2019 relinquentem
1045 1941 1158 2007 asca-

243 2044 314 2087 ucm
335 2025 442 2087 lectori
464 2044 556 2108 super
577 2025 695 2089 duabus
717 2025 885 2089 ‚sanantis
913 2023 1052 2091 eiusdem
1083 2031 1158 2095 auiti

242 2109 342 2171 ritatis,
361 2109 508 2187 opposuit
527 2109 653 2186 dicans,
683 2131 718 2172 ss
746 2107 855 2172 arubae
878 2107 1025 2186 amplecti
1046 2114 1157 2194 santon-

235 2191 318 2337 mli
344 2189 427 2270 quod
458 2191 532 2255 mihi
563 2192 687 2272 placat,
719 2200 757 2255 at:
793 2191 838 2251 sio
870 2189 946 2255 nihil
972 2195 1081 2257 contra
1115 2209 1156 2257 wa

240 2293 297 2353 pro
319 2281 361 2334 at
977 2322 979 2337 ,

320 2356 464 2425 Secunda
493 2359 640 2422 autoritas
668 2359 773 2427 divisi
799 2355 872 2437 iuris
901 2375 922 2422 a
954 2357 1153 2423 dominatione

150 2440 152 2444 ’
240 2458 295 2503 sua
316 2439 441 2502 inducta
452 2447 499 2503 ast
519 2440 611 2505 huso:
633 2441 731 2507 Pasce
760 2460 836 2505 osas
859 2438 1080 2520 msas,Johan.
1100 2439 1153 2515 ult,

240 2530 272 2585 st
292 2522 413 2601 gaudeo
443 2522 572 2585 taudem.
594 2532 666 2603 post
698 2533 765 2589 tras
789 2523 856 2587 dics
877 2522 1045 2601 aliquando
1068 2523 1151 2589 audiri

240 2623 333 2668 unam
345 2607 538 2668 autoritatem
551 2605 750 2688 disiuiluria
769 2627 834 2692 quo
855 2602 1032 2691 firmissima
1054 2607 1153 2684 nitatur

240 2689 306 2751 cius
326 2689 488 2767 sententia,
508 2689 563 2753 sed
584 2691 751 2755 videamus
771 2697 803 2755 at
822 2691 934 2770 ipsam.
960 2724 964 2735 ,

320 2771 454 2831 Primum
474 2773 535 2832 ista
554 2777 707 2834 autoritas
730 2776 852 2838 videtur
879 2773 1009 2854 intelligi
1024 2797 1026 2799 ’
1040 2771 1152 2852 duplici·

240 2860 295 2924 ter,
315 2873 388 2932 unc,
411 2874 466 2934 per
487 2856 612 2919 verbum
635 2857 780 2940 diligero,
801 2857 835 2918 id
845 2856 930 2935 quod
947 2865 1005 2935 est,
1027 2855 1084 2921 sibi
1103 2854 1151 2934 ipsi

214 2934 230 2977 ‘⁸
239 2935 342 3017 fidere,
363 2944 394 2998 st
415 2938 534 3017 quidvis
543 2936 646 3018 licere
673 2949 705 3004 ct
726 2961 783 3022 per
793 2939 922 3004 verbum
931 2958 1070 3020 pascere,
1081 2938 1151 3005 iden

239 3020 330 3100 quod,
344 3023 475 3100 primum
497 3023 566 3082 esse
588 3030 619 3083 ct
639 3041 788 3107 regnare.
834 3022 876 3087 Et
895 3024 942 3087 sic
962 3025 1021 3085 crit
1041 3039 1152 3089 sensu:

238 3102 336 3182 Patre,
358 3105 384 3164 si
405 3104 506 3185 diligis
528 3123 587 3183 me,
602 3106 636 3167 id
659 3117 719 3189 cst,
745 3110 772 3171 si
794 3113 848 3168 tua
863 3107 1033 3186 quaesieris
1048 3112 1080 3171 ut
1099 3122 1152 3167 on·

238 3187 439 3266 ulcisceris,
467 3206 547 3268 quaa
578 3189 794 3256 adulatoribus
816 3191 877 3252 tuis
899 3189 1041 3270 placent,
1069 3205 1151 3269 pasce

239 3288 313 3335 ores
336 3290 431 3350 meas,
452 3271 563 3352 idest,
584 3281 655 3336 asto
676 3278 793 3356 primus
817 3273 1003 3339 aldominus
1019 3272 1152 3339 omnus

238 3351 329 3420 Hunc
349 3373 475 3419 sensum
494 3374 557 3418 uon
577 3356 684 3421 habco
707 3361 739 3422 in
762 3377 838 3422 mco
860 3356 978 3422 codice.

321 3437 392 3505 Alio
415 3438 523 3503 modo:
555 3438 588 3501 Si
612 3439 716 3524 diligis
738 3465 808 3521 ms,
831 3440 864 3506 id
886 3445 953 3516 cst,
975 3438 1152 3518 abnsgsstc

237 3521 346 3600 ipsum,
368 3522 394 3585 si
415 3523 653 3602 ponisanimam
675 3536 759 3589 tuam
781 3544 843 3608 pro
855 3542 915 3603 me,
931 3522 963 3591 ¹si
986 3523 1078 3593 stau
1098 3539 1151 3590 tu·

238 3621 307 3664 nam
330 3604 510 3686 dignitatem
532 3611 698 3689 respueris,
720 3618 752 3673 at
773 3606 855 3671 nihil
877 3606 996 3666 nisime
1011 3602 1151 3678 dilexerit,

207 3831 223 3856 ‘
265 3867 301 3938 1)
319 3868 357 3926 In
377 3872 424 3931 cd.
446 3874 566 3934 roasi
585 3889 637 3944 ap.
655 3871 794 3931 nasuta:
819 3868 910 3939 tract(
