<?xml version="1.0" encoding="UTF-8"?>
<!DOCTYPE html PUBLIC "-//W3C//DTD XHTML 1.0 Transitional//EN"
    "http://www.w3.org/TR/xhtml1/DTD/xhtml1-transitional.dtd">
<html xmlns="http://www.w3.org/1999/xhtml" xml:lang="en" lang="en">
 <head>
  <title>
</title>
<meta http-equiv="Content-Type" content="text/html;charset=utf-8" />
  <meta name='ocr-system' content='tesseract 3.04.00' />
  <meta name='ocr-capabilities' content='ocr_page ocr_carea ocr_par ocr_line ocrx_word'/>
</head>
<body>
  <div class='ocr_page' id='page_1' title='image "./operalatinavari00schmgoog_0128.png"; bbox 0 0 2709 4417; ppageno 0'>
   <div class='ocr_carea' id='block_1_1' title="bbox 276 332 1192 589">
    <p class='ocr_par' dir='ltr' id='par_1_1' title="bbox 276 332 1192 589">
     <span class='ocr_line' id='line_1_1' title="bbox 276 332 1192 589; baseline -0.019 -162"><span class='ocrx_word' id='word_1_1' title='bbox 276 362 338 432; x_wconf 85' lang='grc'>116</span> <span class='ocrx_word' id='word_1_2' title='bbox 463 364 618 434; x_wconf 68' lang='lat' dir='ltr'><strong>Disputatio</strong></span> <span class='ocrx_word' id='word_1_3' title='bbox 636 365 745 433; x_wconf 79' lang='lat' dir='ltr'>Lipsiae</span> <span class='ocrx_word' id='word_1_4' title='bbox 763 366 860 418; x_wconf 76' lang='lat' dir='ltr'>habita</span> <span class='ocrx_word' id='word_1_5' title='bbox 878 381 904 420; x_wconf 80' lang='lat' dir='ltr'>a.</span> <span class='ocrx_word' id='word_1_6' title='bbox 922 356 986 419; x_wconf 69' lang='lat' dir='ltr'>XIX</span> <span class='ocrx_word' id='word_1_7' title='bbox 1183 332 1192 589; x_wconf 60' lang='lat' dir='ltr'>p</span> 
     </span>
    </p>
   </div>
   <div class='ocr_carea' id='block_1_2' title="bbox 228 547 1216 3350">
    <p class='ocr_par' dir='ltr' id='par_1_2' title="bbox 644 547 1192 675">
     <span class='ocr_line' id='line_1_2' title="bbox 644 547 1191 629; baseline 0.002 -21"><span class='ocrx_word' id='word_1_8' title='bbox 644 547 818 612; x_wconf 83' lang='lat' dir='ltr'>Eooius.</span> <span class='ocrx_word' id='word_1_9' title='bbox 1188 594 1191 629; x_wconf 45' lang='lat' dir='ltr'><strong>i</strong></span> 
     </span>
     <span class='ocr_line' id='line_1_3' title="bbox 1186 632 1192 675; baseline 0 0"><span class='ocrx_word' id='word_1_10' title='bbox 1186 632 1192 675; x_wconf 79' lang='lat' dir='ltr'>t</span> 
     </span>
    </p>

    <p class='ocr_par' dir='ltr' id='par_1_3' title="bbox 274 713 1203 1173">
     <span class='ocr_line' id='line_1_4' title="bbox 357 713 1165 794; baseline 0.004 -20"><span class='ocrx_word' id='word_1_11' title='bbox 357 715 485 792; x_wconf 82' lang='lat' dir='ltr'>Nescio,</span> <span class='ocrx_word' id='word_1_12' title='bbox 524 713 594 792; x_wconf 90' lang='lat' dir='ltr'>quid</span> <span class='ocrx_word' id='word_1_13' title='bbox 616 713 804 774; x_wconf 89' lang='lat' dir='ltr'>reverendus</span> <span class='ocrx_word' id='word_1_14' title='bbox 827 714 918 775; x_wconf 87' lang='lat' dir='ltr'>Pater</span> <span class='ocrx_word' id='word_1_15' title='bbox 941 716 1030 791; x_wconf 76' lang='lat' dir='ltr'>velit,</span> <span class='ocrx_word' id='word_1_16' title='bbox 1052 716 1124 794; x_wconf 92' lang='lat' dir='ltr'>quod</span> <span class='ocrx_word' id='word_1_17' title='bbox 1140 717 1165 777; x_wconf 85' lang='lat' dir='ltr'>ab</span> 
     </span>
     <span class='ocr_line' id='line_1_5' title="bbox 274 796 1167 878; baseline 0.002 -20"><span class='ocrx_word' id='word_1_18' title='bbox 274 800 362 860; x_wconf 89' lang='lat' dir='ltr'>initio</span> <span class='ocrx_word' id='word_1_19' title='bbox 393 799 543 858; x_wconf 90' lang='lat' dir='ltr'>sermonis</span> <span class='ocrx_word' id='word_1_20' title='bbox 578 796 675 872; x_wconf 79' lang='lat' dir='ltr'>dicit,</span> <span class='ocrx_word' id='word_1_21' title='bbox 712 816 760 856; x_wconf 89' lang='lat' dir='ltr'>me</span> <span class='ocrx_word' id='word_1_22' title='bbox 793 797 869 856; x_wconf 89' lang='lat' dir='ltr'>nihil</span> <span class='ocrx_word' id='word_1_23' title='bbox 902 797 1114 878; x_wconf 85' lang='lat' dir='ltr'>respondisse,</span> <span class='ocrx_word' id='word_1_24' title='bbox 1147 809 1167 860; x_wconf 89' lang='lat' dir='ltr'>et</span> 
     </span>
     <span class='ocr_line' id='line_1_6' title="bbox 276 850 1192 958; baseline 0 -17"><span class='ocrx_word' id='word_1_25' title='bbox 276 887 380 941; x_wconf 61' lang='lat' dir='ltr'>nmen</span> <span class='ocrx_word' id='word_1_26' title='bbox 401 882 431 939; x_wconf 92' lang='lat' dir='ltr'>iu</span> <span class='ocrx_word' id='word_1_27' title='bbox 456 883 521 940; x_wconf 90' lang='lat' dir='ltr'>eius</span> <span class='ocrx_word' id='word_1_28' title='bbox 543 898 691 958; x_wconf 80' lang='lat' dir='ltr'>procursu</span> <span class='ocrx_word' id='word_1_29' title='bbox 714 880 885 949; x_wconf 79' lang='lat' dir='ltr'>solutiones</span> <span class='ocrx_word' id='word_1_30' title='bbox 906 900 993 940; x_wconf 89' lang='lat' dir='ltr'>meas</span> <span class='ocrx_word' id='word_1_31' title='bbox 1022 880 1084 940; x_wconf 92' lang='lat' dir='ltr'>heri</span> <span class='ocrx_word' id='word_1_32' title='bbox 1102 850 1192 942; x_wconf 66' lang='lat' dir='ltr'>datu¹</span> 
     </span>
     <span class='ocr_line' id='line_1_7' title="bbox 275 942 1194 1044; baseline -0.002 -21"><span class='ocrx_word' id='word_1_33' title='bbox 275 965 406 1023; x_wconf 81' lang='lat' dir='ltr'>invictas</span> <span class='ocrx_word' id='word_1_34' title='bbox 428 970 458 1022; x_wconf 89' lang='lat' dir='ltr'>et</span> <span class='ocrx_word' id='word_1_35' title='bbox 481 962 709 1023; x_wconf 88' lang='lat' dir='ltr'>robustissimas</span> <span class='ocrx_word' id='word_1_36' title='bbox 732 963 1045 1044; x_wconf 75' lang='lat' dir='ltr'>nititur&#39;infringere3</span> <span class='ocrx_word' id='word_1_37' title='bbox 1078 982 1112 1022; x_wconf 88' lang='lat' dir='ltr'>an</span> <span class='ocrx_word' id='word_1_38' title='bbox 1130 963 1167 1024; x_wconf 83' lang='lat' dir='ltr'>illu</span> <span class='ocrx_word' id='word_1_39' title='bbox 1184 942 1194 1021; x_wconf 72' lang='lat' dir='ltr'>l</span> 
     </span>
     <span class='ocr_line' id='line_1_8' title="bbox 275 1028 1203 1173; baseline -0.002 -68"><span class='ocrx_word' id='word_1_40' title='bbox 275 1045 331 1106; x_wconf 89' lang='lat' dir='ltr'>sibi</span> <span class='ocrx_word' id='word_1_41' title='bbox 355 1051 506 1122; x_wconf 77' lang='lat' dir='ltr'>constent,</span> <span class='ocrx_word' id='word_1_42' title='bbox 528 1046 595 1123; x_wconf 92' lang='lat' dir='ltr'>ipse</span> <span class='ocrx_word' id='word_1_43' title='bbox 617 1044 737 1104; x_wconf 82' lang='lat' dir='ltr'>viderit.</span> <span class='ocrx_word' id='word_1_44' title='bbox 907 1043 916 1060; x_wconf 76' lang='grc'><strong>“</strong></span> <span class='ocrx_word' id='word_1_45' title='bbox 1187 1028 1203 1173; x_wconf 49' lang='grc' dir='ltr'>ι</span> 
     </span>
    </p>

    <p class='ocr_par' dir='ltr' id='par_1_4' title="bbox 273 1123 1216 1618">
     <span class='ocr_line' id='line_1_9' title="bbox 356 1123 1192 1205; baseline 0 -18"><span class='ocrx_word' id='word_1_46' title='bbox 356 1127 492 1204; x_wconf 76' lang='lat' dir='ltr'>Deinde,</span> <span class='ocrx_word' id='word_1_47' title='bbox 514 1123 601 1205; x_wconf 90' lang='lat' dir='ltr'>quod</span> <span class='ocrx_word' id='word_1_48' title='bbox 618 1129 783 1188; x_wconf 78' lang='lat' dir='ltr'>autoritate</span> <span class='ocrx_word' id='word_1_49' title='bbox 806 1128 934 1187; x_wconf 77' lang='lat' dir='ltr'>consilii</span> <span class='ocrx_word' id='word_1_50' title='bbox 952 1128 1168 1189; x_wconf 77' lang='lat' dir='ltr'>Constantianus</span> <span class='ocrx_word' id='word_1_51' title='bbox 1190 1176 1192 1187; x_wconf 93' lang='lat'><em>.</em></span> 
     </span>
     <span class='ocr_line' id='line_1_10' title="bbox 276 1209 1206 1289; baseline -0.002 -19"><span class='ocrx_word' id='word_1_52' title='bbox 276 1229 337 1270; x_wconf 92' lang='lat' dir='ltr'>non</span> <span class='ocrx_word' id='word_1_53' title='bbox 361 1210 427 1270; x_wconf 86' lang='lat' dir='ltr'>vult</span> <span class='ocrx_word' id='word_1_54' title='bbox 448 1229 481 1269; x_wconf 93' lang='lat' dir='ltr'>se</span> <span class='ocrx_word' id='word_1_55' title='bbox 503 1210 619 1281; x_wconf 74' lang='lat' dir='ltr'>artari,</span> <span class='ocrx_word' id='word_1_56' title='bbox 658 1209 769 1270; x_wconf 89' lang='lat' dir='ltr'>viderit</span> <span class='ocrx_word' id='word_1_57' title='bbox 789 1212 876 1289; x_wconf 82' lang='lat' dir='ltr'>ipse,</span> <span class='ocrx_word' id='word_1_58' title='bbox 912 1210 1039 1270; x_wconf 90' lang='lat' dir='ltr'>videant</span> <span class='ocrx_word' id='word_1_59' title='bbox 1068 1209 1206 1289; x_wconf 59' lang='lat' dir='ltr'>iudices}</span> 
     </span>
     <span class='ocr_line' id='line_1_11' title="bbox 274 1292 1216 1372; baseline 0.001 -20"><span class='ocrx_word' id='word_1_60' title='bbox 274 1311 366 1371; x_wconf 88' lang='lat' dir='ltr'>quam</span> <span class='ocrx_word' id='word_1_61' title='bbox 387 1294 467 1352; x_wconf 92' lang='lat' dir='ltr'>iuste</span> <span class='ocrx_word' id='word_1_62' title='bbox 488 1292 601 1352; x_wconf 87' lang='lat' dir='ltr'>feeerit.</span> <span class='ocrx_word' id='word_1_63' title='bbox 647 1292 796 1352; x_wconf 85' lang='lat' dir='ltr'>Nioenaur</span> <span class='ocrx_word' id='word_1_64' title='bbox 820 1293 974 1372; x_wconf 77' lang='lat' dir='ltr'>synodum</span> <span class='ocrx_word' id='word_1_65' title='bbox 998 1309 1060 1351; x_wconf 94' lang='lat' dir='ltr'>non</span> <span class='ocrx_word' id='word_1_66' title='bbox 1081 1311 1168 1371; x_wconf 79' lang='lat' dir='ltr'>respuo</span> <span class='ocrx_word' id='word_1_67' title='bbox 1189 1298 1216 1335; x_wconf 85' lang='lat'>‘··</span> 
     </span>
     <span class='ocr_line' id='line_1_12' title="bbox 274 1373 1212 1454; baseline 0 -20"><span class='ocrx_word' id='word_1_68' title='bbox 274 1377 304 1434; x_wconf 90' lang='lat' dir='ltr'>in</span> <span class='ocrx_word' id='word_1_69' title='bbox 327 1376 386 1452; x_wconf 71' lang='lat' dir='ltr'>iis,</span> <span class='ocrx_word' id='word_1_70' title='bbox 424 1393 502 1453; x_wconf 89' lang='lat' dir='ltr'>quae</span> <span class='ocrx_word' id='word_1_71' title='bbox 526 1381 595 1434; x_wconf 88' lang='lat' dir='ltr'>sunt</span> <span class='ocrx_word' id='word_1_72' title='bbox 618 1373 690 1433; x_wconf 86' lang='lat' dir='ltr'>fidei</span> <span class='ocrx_word' id='word_1_73' title='bbox 714 1383 807 1453; x_wconf 89' lang='lat' dir='ltr'>atque</span> <span class='ocrx_word' id='word_1_74' title='bbox 829 1394 931 1436; x_wconf 89' lang='lat' dir='ltr'>mores</span> <span class='ocrx_word' id='word_1_75' title='bbox 953 1376 1170 1454; x_wconf 59' lang='lat' dir='ltr'>respiciunt,‚ut</span> <span class='ocrx_word' id='word_1_76' title='bbox 1198 1380 1212 1387; x_wconf 84' lang='grc'>’“</span> 
     </span>
     <span class='ocr_line' id='line_1_13' title="bbox 273 1457 1167 1537; baseline -0.001 -20"><span class='ocrx_word' id='word_1_77' title='bbox 273 1457 482 1517; x_wconf 79' lang='lat' dir='ltr'>ordinationes</span> <span class='ocrx_word' id='word_1_78' title='bbox 510 1458 727 1536; x_wconf 78' lang='lat' dir='ltr'>episcoporum</span> <span class='ocrx_word' id='word_1_79' title='bbox 760 1476 817 1536; x_wconf 91' lang='lat' dir='ltr'>pro</span> <span class='ocrx_word' id='word_1_80' title='bbox 848 1457 998 1536; x_wconf 77' lang='lat' dir='ltr'>qualitate</span> <span class='ocrx_word' id='word_1_81' title='bbox 1019 1464 1167 1537; x_wconf 89' lang='lat' dir='ltr'>temporun</span> 
     </span>
     <span class='ocr_line' id='line_1_14' title="bbox 273 1537 757 1618; baseline 0 -18"><span class='ocrx_word' id='word_1_82' title='bbox 273 1537 305 1600; x_wconf 75' lang='lat' dir='ltr'>et</span> <span class='ocrx_word' id='word_1_83' title='bbox 326 1540 463 1599; x_wconf 88' lang='lat' dir='ltr'>looorurn</span> <span class='ocrx_word' id='word_1_84' title='bbox 488 1541 596 1598; x_wconf 62' lang='lat' dir='ltr'>mouri</span> <span class='ocrx_word' id='word_1_85' title='bbox 618 1546 757 1618; x_wconf 83' lang='lat' dir='ltr'>possunt.</span> 
     </span>
    </p>

    <p class='ocr_par' dir='ltr' id='par_1_5' title="bbox 228 1620 1198 2280">
     <span class='ocr_line' id='line_1_15' title="bbox 356 1620 1170 1700; baseline -0.001 -19"><span class='ocrx_word' id='word_1_86' title='bbox 356 1622 495 1683; x_wconf 79' lang='lat' dir='ltr'>Postulat</span> <span class='ocrx_word' id='word_1_87' title='bbox 517 1641 555 1681; x_wconf 90' lang='lat' dir='ltr'>ex</span> <span class='ocrx_word' id='word_1_88' title='bbox 578 1641 647 1699; x_wconf 74' lang='lat' dir='ltr'>me,</span> <span class='ocrx_word' id='word_1_89' title='bbox 687 1630 720 1680; x_wconf 91' lang='lat' dir='ltr'>ut</span> <span class='ocrx_word' id='word_1_90' title='bbox 752 1624 799 1681; x_wconf 88' lang='lat' dir='ltr'>ius</span> <span class='ocrx_word' id='word_1_91' title='bbox 822 1622 958 1681; x_wconf 88' lang='lat' dir='ltr'>divinum</span> <span class='ocrx_word' id='word_1_92' title='bbox 994 1623 1023 1681; x_wconf 92' lang='lat' dir='ltr'>ei</span> <span class='ocrx_word' id='word_1_93' title='bbox 1058 1620 1170 1700; x_wconf 79' lang='lat' dir='ltr'>afferam,</span> 
     </span>
     <span class='ocr_line' id='line_1_16' title="bbox 273 1704 1171 1784; baseline -0.001 -20"><span class='ocrx_word' id='word_1_94' title='bbox 273 1704 355 1783; x_wconf 85' lang='lat' dir='ltr'>quod</span> <span class='ocrx_word' id='word_1_95' title='bbox 383 1707 439 1764; x_wconf 88' lang='lat' dir='ltr'>etsi</span> <span class='ocrx_word' id='word_1_96' title='bbox 468 1705 590 1784; x_wconf 90' lang='lat' dir='ltr'>saepius</span> <span class='ocrx_word' id='word_1_97' title='bbox 624 1705 770 1781; x_wconf 77' lang='lat' dir='ltr'>fecerim,</span> <span class='ocrx_word' id='word_1_98' title='bbox 806 1704 965 1765; x_wconf 89' lang='lat' dir='ltr'>oouolusio</span> <span class='ocrx_word' id='word_1_99' title='bbox 1001 1710 1171 1764; x_wconf 82' lang='lat' dir='ltr'>tamennon</span> 
     </span>
     <span class='ocr_line' id='line_1_17' title="bbox 228 1786 1198 1866; baseline 0 -20"><span class='ocrx_word' id='word_1_100' title='bbox 228 1821 231 1828; x_wconf 79' lang='lat'><em>,</em></span> <span class='ocrx_word' id='word_1_101' title='bbox 272 1787 346 1847; x_wconf 89' lang='lat' dir='ltr'>illud</span> <span class='ocrx_word' id='word_1_102' title='bbox 369 1806 431 1848; x_wconf 93' lang='lat' dir='ltr'>non</span> <span class='ocrx_word' id='word_1_103' title='bbox 455 1787 557 1864; x_wconf 75' lang='lat' dir='ltr'>hibet,</span> <span class='ocrx_word' id='word_1_104' title='bbox 581 1787 635 1847; x_wconf 89' lang='lat' dir='ltr'>sed</span> <span class='ocrx_word' id='word_1_105' title='bbox 657 1787 816 1864; x_wconf 81' lang='lat' dir='ltr'>duntaxat,</span> <span class='ocrx_word' id='word_1_106' title='bbox 839 1789 909 1866; x_wconf 91' lang='lat' dir='ltr'>quia</span> <span class='ocrx_word' id='word_1_107' title='bbox 932 1786 1113 1847; x_wconf 91' lang='lat' dir='ltr'>reverendus</span> <span class='ocrx_word' id='word_1_108' title='bbox 1131 1787 1198 1847; x_wconf 76' lang='lat' dir='ltr'>Pe.</span> 
     </span>
     <span class='ocr_line' id='line_1_18' title="bbox 272 1869 1170 1946; baseline -0.003 -15"><span class='ocrx_word' id='word_1_109' title='bbox 272 1878 319 1931; x_wconf 92' lang='lat' dir='ltr'>ter</span> <span class='ocrx_word' id='word_1_110' title='bbox 339 1873 370 1930; x_wconf 89' lang='lat' dir='ltr'>in</span> <span class='ocrx_word' id='word_1_111' title='bbox 391 1870 576 1931; x_wconf 88' lang='lat' dir='ltr'>resolutorio</span> <span class='ocrx_word' id='word_1_112' title='bbox 600 1869 700 1946; x_wconf 78' lang='lat' dir='ltr'>dixis,</span> <span class='ocrx_word' id='word_1_113' title='bbox 728 1871 820 1930; x_wconf 85' lang='lat' dir='ltr'>Rom.</span> <span class='ocrx_word' id='word_1_114' title='bbox 841 1870 1003 1930; x_wconf 88' lang='lat' dir='ltr'>eoolesiam</span> <span class='ocrx_word' id='word_1_115' title='bbox 1028 1876 1097 1929; x_wconf 89' lang='lat' dir='ltr'>ante</span> <span class='ocrx_word' id='word_1_116' title='bbox 1115 1875 1170 1928; x_wconf 82' lang='lat' dir='ltr'>ten</span> 
     </span>
     <span class='ocr_line' id='line_1_19' title="bbox 272 1951 1168 2033; baseline -0.006 -18"><span class='ocrx_word' id='word_1_117' title='bbox 272 1972 348 2033; x_wconf 91' lang='lat' dir='ltr'>pora</span> <span class='ocrx_word' id='word_1_118' title='bbox 370 1953 508 2014; x_wconf 84' lang='lat' dir='ltr'>Silvestri</span> <span class='ocrx_word' id='word_1_119' title='bbox 527 1973 592 2033; x_wconf 18' lang='lat' dir='ltr'>&#39;non</span> <span class='ocrx_word' id='word_1_120' title='bbox 616 1952 710 2012; x_wconf 87' lang='lat' dir='ltr'>fuisse</span> <span class='ocrx_word' id='word_1_121' title='bbox 728 1953 795 2011; x_wconf 92' lang='lat' dir='ltr'>aliis</span> <span class='ocrx_word' id='word_1_122' title='bbox 817 1954 1028 2032; x_wconf 83' lang='lat' dir='ltr'>superiorem,</span> <span class='ocrx_word' id='word_1_123' title='bbox 1057 1951 1132 2030; x_wconf 89' lang='lat' dir='ltr'>quod</span> <span class='ocrx_word' id='word_1_124' title='bbox 1147 1953 1168 2010; x_wconf 91' lang='lat' dir='ltr'>in</span> 
     </span>
     <span class='ocr_line' id='line_1_20' title="bbox 272 2036 1169 2115; baseline -0.003 -20"><span class='ocrx_word' id='word_1_125' title='bbox 272 2036 473 2096; x_wconf 87' lang='lat' dir='ltr'>oouolusioue</span> <span class='ocrx_word' id='word_1_126' title='bbox 505 2054 575 2096; x_wconf 89' lang='lat' dir='ltr'>mea</span> <span class='ocrx_word' id='word_1_127' title='bbox 611 2055 714 2115; x_wconf 84' lang='lat' dir='ltr'>nego,</span> <span class='ocrx_word' id='word_1_128' title='bbox 751 2041 855 2094; x_wconf 89' lang='lat' dir='ltr'>tamen</span> <span class='ocrx_word' id='word_1_129' title='bbox 876 2036 997 2113; x_wconf 85' lang='lat' dir='ltr'>fateor,</span> <span class='ocrx_word' id='word_1_130' title='bbox 1032 2036 1169 2114; x_wconf 87' lang='lat' dir='ltr'>primatum</span> 
     </span>
     <span class='ocr_line' id='line_1_21' title="bbox 271 2116 1169 2198; baseline -0.006 -19"><span class='ocrx_word' id='word_1_131' title='bbox 271 2118 361 2181; x_wconf 79' lang='lat' dir='ltr'>Rom.</span> <span class='ocrx_word' id='word_1_132' title='bbox 384 2117 541 2178; x_wconf 85' lang='lat' dir='ltr'>Pontifiois</span> <span class='ocrx_word' id='word_1_133' title='bbox 564 2137 632 2177; x_wconf 87' lang='lat' dir='ltr'>esse</span> <span class='ocrx_word' id='word_1_134' title='bbox 655 2118 693 2177; x_wconf 90' lang='lat' dir='ltr'>de</span> <span class='ocrx_word' id='word_1_135' title='bbox 715 2120 780 2177; x_wconf 91' lang='lat' dir='ltr'>iure</span> <span class='ocrx_word' id='word_1_136' title='bbox 792 2117 908 2198; x_wconf 81' lang='lat' dir='ltr'>divino,</span> <span class='ocrx_word' id='word_1_137' title='bbox 929 2116 1095 2177; x_wconf 86' lang='lat' dir='ltr'>seeundum</span> <span class='ocrx_word' id='word_1_138' title='bbox 1116 2116 1169 2176; x_wconf 90' lang='lat' dir='ltr'>alle·</span> 
     </span>
     <span class='ocr_line' id='line_1_22' title="bbox 271 2207 501 2280; baseline 0.004 -20"><span class='ocrx_word' id='word_1_139' title='bbox 271 2207 344 2280; x_wconf 85' lang='lat' dir='ltr'>gata</span> <span class='ocrx_word' id='word_1_140' title='bbox 366 2220 501 2280; x_wconf 80' lang='lat' dir='ltr'>perine.</span> 
     </span>
    </p>

    <p class='ocr_par' dir='ltr' id='par_1_6' title="bbox 271 2280 1216 3350">
     <span class='ocr_line' id='line_1_23' title="bbox 354 2280 1216 2361; baseline -0.005 -18"><span class='ocrx_word' id='word_1_141' title='bbox 354 2284 473 2343; x_wconf 86' lang='lat' dir='ltr'>Deinde</span> <span class='ocrx_word' id='word_1_142' title='bbox 494 2282 711 2361; x_wconf 86' lang='lat' dir='ltr'>reprobaturus</span> <span class='ocrx_word' id='word_1_143' title='bbox 726 2281 911 2342; x_wconf 89' lang='lat' dir='ltr'>solutionem</span> <span class='ocrx_word' id='word_1_144' title='bbox 925 2282 1008 2359; x_wconf 81' lang='lat' dir='ltr'>dioit,</span> <span class='ocrx_word' id='word_1_145' title='bbox 1027 2280 1169 2340; x_wconf 89' lang='lat' dir='ltr'>distinotio-</span> <span class='ocrx_word' id='word_1_146' title='bbox 1215 2325 1216 2329; x_wconf 65' lang='lat'>,</span> 
     </span>
     <span class='ocr_line' id='line_1_24' title="bbox 272 2364 1169 2443; baseline -0.006 -17"><span class='ocrx_word' id='word_1_147' title='bbox 272 2385 342 2426; x_wconf 90' lang='lat' dir='ltr'>nem</span> <span class='ocrx_word' id='word_1_148' title='bbox 365 2387 464 2426; x_wconf 88' lang='lat' dir='ltr'>meam</span> <span class='ocrx_word' id='word_1_149' title='bbox 486 2365 622 2426; x_wconf 90' lang='lat' dir='ltr'>humano</span> <span class='ocrx_word' id='word_1_150' title='bbox 651 2364 776 2425; x_wconf 88' lang='lat' dir='ltr'>arbitrio</span> <span class='ocrx_word' id='word_1_151' title='bbox 798 2366 976 2443; x_wconf 81' lang='lat' dir='ltr'>inventam,</span> <span class='ocrx_word' id='word_1_152' title='bbox 1013 2365 1096 2442; x_wconf 88' lang='lat' dir='ltr'>quasi</span> <span class='ocrx_word' id='word_1_153' title='bbox 1125 2381 1169 2422; x_wconf 92' lang='lat' dir='ltr'>non</span> 
     </span>
     <span class='ocr_line' id='line_1_25' title="bbox 273 2446 1170 2528; baseline -0.006 -20"><span class='ocrx_word' id='word_1_154' title='bbox 273 2448 364 2508; x_wconf 88' lang='lat' dir='ltr'>lioeat</span> <span class='ocrx_word' id='word_1_155' title='bbox 385 2451 415 2509; x_wconf 94' lang='lat' dir='ltr'>in</span> <span class='ocrx_word' id='word_1_156' title='bbox 451 2449 610 2528; x_wconf 86' lang='lat' dir='ltr'>theologia</span> <span class='ocrx_word' id='word_1_157' title='bbox 631 2447 838 2528; x_wconf 83' lang='lat' dir='ltr'>distinguere,</span> <span class='ocrx_word' id='word_1_158' title='bbox 875 2448 953 2507; x_wconf 90' lang='lat' dir='ltr'>siout</span> <span class='ocrx_word' id='word_1_159' title='bbox 975 2447 1066 2528; x_wconf 81' lang='lat' dir='ltr'>Arius</span> <span class='ocrx_word' id='word_1_160' title='bbox 1096 2446 1170 2506; x_wconf 90' lang='lat' dir='ltr'>voluit</span> 
     </span>
     <span class='ocr_line' id='line_1_26' title="bbox 274 2526 1168 2608; baseline -0.003 -19"><span class='ocrx_word' id='word_1_161' title='bbox 274 2529 473 2591; x_wconf 80' lang='lat' dir='ltr'>Athanasium</span> <span class='ocrx_word' id='word_1_162' title='bbox 496 2530 665 2608; x_wconf 80' lang='lat' dir='ltr'>irridendo,</span> <span class='ocrx_word' id='word_1_163' title='bbox 703 2550 773 2589; x_wconf 89' lang='lat' dir='ltr'>uam</span> <span class='ocrx_word' id='word_1_164' title='bbox 794 2531 883 2588; x_wconf 89' lang='lat' dir='ltr'>nimis</span> <span class='ocrx_word' id='word_1_165' title='bbox 906 2530 1015 2590; x_wconf 86' lang='lat' dir='ltr'>literae</span> <span class='ocrx_word' id='word_1_166' title='bbox 1037 2537 1124 2589; x_wconf 86' lang='lat' dir='ltr'>tenax</span> <span class='ocrx_word' id='word_1_167' title='bbox 1138 2526 1168 2586; x_wconf 87' lang='lat' dir='ltr'>di-</span> 
     </span>
     <span class='ocr_line' id='line_1_27' title="bbox 272 2612 1171 2692; baseline -0.001 -21"><span class='ocrx_word' id='word_1_168' title='bbox 272 2613 318 2671; x_wconf 85' lang='lat' dir='ltr'>xit</span> <span class='ocrx_word' id='word_1_169' title='bbox 338 2613 445 2672; x_wconf 88' lang='lat' dir='ltr'>Filium</span> <span class='ocrx_word' id='word_1_170' title='bbox 469 2635 537 2675; x_wconf 88' lang='lat' dir='ltr'>esse</span> <span class='ocrx_word' id='word_1_171' title='bbox 559 2621 752 2690; x_wconf 85' lang='lat' dir='ltr'>ereaturam,</span> <span class='ocrx_word' id='word_1_172' title='bbox 785 2632 840 2692; x_wconf 84' lang='lat' dir='ltr'>per·</span> <span class='ocrx_word' id='word_1_173' title='bbox 860 2612 952 2672; x_wconf 92' lang='lat' dir='ltr'>illud:</span> <span class='ocrx_word' id='word_1_174' title='bbox 984 2612 1075 2671; x_wconf 89' lang='lat' dir='ltr'>Pater</span> <span class='ocrx_word' id='word_1_175' title='bbox 1095 2612 1171 2670; x_wconf 86' lang='lat' dir='ltr'>maior</span> 
     </span>
     <span class='ocr_line' id='line_1_28' title="bbox 275 2693 1216 2776; baseline -0.001 -23"><span class='ocrx_word' id='word_1_176' title='bbox 275 2715 323 2754; x_wconf 92' lang='lat' dir='ltr'>rne</span> <span class='ocrx_word' id='word_1_177' title='bbox 347 2703 394 2754; x_wconf 91' lang='lat' dir='ltr'>est</span> <span class='ocrx_word' id='word_1_178' title='bbox 417 2697 463 2770; x_wconf 85' lang='lat'>*).</span> <span class='ocrx_word' id='word_1_179' title='bbox 499 2696 589 2771; x_wconf 81' lang='lat' dir='ltr'>Quod</span> <span class='ocrx_word' id='word_1_180' title='bbox 614 2696 733 2756; x_wconf 89' lang='lat' dir='ltr'>diluens</span> <span class='ocrx_word' id='word_1_181' title='bbox 756 2696 942 2755; x_wconf 87' lang='lat' dir='ltr'>Athanasius</span> <span class='ocrx_word' id='word_1_182' title='bbox 965 2693 1170 2776; x_wconf 83' lang='lat' dir='ltr'>distinguendo,</span> <span class='ocrx_word' id='word_1_183' title='bbox 1213 2714 1216 2773; x_wconf 60' lang='grc' dir='ltr'>ξ</span> 
     </span>
     <span class='ocr_line' id='line_1_29' title="bbox 271 2777 1216 2857; baseline -0.004 -20"><span class='ocrx_word' id='word_1_184' title='bbox 271 2777 1169 2857; x_wconf 75' lang='lat' dir='ltr'>Patermaiornreest,seeundumhumauitatem,nouseouu·</span> <span class='ocrx_word' id='word_1_185' title='bbox 1203 2804 1216 2811; x_wconf 93' lang='lat'>-</span> 
     </span>
     <span class='ocr_line' id='line_1_30' title="bbox 272 2858 1216 2940; baseline -0.006 -20"><span class='ocrx_word' id='word_1_186' title='bbox 272 2859 342 2920; x_wconf 85' lang='lat' dir='ltr'>dum</span> <span class='ocrx_word' id='word_1_187' title='bbox 357 2860 558 2938; x_wconf 87' lang='lat' dir='ltr'>divinitatem,</span> <span class='ocrx_word' id='word_1_188' title='bbox 579 2863 650 2940; x_wconf 90' lang='lat' dir='ltr'>quia</span> <span class='ocrx_word' id='word_1_189' title='bbox 663 2881 768 2921; x_wconf 87' lang='lat' dir='ltr'>saoras</span> <span class='ocrx_word' id='word_1_190' title='bbox 782 2861 952 2940; x_wconf 83' lang='lat' dir='ltr'>Scripturas</span> <span class='ocrx_word' id='word_1_191' title='bbox 971 2880 1034 2922; x_wconf 92' lang='lat' dir='ltr'>non</span> <span class='ocrx_word' id='word_1_192' title='bbox 1057 2858 1171 2920; x_wconf 87' lang='lat' dir='ltr'>distinxit</span> <span class='ocrx_word' id='word_1_193' title='bbox 1213 2888 1216 2915; x_wconf 67' lang='lat' dir='ltr'>r</span> 
     </span>
     <span class='ocr_line' id='line_1_31' title="bbox 272 2944 1170 3023; baseline -0.004 -20"><span class='ocrx_word' id='word_1_194' title='bbox 272 2944 372 3018; x_wconf 80' lang='lat' dir='ltr'>Arius,</span> <span class='ocrx_word' id='word_1_195' title='bbox 384 2963 450 3002; x_wconf 87' lang='lat' dir='ltr'>earn</span> <span class='ocrx_word' id='word_1_196' title='bbox 460 2945 653 3023; x_wconf 72' lang='lat' dir='ltr'>nonreoepit</span> <span class='ocrx_word' id='word_1_197' title='bbox 668 2945 788 3004; x_wconf 87' lang='lat' dir='ltr'>etitain</span> <span class='ocrx_word' id='word_1_198' title='bbox 797 2945 1170 3023; x_wconf 78' lang='lat' dir='ltr'>err-erepentinaoitermau-</span> 
     </span>
     <span class='ocr_line' id='line_1_32' title="bbox 273 3022 1216 3106; baseline -0.004 -20"><span class='ocrx_word' id='word_1_199' title='bbox 273 3027 320 3087; x_wconf 92' lang='lat' dir='ltr'>sit.</span> <span class='ocrx_word' id='word_1_200' title='bbox 342 3026 393 3087; x_wconf 83' lang='lat' dir='ltr'>Sis</span> <span class='ocrx_word' id='word_1_201' title='bbox 410 3028 639 3105; x_wconf 87' lang='lat' dir='ltr'>inpraesentia,</span> <span class='ocrx_word' id='word_1_202' title='bbox 664 3047 732 3086; x_wconf 89' lang='lat' dir='ltr'>oum</span> <span class='ocrx_word' id='word_1_203' title='bbox 748 3028 799 3106; x_wconf 89' lang='lat' dir='ltr'>qui</span> <span class='ocrx_word' id='word_1_204' title='bbox 815 3027 970 3087; x_wconf 90' lang='lat' dir='ltr'>eluoidant</span> <span class='ocrx_word' id='word_1_205' title='bbox 987 3045 1102 3087; x_wconf 86' lang='lat' dir='ltr'>sauram</span> <span class='ocrx_word' id='word_1_206' title='bbox 1114 3023 1172 3085; x_wconf 78' lang='lat' dir='ltr'>Sori-</span> <span class='ocrx_word' id='word_1_207' title='bbox 1197 3022 1216 3105; x_wconf 38' lang='lat' dir='ltr'><em>J</em></span> 
     </span>
     <span class='ocr_line' id='line_1_33' title="bbox 273 3106 1170 3189; baseline 0.002 -22"><span class='ocrx_word' id='word_1_208' title='bbox 273 3116 389 3188; x_wconf 81' lang='lat' dir='ltr'>pturam</span> <span class='ocrx_word' id='word_1_209' title='bbox 398 3112 490 3168; x_wconf 89' lang='lat' dir='ltr'>vitam</span> <span class='ocrx_word' id='word_1_210' title='bbox 499 3117 654 3170; x_wconf 89' lang='lat' dir='ltr'>aeternam</span> <span class='ocrx_word' id='word_1_211' title='bbox 664 3110 829 3171; x_wconf 89' lang='lat' dir='ltr'>habebunt.</span> <span class='ocrx_word' id='word_1_212' title='bbox 843 3110 989 3170; x_wconf 85' lang='lat' dir='ltr'>Diversus</span> <span class='ocrx_word' id='word_1_213' title='bbox 1001 3106 1170 3189; x_wconf 80' lang='lat' dir='ltr'>passusSou&#39;·</span> 
     </span>
     <span class='ocr_line' id='line_1_34' title="bbox 273 3191 1170 3272; baseline -0.007 -21"><span class='ocrx_word' id='word_1_214' title='bbox 273 3198 380 3272; x_wconf 88' lang='lat' dir='ltr'>pturae</span> <span class='ocrx_word' id='word_1_215' title='bbox 403 3191 611 3268; x_wconf 76' lang='lat' dir='ltr'>conferendo,</span> <span class='ocrx_word' id='word_1_216' title='bbox 640 3213 678 3252; x_wconf 92' lang='lat' dir='ltr'>ne</span> <span class='ocrx_word' id='word_1_217' title='bbox 701 3195 731 3251; x_wconf 94' lang='lat' dir='ltr'>in</span> <span class='ocrx_word' id='word_1_218' title='bbox 754 3194 849 3253; x_wconf 89' lang='lat' dir='ltr'>saeris</span> <span class='ocrx_word' id='word_1_219' title='bbox 873 3193 968 3253; x_wconf 91' lang='lat' dir='ltr'>literis</span> <span class='ocrx_word' id='word_1_220' title='bbox 991 3193 1170 3253; x_wconf 81' lang='lat' dir='ltr'>contrarietas</span> 
     </span>
     <span class='ocr_line' id='line_1_35' title="bbox 271 3270 1169 3350; baseline -0.001 -18"><span class='ocrx_word' id='word_1_221' title='bbox 271 3273 467 3349; x_wconf 81' lang='lat' dir='ltr'>admittatur,</span> <span class='ocrx_word' id='word_1_222' title='bbox 492 3274 704 3336; x_wconf 80' lang='lat' dir='ltr'>distinctiones</span> <span class='ocrx_word' id='word_1_223' title='bbox 727 3276 846 3335; x_wconf 88' lang='lat' dir='ltr'>dandae</span> <span class='ocrx_word' id='word_1_224' title='bbox 865 3272 944 3350; x_wconf 71' lang='lat' dir='ltr'>tunt,</span> <span class='ocrx_word' id='word_1_225' title='bbox 968 3295 1008 3334; x_wconf 90' lang='lat' dir='ltr'>ne</span> <span class='ocrx_word' id='word_1_226' title='bbox 1034 3275 1062 3349; x_wconf 70' lang='grc' dir='ltr'>Ι)</span> <span class='ocrx_word' id='word_1_227' title='bbox 1084 3270 1169 3333; x_wconf 81' lang='lat' dir='ltr'>lite&#39;rae</span> 
     </span>
    </p>
   </div>
   <div class='ocr_carea' id='block_1_3' title="bbox 163 3353 1170 3437">
    <p class='ocr_par' dir='ltr' id='par_1_7' title="bbox 163 3353 1170 3437">
     <span class='ocr_line' id='line_1_36' title="bbox 163 3353 1170 3437; baseline -0.005 -21"><span class='ocrx_word' id='word_1_228' title='bbox 163 3367 174 3396; x_wconf 75' lang='lat'><em>³</em></span> <span class='ocrx_word' id='word_1_229' title='bbox 272 3357 360 3417; x_wconf 88' lang='lat' dir='ltr'>nimis</span> <span class='ocrx_word' id='word_1_230' title='bbox 384 3365 475 3416; x_wconf 86' lang='lat' dir='ltr'>tenax</span> <span class='ocrx_word' id='word_1_231' title='bbox 499 3358 666 3435; x_wconf 81' lang='lat' dir='ltr'>oooidatur,</span> <span class='ocrx_word' id='word_1_232' title='bbox 688 3358 741 3418; x_wconf 92' lang='lat' dir='ltr'>sed</span> <span class='ocrx_word' id='word_1_233' title='bbox 766 3360 862 3437; x_wconf 85' lang='lat' dir='ltr'>magis</span> <span class='ocrx_word' id='word_1_234' title='bbox 884 3377 903 3416; x_wconf 92' lang='lat' dir='ltr'>a</span> <span class='ocrx_word' id='word_1_235' title='bbox 924 3357 1038 3436; x_wconf 83' lang='lat' dir='ltr'>Spiritu</span> <span class='ocrx_word' id='word_1_236' title='bbox 1061 3353 1170 3415; x_wconf 78' lang='lat' dir='ltr'>vivifice·</span> 
     </span>
    </p>
   </div>
   <div class='ocr_carea' id='block_1_4' title="bbox 271 3436 1170 3609">
    <p class='ocr_par' dir='ltr' id='par_1_8' title="bbox 271 3436 1170 3609">
     <span class='ocr_line' id='line_1_37' title="bbox 271 3436 1169 3520; baseline -0.006 -23"><span class='ocrx_word' id='word_1_237' title='bbox 271 3445 328 3498; x_wconf 86' lang='lat' dir='ltr'>tur.</span> <span class='ocrx_word' id='word_1_238' title='bbox 353 3439 393 3499; x_wconf 80' lang='lat' dir='ltr'>Et</span> <span class='ocrx_word' id='word_1_239' title='bbox 414 3440 486 3517; x_wconf 91' lang='lat' dir='ltr'>quia</span> <span class='ocrx_word' id='word_1_240' title='bbox 496 3440 603 3500; x_wconf 87' lang='lat' dir='ltr'>Petrus</span> <span class='ocrx_word' id='word_1_241' title='bbox 626 3441 692 3501; x_wconf 87' lang='lat' dir='ltr'>aliis</span> <span class='ocrx_word' id='word_1_242' title='bbox 718 3442 888 3519; x_wconf 84' lang='lat' dir='ltr'>praefertur</span> <span class='ocrx_word' id='word_1_243' title='bbox 909 3442 1033 3520; x_wconf 89' lang='lat' dir='ltr'>saepius</span> <span class='ocrx_word' id='word_1_244' title='bbox 1054 3436 1169 3498; x_wconf 84' lang='lat' dir='ltr'>iusseris</span> 
     </span>
     <span class='ocr_line' id='line_1_38' title="bbox 272 3519 1170 3609; baseline -0.002 -29"><span class='ocrx_word' id='word_1_245' title='bbox 272 3519 460 3599; x_wconf 72' lang='lat' dir='ltr'>Scriptura,</span> <span class='ocrx_word' id='word_1_246' title='bbox 485 3542 578 3603; x_wconf 90' lang='lat' dir='ltr'>saepe</span> <span class='ocrx_word' id='word_1_247' title='bbox 603 3525 646 3583; x_wconf 91' lang='lat' dir='ltr'>eis</span> <span class='ocrx_word' id='word_1_248' title='bbox 670 3525 808 3602; x_wconf 91' lang='lat' dir='ltr'>aequalis</span> <span class='ocrx_word' id='word_1_249' title='bbox 829 3524 989 3609; x_wconf 75' lang='lat' dir='ltr'>reperitur,</span> <span class='ocrx_word' id='word_1_250' title='bbox 1012 3523 1050 3583; x_wconf 91' lang='lat' dir='ltr'>ad</span> <span class='ocrx_word' id='word_1_251' title='bbox 1073 3527 1170 3581; x_wconf 85' lang='lat' dir='ltr'>eontra·</span> 
     </span>
    </p>
   </div>
   <div class='ocr_carea' id='block_1_5' title="bbox 288 3678 707 3687">
    <p class='ocr_par' dir='ltr' id='par_1_9' title="bbox 288 3678 707 3687">
     <span class='ocr_line' id='line_1_39' title="bbox 288 3678 707 3687; baseline 0.002 -3"><span class='ocrx_word' id='word_1_252' title='bbox 288 3678 458 3685; x_wconf 71' lang='grc'>-..-----</span> <span class='ocrx_word' id='word_1_253' title='bbox 648 3682 707 3687; x_wconf 74' lang='grc'><em>,,....</em></span> 
     </span>
    </p>
   </div>
   <div class='ocr_carea' id='block_1_6' title="bbox 306 3744 1134 3945">
    <p class='ocr_par' dir='ltr' id='par_1_10' title="bbox 306 3744 1134 3945">
     <span class='ocr_line' id='line_1_40' title="bbox 306 3744 1134 3853; baseline -0.025 -14"><span class='ocrx_word' id='word_1_254' title='bbox 306 3783 347 3852; x_wconf 75' lang='lat' dir='ltr'>l)</span> <span class='ocrx_word' id='word_1_255' title='bbox 370 3785 401 3838; x_wconf 85' lang='lat' dir='ltr'>ln</span> <span class='ocrx_word' id='word_1_256' title='bbox 424 3786 471 3840; x_wconf 86' lang='lat' dir='ltr'>ed.</span> <span class='ocrx_word' id='word_1_257' title='bbox 490 3788 556 3843; x_wconf 87' lang='lat' dir='ltr'>Jen.</span> <span class='ocrx_word' id='word_1_258' title='bbox 578 3791 608 3839; x_wconf 85' lang='lat' dir='ltr'>et</span> <span class='ocrx_word' id='word_1_259' title='bbox 628 3767 708 3853; x_wconf 80' lang='lat' dir='ltr'>apud</span> <span class='ocrx_word' id='word_1_260' title='bbox 723 3779 893 3834; x_wconf 62' lang='lat' dir='ltr'>lioesoliere.</span> <span class='ocrx_word' id='word_1_261' title='bbox 914 3744 1067 3824; x_wconf 69' lang='lat' dir='ltr'>utliteuae</span> <span class='ocrx_word' id='word_1_262' title='bbox 1083 3778 1134 3820; x_wconf 66' lang='lat' dir='ltr'>ete.</span> 
     </span>
     <span class='ocr_line' id='line_1_41' title="bbox 306 3874 552 3945; baseline -0.004 -12"><span class='ocrx_word' id='word_1_263' title='bbox 306 3877 338 3945; x_wconf 67' lang='lat' dir='ltr'>*j</span> <span class='ocrx_word' id='word_1_264' title='bbox 362 3874 477 3936; x_wconf 79' lang='lat' dir='ltr'>dohan.</span> <span class='ocrx_word' id='word_1_265' title='bbox 503 3879 552 3934; x_wconf 80' lang='lat'>14.</span> 
     </span>
    </p>
   </div>
   <div class='ocr_carea' id='block_1_7' title="bbox 0 0 1360 4417">
    <p class='ocr_par' dir='ltr' id='par_1_11' title="bbox 0 0 1360 4417">
     <span class='ocr_line' id='line_1_42' title="bbox 0 0 1360 4417; baseline 0 0"><span class='ocrx_word' id='word_1_266' title='bbox 0 0 1360 4417; x_wconf 95' lang='lat' dir='ltr'> </span> 
     </span>
    </p>
   </div>
  </div>
 </body>
</html>
