2709 4417
260 356 324 426 374
500 310 599 415 Rasol.
617 359 646 415 h
665 372 749 430 snper
766 358 966 429 Propositlons

261 547 439 611 veneranda
459 549 605 608 sanshtas
632 554 749 624 vestra,
779 567 836 626 per
855 554 997 609 sanctam
1020 546 1162 610 Chalcedo

262 649 390 694 nensem
414 630 582 710 synodum,
614 629 751 710 pontiflci
779 629 863 690 sedis
893 629 1086 711 apostolicae
1114 636 1164 706 (coi

262 716 330 776 Deo
352 713 536 793 disponente
557 713 717 790 deservio)
749 713 811 774 hoc
837 714 1046 774 universitatis
1072 733 1164 776 nomen

263 797 400 859 oblatum
429 803 485 857 est.
529 796 588 858 Sed
621 795 722 856 nullos
750 815 883 874 unquam
915 795 1165 878 praedecessomm

264 892 401 941 meorum
432 878 494 940 hoc
527 886 589 939 tum
618 878 748 959 profano
771 879 926 940 vocabulo
956 881 1001 939 uti
1024 883 1166 956 consensit

263 964 334 1043 quia
355 959 508 1037 videlicet,
530 963 555 1022 si
578 980 656 1021 unus
677 961 850 1042 patriarcha
862 961 1048 1022 universalis
1070 962 1166 1041 dieitur,

277 1112 280 1117 p
304 1044 500 1105 biarchorum
530 1063 643 1105 noman
675 1045 785 1105 ceteris
807 1043 983 1126 derogatur.
1028 1043 1086 1106 sed
1105 1045 1168 1107 obsit

285 1144 324 1203 oe
344 1145 363 1187 a
382 1126 554 1187 Christiana
575 1133 689 1202 mente,
710 1127 742 1187 id
764 1127 820 1188 sihi
842 1128 925 1188 velle
947 1129 1116 1208 quempiam
1134 1149 1168 1188 ar-

263 1212 380 1290 ripere,
412 1209 493 1269 unde
522 1209 645 1270 fratrum
676 1229 800 1270 suorum
829 1210 982 1272 honorem
1009 1212 1198 1272 imminuere.

264 1312 303 1354 ex
327 1293 593 1372 quantulacunque
615 1301 702 1372 parte
722 1293 870 1354 videatur.
918 1291 999 1376 [Sed
1022 1313 1132 1366 nonne,
1150 1296 1170 1354 si
1210 1304 1212 1369 l

266 1377 312 1435 ins
335 1374 470 1435 divinum
493 1383 541 1435 est
561 1377 708 1456 primatus
722 1377 834 1455 Papae,
856 1383 919 1436 tam
943 1378 1003 1456 ipsi
1025 1376 1171 1456 pontifices
1210 1372 1212 1437 l

264 1459 397 1519 Romani
411 1458 698 1536 haeretioifuerunt‚
721 1478 812 1538 quam
825 1460 1007 1519 concilium:
1029 1459 1082 1535 illi,
1104 1460 1170 1537 quod
1211 1510 1212 1539 p

263 1543 311 1601 ius
333 1540 466 1600 divinum
490 1560 552 1601 nou
574 1548 816 1621 assumpserunt,
838 1542 893 1602 ssd
919 1541 1172 1614 conculcaverunt
1211 1544 1212 1563 ³

263 1623 334 1700 hcc,
356 1621 570 1701 quodobtulit,
592 1642 671 1702 quae
693 1632 861 1684 nouerant
882 1625 929 1684 sui
951 1626 1025 1684 iuris
1048 1623 1169 1706 offerre]

348 1704 387 1765 Et
406 1706 484 1766 iufra
505 1706 544 1767 de
562 1706 687 1767 eodem:
703 1707 854 1768 Universa
877 1714 975 1768 tentat
997 1706 1055 1767 sibi
1076 1707 1171 1768 adscri-

265 1790 347 1867 bere,
369 1795 400 1848 et
422 1790 526 1849 omnia
551 1787 742 1872 [membra],
767 1810 845 1868 quae
868 1790 926 1850 soli
949 1791 1002 1850 uni
1025 1790 1114 1870 capiti
1133 1808 1172 1850 eo

267 1871 396 1931 haerent
427 1871 588 1948 (videlicet
615 1872 768 1947 Christo),
790 1892 847 1953 per
873 1873 1042 1933 elationem
1063 1891 1172 1952 pompa

268 1955 320 2014 tici
339 1956 499 2032 sermonis,
522 1954 657 2015 eiusdem
679 1955 789 2016 Christi
811 1955 868 2016 sibi
889 1955 994 2016 studet
1016 1955 1172 2036 subiugata

266 2035 415 2115 Obsecro,
439 2036 510 2117 quid
533 2045 715 2116 mereretur,
738 2039 788 2116 qui
809 2038 902 2099 hodie
924 2040 969 2097 sic
991 2037 1173 2116 loqueretur?

266 2118 318 2178 hio
345 2119 511 2200 Gregorius
538 2121 696 2181 Romanus
728 2122 866 2200 pontifex
898 2123 1092 2200 persequitur
1122 2125 1173 2180 tan·

266 2220 359 2280 quam
381 2203 551 2281 profanum,
575 2203 658 2282 quod
681 2205 777 2264 nostri
800 2210 947 2280 statuunt,
969 2205 1059 2285 quasi
1082 2204 1120 2262 sit
1138 2205 1175 2262 ius

266 2284 413 2347 divinum.

347 2366 387 2427 Et
407 2367 537 2447 Epistol.
555 2369 602 2432 38.
627 2368 665 2428 ad
688 2369 853 2449 ipsummet
876 2368 1047 2429 Iohannem
1071 2370 1174 2449 episco-

264 2469 336 2529 pum
360 2450 517 2529 praedicta
542 2451 656 2512 iterans
680 2459 712 2511 et
733 2453 889 2532 copiosius
913 2451 1073 2531 explicans
1095 2450 1173 2510 dicit:

265 2533 355 2594 Certe
364 2532 475 2593 Paulus
494 2534 664 2611 apostolus,
687 2553 754 2594 cum
769 2534 888 2594 audiret
901 2533 1052 2612 quosdam
1070 2534 1175 2594 dicere:

263 2615 331 2693 Ego
354 2635 420 2674 sum
443 2616 538 2694 Pauli,
561 2636 620 2696 ego
644 2617 770 2697 Apollo,
792 2636 851 2697 ego
874 2636 948 2676 vero
968 2616 1085 2697 Cepha,
1106 2617 1175 2676 hanc

264 2697 514 2759 dilacerationem
538 2701 674 2779 corporis
697 2699 858 2776 dominici,
894 2718 949 2778 per
977 2718 1069 2778 quam
1094 2719 1174 2758 meur·

264 2780 319 2840 bra
345 2782 410 2840 eius
434 2781 501 2841 aliis
530 2801 563 2842 se
591 2783 741 2862 capitibus
764 2780 993 2861 quodammodo
1017 2782 1175 2855 sociabant,

263 2863 531 2924 vehementissime
564 2866 800 2944 perhorrescens
823 2865 1008 2924 exclamavit
1035 2872 1067 2924 et
1094 2864 1175 2923 dixit:

262 2945 416 3025 Numquid
439 2947 549 3006 Paulus
579 2967 635 3029 pro
670 2949 757 3009 vobis
781 2946 943 3008 crucifixus
976 2947 1048 3007 est?
1076 2947 1175 3007 autin

263 3029 348 3088 Pauli
370 3030 495 3089 nomine
518 3030 660 3108 baptisati
683 3031 780 3091 estis?
825 3029 855 3090 si
877 3049 951 3109 ergo
973 3029 1028 3089 ille
1050 3029 1177 3090 membru

264 3111 408 3172 dominici
437 3115 573 3192 corporis
603 3114 692 3174 certis
727 3120 813 3174 extra
837 3112 989 3172 Christum
1029 3113 1115 3192 quasi
1135 3130 1176 3171 cs·

263 3194 375 3273 pitibus
403 3203 433 3253 et
456 3196 529 3274 ipsis
551 3195 672 3275 quidem
696 3196 844 3276 apostolis
867 3195 974 3255 subiici
996 3195 1176 3274 particulari·

203 3335 209 3344 ,
263 3285 309 3336 ter
341 3277 482 3336 evitavit:
517 3284 564 3353 tu,
596 3278 667 3358 quid
698 3276 821 3340 Christo
849 3278 1033 3338 universalis
1060 3287 1177 3337 sancus

262 3359 423 3418 Ecclesiae
446 3361 538 3439 capiti
565 3363 595 3422 in
624 3364 753 3422 extremi
775 3360 877 3422 iudicii
899 3380 933 3420 es
956 3359 1093 3420 dicturus
1115 3379 1176 3420 exa

264 3444 355 3518 mine,
378 3443 427 3520 qui
451 3449 560 3504 cuncta
582 3446 646 3505 eius
670 3444 808 3506 membra
828 3443 948 3505 tibimet
969 3444 1093 3504 conaris
1114 3443 1176 3504 Uni·

263 3526 389 3584 versalis
429 3526 638 3605 appellatione
671 3527 866 3608 supponere?
924 3523 984 3608 [At
1017 3545 1122 3587 nonne
1151 3531 1177 3585 st

262 3607 322 3668 hoo
344 3626 463 3668 summo
486 3609 600 3689 impetu
623 3612 749 3690 faciunt,
771 3617 803 3670 et
825 3617 984 3687 conantur,
1009 3609 1175 3691 oGregori,

263 3691 305 3750 tui
329 3691 563 3777 successores‘l]
940 3737 945 3743 -

240 3780 254 3814 *
340 3775 382 3839 Et
403 3775 505 3853 infra,
528 3783 615 3840 certo
632 3775 747 3836 Petrus
766 3772 930 3854 apostolus
946 3774 1083 3848 primum
1096 3792 1182 3829 mam-

250 3861 344 3929 br'cm
367 3870 509 3928 sanctae
535 3869 572 3928 et
599 3855 794 3923 uniuersalis
821 3851 981 3913 scotasse
996 3848 1213 3920 estem&
