2709 4417
406 368 444 422 da
464 370 644 425 §aeramento
662 371 802 440 baptismi.
968 354 1074 435 0805

207 560 239 613 et
262 553 456 635 demergatur
483 576 559 636 puer
586 557 617 616 in
655 575 766 635 aquam
796 563 827 617 et
857 575 958 617 rursus
982 562 1074 617 retra·

199 644 250 698 tur.
596 645 600 661 '
1030 659 1034 666 ·

234 719 356 798 Tertio,
385 721 483 803 figura
504 742 559 782 seu
580 721 764 802 signitioatio
787 721 930 801 baptismi
958 741 996 782 ea
1016 728 1075 800 est,

207 801 429 865 mortificentur
449 807 548 885 primo
572 812 714 889 pennata,
736 812 807 884 post
829 811 862 865 ut
881 820 1074 886 resurgamus

199 905 206 942 r
228 887 359 965 gratiam
381 888 460 965 Dei,
488 894 522 948 ut
549 894 636 948 vetus
658 888 777 963 homo,
804 889 855 968 qui
885 888 1074 968 inponentis

199 976 322 1046 rneptus
345 975 376 1029 et
398 970 498 1032 editus
512 977 567 1048 est,
590 976 674 1031 totus
696 969 908 1050 demergatur,
932 977 963 1031 et
984 970 1074 1050 prod·

199 1069 204 1108 3
227 1070 326 1111 novus
348 1052 452 1130 homo,
474 1060 598 1115 renatus
619 1054 824 1134 pergratiam
847 1053 914 1114 Dei.

236 1133 287 1193 Sin
316 1135 346 1196 S.
379 1136 489 1197 Paulus
518 1136 556 1197 ad
578 1137 678 1197 litum
709 1140 738 1200 3.
771 1142 863 1197 vooat
889 1135 1073 1216 baptismum

199 1235 309 1276 aarum
344 1221 586 1299 regenerationis
618 1239 655 1279 ao
683 1220 909 1296 renovationis,
938 1219 1021 1298 quod
1042 1220 1074 1279 in

214 1298 341 1360 lavaero
363 1319 580 1383 regeneremur
601 1311 632 1362 et
653 1322 847 1363 renovemur.
871 1300 923 1363 Sin
936 1301 1074 1362 Christus

199 1399 276 1458 oque
299 1383 408 1447 Johan.
433 1388 460 1450 3.
484 1385 573 1467 dinit:
602 1385 667 1445 Nisi
690 1387 757 1465 quis
779 1392 902 1446 renatus
924 1385 1014 1446 fuerit
1035 1403 1075 1447 ex

199 1483 233 1523 ra
256 1472 288 1524 et
310 1468 416 1545 spiritu
432 1470 566 1548 (gratiae
582 1469 730 1546 soilinet),
751 1488 814 1528 non
828 1474 932 1548 potest
948 1467 1074 1528 introire

204 1566 337 1626 regnum
358 1550 424 1611 Dei.

235 1628 501 1704 Quemadmodum
530 1633 612 1694 enirn
641 1643 737 1693 mater
764 1634 819 1693 illo
842 1633 957 1710 narnali
985 1634 1075 1712 partu

202 1732 276 1771 num
300 1717 436 1793 pennatis
448 1736 573 1794 puerum
596 1724 627 1777 et
648 1718 713 1776 irae
731 1715 827 1776 filium
843 1716 916 1794 edit,
937 1717 981 1776 ita
1002 1714 1075 1795 bap·

199 1814 258 1854 nus
282 1795 347 1857 edit
367 1799 553 1877 spiritualem
576 1809 712 1879 partum,
751 1805 782 1859 et
814 1805 985 1880 regenerat
1003 1817 1071 1875 nos,

202 1877 362 1941 iustificati
384 1881 477 1941 simus
499 1881 553 1942 lilii
574 1884 700 1963 gratiae.
724 1881 775 1942 Sin
796 1888 926 1961 pennata
946 1882 976 1940 in
1001 1880 1074 1959 bap·

199 1979 243 2019 no
267 1961 494 2044 demerguntur,
517 1973 548 2025 et
568 1967 698 2045 emergit
714 1984 769 2044 pro
792 1966 929 2043 pennatis
950 1963 1072 2032 iustitia.

234 2041 363 2122 Quarto,
387 2066 479 2126 porro
492 2047 545 2107 illa
566 2055 764 2126 pennatorum
779 2047 931 2108 demersio
943 2050 974 2107 et
993 2065 1073 2106 mor·

199 2128 281 2186 natio
304 2147 366 2189 non
388 2130 523 2208 periente
544 2131 574 2188 in
596 2130 655 2190 han
675 2131 739 2191 vita
761 2129 949 2206 absolvitur,
973 2128 1074 2189 donen

199 2227 210 2265 3
234 2211 367 2271 mortale
390 2231 501 2291 eorpus
523 2220 644 2292 pereat,
680 2220 711 2273 et
738 2219 835 2273 totum
863 2214 893 2272 in
916 2213 1072 2293 pulverem

199 2298 252 2350 sat.
292 2291 520 2355 Sacramentum
545 2296 596 2355 vel
617 2298 737 2376 signum
759 2294 913 2375 baptismi,
933 2294 964 2355 id
990 2294 1073 2374 quod

199 2393 300 2448 emus,
323 2375 405 2436 brevi
429 2376 590 2456 perlinitur.
615 2379 728 2438 Verum
746 2377 930 2458 signitinatio
953 2378 1019 2437 eius
1041 2384 1073 2436 et

199 2457 316 2516 ritualis
339 2459 516 2539 baptismus,
539 2460 712 2538 demersio,
735 2461 853 2520 scilieet
865 2467 1073 2540 pennatorum,

221 2558 279 2617 per
308 2540 387 2601 bane
415 2548 509 2602 totam
541 2545 633 2603 vitam
662 2543 764 2620 durat,
799 2552 830 2603 et
856 2563 919 2604 non
951 2543 1009 2602 nisi
1040 2543 1071 2602 in

200 2626 248 2680 rte
272 2621 433 2700 perlinitur.
466 2625 542 2686 Tum
565 2629 645 2686 enim
675 2646 747 2686 vere
769 2625 955 2706 demergitur
975 2625 1071 2686 homo

199 2702 396 2783 baptismum,
419 2716 450 2767 et
471 2727 541 2767 vere
563 2708 597 2768 lit
618 2708 694 2782 hon,
713 2708 799 2786 quod
822 2708 989 2788 baptismus
1012 2709 1072 2788 sig-

199 2787 268 2846 inat.

230 2868 302 2929 Non
324 2871 416 2949 igitur
436 2871 514 2931 haee
535 2873 597 2932 vita
618 2873 700 2932 alind
724 2880 780 2951 est,
802 2892 893 2952 quam
907 2880 1072 2954 perpetuus

199 2953 318 3012 ›tismus
341 2953 520 3031 spiritualis,
543 2954 643 3015 donee
666 2957 840 3033 moriamur,
864 2962 894 3016 et
916 2955 1070 3016 adiudina·

218 3036 308 3095 morti
331 3036 367 3112 is,
391 3037 440 3114 qui
463 3036 641 3115 baptizatur.
673 3037 804 3098 Perinde
825 3045 917 3117 atque
939 3041 965 3099 si
985 3038 1072 3099 'diost

199 3116 304 3194 erdos,
327 3137 396 3176 num
410 3119 563 3198 baptizat:
587 3119 668 3181 Eone
692 3121 799 3180 tunibil
810 3121 903 3202 aliud
920 3141 965 3200 es,
980 3140 1072 3201 quam

200 3218 219 3258 ο
242 3199 336 3278 plena
358 3203 514 3278 pennatis,
543 3202 690 3284 demergo
714 3205 818 3282 itaque
841 3210 871 3264 te
892 3205 924 3265 in
947 3205 1072 3265 nomine

199 3284 224 3356 l,
254 3291 285 3341 et
307 3285 488 3344 sententiam
512 3287 618 3345 mortis
640 3293 749 3346 nontra
775 3294 806 3347 te
823 3287 853 3345 in
876 3286 986 3347 eodem
1017 3305 1071 3346 no·

199 3383 228 3424 ra
252 3364 337 3442 sero,
370 3373 403 3425 ut
423 3373 525 3427 tenum
548 3371 652 3428 omnia
681 3375 809 3446 pennata
831 3377 883 3429 tua
903 3370 1071 3429 moriantur

203 3447 428 3526 demergantur.
467 3449 568 3529 Atque
599 3452 642 3510 sin
683 3451 710 3512 S⁸
737 3451 847 3511 Paulus
878 3470 1001 3530 quoque
1031 3450 1070 3511 ad

199 3549 276 3590 man.
290 3533 318 3594 6.
342 3530 429 3591 dinit:
454 3531 564 3593 Sumus
585 3553 654 3593 num
667 3534 788 3596 Christo
803 3534 913 3613 sepulti
936 3535 967 3594 in
991 3554 1070 3595 mor·

199 3633 206 3671 ι
232 3631 288 3690 per
309 3612 504 3691 baptismum.

227 3694 298 3769 Quo
320 3696 411 3774 igitur
432 3699 520 3758 nitius
542 3697 636 3758 homo
660 3718 678 3758 a
700 3698 853 3778 baptismo
872 3700 1007 3776 moritur,
1031 3720 1069 3762 eo

199 3797 228 3834 rs
250 3777 421 3854 baptismus
442 3801 517 3841 suus
540 3781 702 3863 perlinitur
725 3782 1084 3860 etabsolvitur.beuua

199 3875 209 3912 r
242 3866 369 3917 nessnnt
398 3872 554 3949 pennata,
583 3868 743 3950 quamdin
763 3871 821 3934 bio
842 3869 1008 3946 vivimus
1026 3881 1108 3925 m*
