2709 4417
166 340 173 348 '
225 329 288 399 112
452 330 607 400 Disputatio
628 332 734 400 Lipsiae
751 332 846 385 habita
863 347 888 385 a.
908 331 965 385 xlx
1031 406 1034 415 Ι

227 517 344 578 Tamen
366 516 552 577 solutionem
573 515 671 596 pridie
692 537 748 597 per
769 538 823 578 me
844 517 967 592 datam,
998 516 1040 578 ad
1063 536 1137 596 quan

228 620 277 661 me
297 599 395 678 retuli,
416 600 484 678 ipse
505 600 635 678 reticuit,
655 619 724 660 cunr
748 620 927 681 expressum
950 601 991 660 sit
1002 601 1044 661 de
1066 600 1137 660 liter·

227 683 355 745 Paulum
375 682 551 762 improbare
573 686 812 748 contentionem.
856 684 918 745 Sed
934 686 1063 759 nescio,
1092 702 1137 762 qm

227 768 353 848 ingenio
374 765 560 827 reverendus
581 767 671 828 Pater
698 768 859 829 arbitretur
885 771 1055 848 propterea
1075 767 1137 826 Pau

226 851 290 910 lum
312 868 442 930 negasse
463 851 646 929 primatum,
668 858 701 910 ut
725 852 848 912 tolleret
868 852 1013 911 schisma.
1060 850 1137 910 Forte

226 952 291 994 non
313 933 369 992 fuit
388 934 419 992 in
441 935 615 1011 provincia,
638 953 717 1012 quae
744 936 840 994 caruit
859 936 1016 1014 Principe,
1046 933 1137 993 fuisse

226 1018 308 1077 enim
333 1017 518 1076 contrarium
540 1025 703 1096 expertus,
726 1025 802 1096 quot
822 1017 1054 1095 dissensiones,
1078 1036 1137 1077 con·

227 1101 379 1161 tentiones
401 1106 433 1159 et
453 1098 579 1159 dissidia
601 1111 771 1180 emergunt,
794 1101 844 1162 ubi
865 1121 929 1161 non
946 1108 995 1161 est
1004 1101 1137 1179 Princeps

228 1190 260 1244 et
273 1189 374 1262 caput,
395 1183 474 1242 inter
495 1201 605 1242 causas
629 1182 799 1244 diiudicans
822 1189 854 1244 et
874 1203 1061 1264 agnoscens.

310 1265 350 1325 Et
379 1265 517 1326 mirabile
539 1266 656 1326 videtur
679 1268 730 1345 ei,
765 1268 791 1326 si
812 1273 876 1327 tam
899 1269 1005 1347 paucis
1041 1266 1134 1328 verbis

227 1349 344 1409 scilicet
377 1350 570 1428 apostolatus
598 1357 629 1409 et
651 1351 808 1430 regiminis
836 1358 954 1410 tantam
976 1349 1068 1410 velim
1089 1349 1137 1410 sol·

228 1452 300 1493 vere
314 1434 517 1494 autoritatem.
539 1432 692 1512 Principia
702 1434 734 1492 in
746 1436 916 1512 quantitate
929 1440 1000 1493 sunt
1016 1434 1137 1511 minima,

227 1517 259 1575 in
282 1517 392 1576 virtute
424 1517 567 1577 maxima.
611 1515 643 1575 si
671 1517 858 1598 reverendus
887 1516 978 1576 Pater
1006 1515 1060 1575 illa
1087 1515 1137 1576 duo

228 1601 345 1659 ndnuta
367 1598 537 1676 vocabula,
560 1598 752 1677 apostolatus
774 1607 807 1659 et
825 1600 1003 1678 regiminis,
1041 1601 1136 1678 capitis

227 1682 403 1762 principalis
426 1688 457 1741 et
478 1683 650 1741 secundarii
672 1682 863 1762 attendisset,
885 1681 999 1742 dudum
1013 1701 1136 1760 pugnan-

228 1773 285 1843 tes,
307 1775 340 1825 ut
360 1766 418 1825 sibi
440 1763 567 1843 videtur,
589 1784 697 1827 sacrae
718 1766 892 1845 scripturae
916 1773 948 1825 et
969 1764 999 1824 S.
1024 1765 1130 1824 Patron

227 1850 396 1910 sententias
418 1848 671 1927 reconciliasset,
704 1848 812 1927 quibus
845 1848 996 1929 neglectis
1019 1867 1130 1908 necesse

227 1939 274 1992 est
296 1924 419 1992 edotica
441 1939 472 1991 et
493 1930 595 1992 aliena
617 1934 704 2010 sequi
727 1932 882 2012 dogmata.

548 2146 700 2210 oie-tulii
720 2152 841 2210 octava

496 2316 536 2378 M.
577 2318 877 2419 Lutherus.

213 2543 215 2547 .
315 2491 365 2552 Ad
376 2488 555 2561 autoritates
576 2507 657 2550 ame
679 2489 830 2568 inductas,
851 2488 937 2549 Pauli
960 2486 1000 2548 ad
1010 2485 1130 2546 Corinth

230 2573 322 2636 etad
345 2573 488 2649 Galatas,
521 2573 661 2652 egregius
683 2572 721 2633 D.
742 2574 781 2633 D.
817 2591 902 2633 more
924 2591 980 2632 suo
1004 2569 1077 2630 nihil
1099 2587 1137 2628 re·

231 2657 379 2739 spondet,
416 2657 474 2717 nisi
496 2653 578 2735 quod
611 2656 781 2737 ingeminat
812 2655 976 2716 concilium
1001 2653 1136 2713 Constan

137 2745 140 2754 “
230 2743 338 2820 tiense,
360 2748 392 2802 et
407 2739 560 2817 ,Hussitos
581 2758 637 2818 pcr
658 2758 738 2818 quae
759 2759 823 2799 non
845 2739 1006 2799 solvuntur
1020 2736 1049 2813 ¹)
1076 2734 1137 2794 mih

152 3916 207 3964 ἰ

231 2825 419 2887 autoritates.
441 2824 520 2885 Nam
542 2822 620 2881 sicut
641 2822 714 2901 dini,
736 2820 899 2882 concilium
918 2820 1068 2880 Niccnum
1089 2817 1132 2876 ali

230 2909 336 2969 statuit
357 2908 450 2988 longe
472 2905 620 2967 sacratius
644 2911 675 2964 et
696 2905 856 2965 celebrius.
901 2905 973 2966 ldeo
1004 2908 1133 2982 quantur

231 2991 284 3052 ille
304 2991 409 3052 nititur
430 3009 496 3066 suo,
519 2995 635 3047 tantum
657 3008 717 3068 ego
741 3007 821 3067 meo,
845 2994 876 3048 et
892 2989 973 3064 dico,
996 2987 1074 3045 sicut
1087 2984 1137 3044 he:

231 3075 303 3156 dixi,
327 3070 548 3154 quantumlibet
569 3071 719 3152 allegetur
747 3071 911 3141 concilium
940 3067 1080 3131 nondum
1100 3067 1137 3126 hs

231 3159 318 3220 betur
339 3161 386 3218 ins
409 3157 561 3232 divinum,
584 3154 622 3215 de
645 3175 706 3234 quo
730 3157 798 3218 solo
821 3157 962 3235 quaestio
985 3160 1050 3232 est,
1081 3150 1137 3212 ide

232 3242 394 3304 concilium
413 3240 489 3303 nihil
510 3238 550 3299 ad
571 3240 773 3319 propositum.

314 3325 478 3404 Secundo,
509 3331 542 3384 ut
562 3322 701 3384 eluderet
733 3327 912 3387 autoritates
933 3322 1037 3404 potins
1060 3341 1137 3400 quai

232 3411 388 3488 solveret,
410 3408 536 3471 advexit
557 3406 625 3468 dist.
648 3408 841 3490 apostolatus
864 3417 895 3469 et
916 3407 1137 3469 administrati·

232 3499 289 3575 nis,
311 3516 390 3577 quae
411 3498 482 3576 quia
503 3493 638 3554 humano
661 3492 786 3554 arbitrio
810 3500 857 3554 est
878 3489 1015 3572 repertd,
1052 3507 1137 3567 neqr

234 3588 265 3649 in
288 3586 383 3646 sacris
405 3582 511 3660 literis,
533 3597 634 3657 neque
655 3581 687 3641 in
709 3576 740 3641 S.
763 3576 902 3650 Patribus
931 3596 984 3639 eas
1006 3576 1137 3654 interpr

562 3757 649 3764 -...-—-

265 3890 297 3958 t)
317 3887 350 3942 ln
370 3886 415 3945 cd.
433 3888 520 3958 erige.
539 3883 694 3940 solvantur.
