2709 4417
222 350 287 417 δῦ)
465 349 597 403 Defensio
616 348 685 402 Phil.
705 346 935 403 udmahthonis

308 540 346 610 ὃ)
369 534 500 594 Temere
528 552 587 594 nos
614 531 811 593 Ambrosium
849 531 1004 593 invadere
1032 542 1137 595 soeusst

227 618 354 695 biooius,
376 636 452 677 sane
473 617 534 677 hoo
555 616 625 676 looo
647 615 777 694 dignus,
812 634 909 694 quem
933 614 1031 695 paulo
1051 615 1135 677 durius

227 708 399 762 tractarem.
428 696 577 778 Equidem
600 697 755 761 deblatth.
778 697 852 773 loeo
877 699 956 776 dixi,
978 703 1042 765 tum
1062 717 1134 778 quen

226 783 278 843 ille
300 785 531 862 interpretratur
541 781 643 841 Lunae
664 788 720 843 est.
764 781 807 840 At
828 801 907 842 vero
925 782 1058 862 primum
1077 801 1134 842 oon-
1183 822 1184 827 .

226 872 288 925 stat
308 865 400 924 alium
423 882 491 924 esse
514 863 721 924 adversarium
745 864 826 943 apud
847 864 979 941 Luoam,
1002 883 1134 942 nempea

249 946 478 1011 uoeurandum
501 954 558 1024 est,
581 952 614 1006 ut
634 944 815 1026 liberemur,
851 948 950 1007 aliurn
975 946 1054 1027 apud
1074 947 1134 1008 liat·

262 1047 365 1105 aeum,
397 1030 448 1108 qui
470 1048 539 1089 oum
559 1031 725 1090 eonvenite
747 1048 805 1090 nos
827 1036 974 1110 oportet,
1008 1031 1038 1089 in
1060 1047 1133 1108 quen

227 1113 364 1191 asperius
387 1112 450 1170 dixi
473 1120 598 1191 propter
619 1130 690 1190 eos,
711 1111 820 1191 quibus
844 1112 1019 1193 plaoabile,
1050 1121 1092 1184 et,
1109 1119 1135 1173 ut

227 1194 347 1271 dicunt,
371 1194 492 1254 veniale
514 1193 647 1269 videtur,
675 1214 789 1273 negare
811 1197 940 1257 inimioo
966 1194 1132 1255 benevolum

227 1278 371 1336 animum.
413 1273 450 1335 In
473 1296 607 1353 summa,
639 1279 671 1337 iu
707 1295 777 1353 eos,
811 1279 930 1356 quiite
953 1277 1043 1338 nobis
1064 1296 1135 1356 prae

227 1368 317 1436 oepta
340 1358 476 1419 consiliis
503 1367 729 1440 temperarunt,
762 1367 795 1421 ut
829 1362 925 1441 longe
954 1359 1077 1419 inferius
1096 1361 1136 1436 sil,

227 1439 430 1499 Christianum
454 1460 541 1518 esse,
578 1462 669 1521 quam
698 1442 825 1523 probum
848 1443 1025 1520 ethnioum,
1056 1461 1136 1521 quan·

228 1540 320 1600 quam
342 1530 374 1582 et
404 1523 458 1583 ille
479 1525 559 1604 apud
583 1525 687 1585 naath.
715 1526 801 1586 loeus
835 1525 971 1605 amplius
1006 1523 1135 1603 quiddam

227 1606 458 1684 praeseferre
480 1607 553 1669 mihi
576 1608 714 1686 videtur,
736 1627 774 1668 eo
798 1607 881 1687 quod
905 1609 947 1668 sit
968 1608 1000 1666 in
1021 1606 1137 1668 Graeois

227 1682 402 1762 ἀντίδικος.
446 1689 565 1750 Deinde
589 1709 743 1751 oaroerem
772 1710 827 1771 per
847 1690 996 1751 tenebrae
1019 1690 1137 1749 exterio

227 1788 276 1828 res
300 1769 380 1848 apud
394 1770 499 1832 biatth.
522 1775 651 1853 exponit
664 1773 854 1850 Ambrosius,
878 1790 960 1852 quae
982 1772 1137 1833 inferorum

228 1851 336 1931 proeul
359 1852 451 1914 dubio
474 1855 639 1935 desoriptio
661 1863 718 1916 est.

311 1935 461 2014 Denique,
484 1938 568 2016 quod
590 1938 710 1998 ridetur
731 1939 916 2017 patrocinari
937 1937 1054 2013 Eooio,
1077 1937 1139 1995 sim·

227 2015 348 2095 pliciter
383 2017 480 2098 flgurs
517 2020 693 2099 quadrantis
728 2019 892 2100 significari
939 2019 1006 2079 vult
1037 2019 1139 2097 oulpue

229 2103 524 2180 oompensetionem,
548 2112 579 2164 et
600 2105 677 2163 siout
688 2111 788 2164 textus
804 2102 925 2163 dioens:
949 2103 1059 2162 Doneo
1080 2099 1139 2160 red·

229 2180 284 2240 das
307 2190 476 2243 extremum
486 2187 697 2263 quadrantem,
719 2205 781 2246 non
803 2186 855 2261 ait,
877 2185 1046 2262 aliquando
1060 2181 1139 2243 reddi

229 2271 397 2325 extremum
416 2268 626 2346 quadrantem.
654 2269 698 2329 lta
714 2267 893 2329 Ambrosius
908 2268 1026 2343 dicens,
1050 2267 1139 2345 figura

229 2347 406 2425 quadrantis
427 2350 591 2429 significari
624 2351 733 2430 eulpae
761 2352 1048 2429 compensationem
1082 2367 1138 2408 non

180 2441 184 2450 ·
229 2428 331 2505 addit,
363 2429 429 2491 fieri
451 2452 518 2492 eam
542 2435 572 2493 in
597 2435 722 2494 mortuis
745 2433 1050 2511 oompensationenu,
1082 2434 1137 2490 imo

228 2511 419 2591 refragantur
441 2515 591 2593 quaedam
610 2523 725 2595 aperte,
748 2518 773 2575 si
795 2516 834 2575 ad
858 2516 1138 2595 compensationem

228 2612 395 2672 poenarum
418 2598 448 2656 in
473 2601 599 2658 mortuis
622 2599 742 2659 trahere
765 2599 851 2658 velis.
902 2599 1030 2658 Brevius
1054 2614 1138 2674 expe·

228 2676 312 2735 diero
335 2678 455 2755 locum,
484 2683 508 2739 si
530 2682 617 2741 iuxta
637 2682 773 2741 erebram
797 2680 927 2760 figuram
951 2699 1021 2739 oum
1043 2678 1139 2758 graeei

227 2765 289 2817 tum
312 2760 433 2820 Ebraioi
458 2766 607 2824 sermonis
640 2765 741 2839 verbi,
764 2764 872 2840 doneo,
903 2781 1076 2842 exponam,
1112 2759 1139 2819 id

249 2840 309 2900 uod
334 2850 464 2921 oportet.
509 2847 672 2907 Ambrosio
701 2846 791 2922 nihil,
829 2853 861 2906 ut
893 2845 997 2922 vides,
1032 2843 1140 2903 adimo.

228 2858 410 3002 Quanquam
434 2929 471 2988 ab
496 2948 549 3004 eo,
577 2929 672 2989 sioubi
701 2949 719 2988 a
741 2946 888 3008 germano
913 2947 1008 2988 sensu
1040 2927 1140 2999 variat,

229 3004 406 3081 dissentire,
442 3010 548 3087 oredo,
580 3030 642 3070 non
673 3020 721 3071 est
741 3011 898 3091 flagitium.
942 3010 1039 3069 Porro
1063 3017 1093 3067 et
1113 3009 1140 3066 in

229 3107 266 3148 eo
289 3090 370 3168 apud
392 3091 503 3152 Lucam
540 3095 639 3173 eapite
667 3094 706 3153 de
737 3094 905 3171 quadrante
930 3092 1028 3151 multa
1049 3090 1141 3170 philo·

227 3171 385 3250 sophatur,
407 3177 516 3235 eumin
530 3177 656 3236 Graecis
678 3195 741 3236 non
765 3178 803 3235 sit
825 3177 881 3234 nisi
897 3174 1023 3238 λεπτὸν
1044 3171 1141 3252 ἔσχα-

227 3273 296 3332 τον,
320 3255 401 3332 quod
425 3267 540 3336 partem
564 3260 740 3337 quadrantis
768 3259 882 3319 dicunt.
926 3256 1031 3331 Quid?
1063 3255 1141 3335 quod

228 3334 281 3394 ille
305 3336 343 3396 de
366 3338 490 3400 diabolo
513 3342 642 3417 disserit,
666 3361 706 3401 ne
728 3343 786 3421 ipsi
810 3340 932 3420 quidem
954 3340 1141 3418 Hieronymo

227 3416 384 3495 probatur.
421 3422 479 3482 Hie
502 3425 582 3501 quod
606 3426 657 3501 ait,
681 3425 837 3484 obscurari
860 3442 918 3500 me,
942 3423 1023 3483 bene
1044 3422 1142 3482 habet.

226 3498 305 3558 Nam
328 3521 389 3562 non
412 3506 562 3585 ingratum
586 3516 632 3566 est
655 3506 712 3566 sub
736 3506 843 3567 umbra
857 3507 985 3567 Eooiaui
1012 3505 1143 3566 nominis

227 3580 418 3647 delitescere.

309 3666 345 3747 9)
371 3668 476 3744 Obiter
497 3669 536 3729 ad
558 3689 657 3750 pauoa
677 3691 727 3732 res
751 3672 909 3749 andimus,
939 3677 1010 3730 sunt
1033 3668 1144 3729 et'slia

224 3747 256 3805 in
277 3747 362 3810 Eooii
384 3749 501 3832 libello,
522 3772 603 3833 quae
622 3761 658 3813 ut
675 3692 779 3815 uerbis
799 3773 963 3827 exeusem,
980 3759 1057 3828 puto
1080 3769 1143 3812 non

221 3852 419 3921 magnopere
450 3836 604 3917 relerrre,
633 3852 753 3912 nempe
785 3849 869 3908 quae
883 3848 939 3886 res
952 3830 1157 3900 maninus-
