2709 4417
237 362 300 430 316
451 364 544 421 Retol
563 365 590 420 h·
611 365 907 437 supe-emporium

239 549 322 613 eliud
342 551 402 613 ista
423 550 518 611 verbe
540 549 743 632 eonoluduntl,
769 552 827 613 nisi
852 571 937 614 nove
958 552 1141 632 grsmmsties

238 653 309 695 usus
331 633 432 693 dieas:
464 633 495 695 Si
518 633 618 714 diligis
641 654 706 711 me,
729 654 823 714 pesse
845 654 924 696 oses
946 652 1053 713 mess,
1073 633 1140 697 idern
1187 700 1188 724 ,

239 717 293 793 sit,
329 716 429 795 quod,
463 717 488 776 si
511 716 611 798 diligis
634 724 681 792 te,
716 724 784 779 esto
807 719 924 797 primus
947 736 1041 797 super
1062 723 1140 780 mon

235 797 452 880 eoelesisml).

324 882 449 943 Rectius
471 901 545 963 ergo
561 883 669 943 isoies:
694 883 725 943 Si
747 883 809 943 hoo
831 881 958 943 verbum
975 881 1083 945 Christi
1101 902 1140 945 so

239 965 335 1044 oipius
357 984 413 1044 pro
437 965 666 1044 exhortatione,
700 967 763 1027 imo
793 971 980 1046 prseeepto,
1014 984 1141 1045 nonque

239 1066 314 1108 oves
336 1047 376 1106 sd
397 1046 630 1127 subiectionem,
652 1048 708 1109 sed
730 1067 791 1127 quo
813 1054 957 1128 pastores
979 1047 1141 1129 eddiligen·

238 1129 308 1190 dum
332 1129 483 1190 Christum
506 1136 538 1191 et
557 1131 748 1211 pssoendum
768 1131 917 1211 populum
941 1131 1140 1210 astringuntur.

239 1211 333 1274 Porro
356 1213 481 1273 dileetio
505 1211 618 1277 Christi
643 1217 698 1290 (ut
718 1215 752 1276 B.
775 1214 967 1294 Augustinus
990 1214 1041 1275 hio
1061 1233 1141 1293 expo·

239 1293 303 1377 nit)
327 1297 418 1356 etism
443 1297 520 1356 mori
541 1316 597 1377 pro
619 1296 728 1358 ovibus
751 1296 861 1357 Christi
884 1297 1023 1376 requirit.

319 1378 420 1457 Atque
437 1379 552 1440 utinum
572 1379 634 1440 hoe
654 1381 780 1440 verbum
802 1379 840 1440 sd
863 1399 897 1441 se
919 1379 1072 1460 pertinere
1090 1397 1142 1440 ere

238 1460 347 1521 derent
367 1462 499 1522 Romani
516 1461 686 1541 pontifices.
708 1463 795 1523 Haeo
808 1468 857 1523 est
869 1465 952 1522 enim
966 1463 1060 1523 totius
1073 1461 1142 1523 orbis

238 1544 377 1623 querele,
413 1544 495 1623 quod
518 1545 715 1606 dilectionem
745 1551 777 1606 et
796 1544 968 1607 doetrinsm
992 1543 1059 1604 eliis
1078 1544 1143 1604 rele-

237 1632 347 1708 gentes
379 1626 419 1687 sd
450 1646 484 1687 se
517 1627 592 1688 nihil
626 1635 735 1708 putent
766 1629 929 1707 pertinere.
979 1626 1144 1708 Intelligunt

237 1710 333 1782 euim,
364 1710 442 1771 hoee
473 1710 567 1772 verbs
593 1711 632 1771 sd
660 1711 812 1793 populum
839 1711 1011 1791 pertinere,
1048 1715 1081 1770 ut
1098 1728 1144 1790 per

238 1811 317 1871 quse
339 1810 451 1872 eogere
473 1794 512 1854 ud
535 1792 756 1856 subieotionem
779 1813 887 1854 omnes
909 1793 1033 1854 volunt:
1063 1799 1093 1853 et
1109 1798 1144 1852 ts·

238 1893 307 1935 men
330 1894 444 1955 puseus
466 1883 497 1937 et
517 1875 654 1937 auditum
676 1877 761 1938 verbi
785 1875 887 1958 (quod
907 1875 1003 1936 verbs
1025 1875 1143 1953 sonunt)

235 1976 327 2018 nemo
340 1976 384 2017 ex
405 1959 441 2018 iis
456 1959 650 2039 intelligit2).
694 1959 720 2020 0
741 1960 816 2020 felix
828 1957 966 2036 ambitio,
990 1958 1017 2018 si
1030 1957 1145 2037 quisue

237 2058 328 2118 quem
351 2041 546 2113 inveniretur,
570 2043 621 2119 qui
644 2044 780 2103 omnium
793 2044 903 2103 Psstor
926 2058 996 2102 esse
1018 2039 1146 2101 ambiret.

236 2121 312 2198 Quis
333 2123 414 2183 huno
436 2143 499 2184 non
513 2123 715 2185 libentissime
735 2124 932 2186 admitteret?
954 2123 1147 2184 Nonusuten

239 2204 371 2266 libenter
393 2208 572 2286 permittunt
594 2209 765 2286 ouiounque
787 2206 935 2286 diligendi
957 2211 989 2266 et
1010 2204 1147 2286 pasoeudi

237 2287 380 2363 officium,
403 2289 461 2349 sibi
484 2309 557 2350 vero
581 2291 699 2350 titulum
724 2289 871 2371 diligendi
893 2295 925 2350 et
946 2287 1102 2368 poscendi,
1122 2295 1149 2348 et

237 2390 315 2451 quoe
337 2372 456 2432 titulum
480 2380 663 2452 sequuntur,
699 2374 784 2434 luere
805 2373 923 2433 seilicet
950 2377 982 2433 et
1010 2370 1148 2448 honores,

236 2462 405 2515 reservent.
448 2456 563 2516 Desine
585 2457 690 2534 itaque
712 2477 732 2516 s
754 2455 854 2517 verbis
878 2453 989 2516 Christi
1013 2460 1147 2533 torquen-

235 2535 300 2612 dis,
323 2538 394 2615 quiu
414 2556 469 2614 es,
490 2557 570 2616 quse
591 2558 647 2619 per
661 2539 722 2600 hoe
738 2537 876 2619 pontiflci
893 2536 1011 2614 tribuis,
1035 2537 1148 2616 penitus

235 2619 392 2691 auferunt,
415 2627 446 2680 et
468 2622 572 2680 omnis
595 2640 632 2681 ea
654 2623 824 2703 imponunt,
849 2639 928 2700 quse
953 2637 1018 2680 non
1042 2618 1150 2696 tribuis,

236 2707 268 2762 et
287 2702 339 2762 ille
362 2722 452 2782 quem
477 2705 610 2764 maxime
633 2705 787 2767 exhorret.

319 2784 474 2845 Aturus:
497 2786 627 2847 Poscere
650 2807 712 2848 non
724 2794 840 2867 potest,
867 2785 924 2844 nisi
947 2785 986 2844 sit
1007 2785 1146 2864 superior.

237 2866 336 2945 Ergo,
379 2867 452 2928 lieet
473 2887 535 2929 non
557 2869 650 2930 leoist
670 2869 807 2931 officium
828 2867 979 2948 postoris,
1015 2885 1078 2927 non
1100 2887 1149 2946 per

236 2948 297 3010 hoo
310 2951 475 3029 superioris
492 2953 603 3013 omittit
615 2953 728 3016 losum.
772 2948 976 3030 Respondes:
1000 2948 1081 3024 Quid
1094 2949 1148 3011 hoo

236 3031 275 3094 sd
297 3033 370 3092 me?
393 3032 514 3108 Quaere
536 3054 610 3111 ergo
632 3035 695 3096 alis
716 3034 819 3112 verbs,
842 3031 952 3112 quibus
973 3031 1077 3091 losum
1099 3051 1146 3112 po·

238 3115 358 3175 testatis
391 3135 521 3177 asseres.
557 3118 650 3177 *Haeo
669 3117 765 3178 verbe
792 3126 844 3177 aut
865 3119 1021 3174 ementem
1051 3121 1082 3175 et
1102 3134 1147 3195 ps

238 3206 375 3258 soentem
390 3201 556 3277 requirunt,
579 3207 632 3261 sut
644 3220 770 3280 prorsus
783 3198 859 3259 nulli
874 3197 1073 3274 conveniunt,
1095 3198 1146 3256 nisi

236 3281 345 3341 iterum
366 3301 451 3342 nova
473 3281 641 3360 latinitate,
677 3283 806 3364 diligere
831 3280 899 3361 plus
922 3280 986 3355 his,
1020 3280 1147 3359 uooipius

235 3382 291 3442 pro
315 3383 363 3441 eo,
386 3364 468 3443 quod
494 3372 551 3442 est,
573 3385 717 3444 praeesse
743 3366 852 3427 ceteris
871 3361 1031 3436 omnibus,
1054 3369 1084 3422 et
1104 3382 1148 3442 ps·

235 3464 331 3523 soere,
354 3447 488 3507 omnium
508 3448 574 3508 iure
589 3455 621 3509 et
632 3468 709 3527 opes
720 3446 890 3529 possidere.
935 3443 1069 3506 Proinde
1081 3444 1146 3505 nihil

236 3529 356 3605 mirum,
379 3531 404 3589 si
427 3532 588 3610 primatum
611 3537 698 3593 tento
720 3537 808 3592 aestu
831 3533 991 3609 quaerunt,
1015 3546 1104 3607 quem
1125 3528 1146 3587 si

235 3610 336 3670 verbis
359 3612 390 3671 iu
419 3632 475 3673 suo
503 3612 676 3694 significatu
696 3615 833 3694 sooeptis
856 3629 964 3692 gerere
986 3607 1147 3691 debent2),

236 3713 295 3757 neo
315 3693 417 3758 Deum
440 3696 544 3780 ipsum
563 3716 622 3778 pro
643 3698 785 3777 sissinio
813 3701 920 3753 essent
942 3693 1155 3764 esssestsun‘x.

260 3802 297 3869 1)
317 3802 348 3856 lss
372 3802 416 3858 ed·
428 3805 560 3875 priore:
582 3799 740 3854 eoelesism
755 3798 859 3845 torem.
872 3788 911 3846 Ἃ
923 3783 1016 3833 luxu:
1031 3797 1121 3830 uem
1138 3795 1181 3826 su·

214 3884 270 3932 ⁶⁰2·
316 3877 352 3948 3)
375 3877 456 3936 Ibid.
481 3883 510 3934 et
529 3877 565 3930 in
585 3871 634 3930 etl.
654 3869 738 3923 lene.
758 3860 909 3919 behemi·-
