<?xml version="1.0" encoding="UTF-8"?>
<!DOCTYPE html PUBLIC "-//W3C//DTD XHTML 1.0 Transitional//EN"
    "http://www.w3.org/TR/xhtml1/DTD/xhtml1-transitional.dtd">
<html xmlns="http://www.w3.org/1999/xhtml" xml:lang="en" lang="en">
 <head>
  <title>
</title>
<meta http-equiv="Content-Type" content="text/html;charset=utf-8" />
  <meta name='ocr-system' content='tesseract 3.04.00' />
  <meta name='ocr-capabilities' content='ocr_page ocr_carea ocr_par ocr_line ocrx_word'/>
</head>
<body>
  <div class='ocr_page' id='page_1' title='image "./operalatinavari00schmgoog_0133.png"; bbox 0 0 2709 4417; ppageno 0'>
   <div class='ocr_carea' id='block_1_1' title="bbox 454 345 1064 418">
    <p class='ocr_par' dir='ltr' id='par_1_1' title="bbox 454 345 1064 418">
     <span class='ocr_line' id='line_1_1' title="bbox 454 345 1064 418; baseline 0.007 -18"><span class='ocrx_word' id='word_1_1' title='bbox 454 363 478 400; x_wconf 85' lang='lat' dir='ltr'>a.</span> <span class='ocrx_word' id='word_1_2' title='bbox 488 347 608 402; x_wconf 73' lang='lat' dir='ltr'>Notariis</span> <span class='ocrx_word' id='word_1_3' title='bbox 626 353 752 418; x_wconf 81' lang='lat' dir='ltr'>excepto.</span> <span class='ocrx_word' id='word_1_4' title='bbox 1003 345 1064 414; x_wconf 79' lang='lat'>121</span> 
     </span>
    </p>
   </div>
   <div class='ocr_carea' id='block_1_2' title="bbox 188 531 1162 3005">
    <p class='ocr_par' dir='ltr' id='par_1_2' title="bbox 189 531 1065 840">
     <span class='ocr_line' id='line_1_2' title="bbox 189 531 1065 614; baseline 0.011 -26"><span class='ocrx_word' id='word_1_5' title='bbox 189 531 292 606; x_wconf 89' lang='lat' dir='ltr'>rtitur,</span> <span class='ocrx_word' id='word_1_6' title='bbox 316 539 376 591; x_wconf 87' lang='lat' dir='ltr'>tam</span> <span class='ocrx_word' id='word_1_7' title='bbox 401 550 574 614; x_wconf 78' lang='lat' dir='ltr'>praegnans</span> <span class='ocrx_word' id='word_1_8' title='bbox 597 540 628 593; x_wconf 92' lang='lat' dir='ltr'>et</span> <span class='ocrx_word' id='word_1_9' title='bbox 650 535 826 595; x_wconf 84' lang='lat' dir='ltr'>necessaria</span> <span class='ocrx_word' id='word_1_10' title='bbox 848 535 920 594; x_wconf 92' lang='lat' dir='ltr'>mihi</span> <span class='ocrx_word' id='word_1_11' title='bbox 943 535 1065 598; x_wconf 82' lang='lat' dir='ltr'>videba-</span> 
     </span>
     <span class='ocr_line' id='line_1_3' title="bbox 189 615 1063 695; baseline 0.009 -23"><span class='ocrx_word' id='word_1_12' title='bbox 189 635 215 687; x_wconf 89' lang='lat' dir='ltr'>r,</span> <span class='ocrx_word' id='word_1_13' title='bbox 237 621 269 673; x_wconf 89' lang='lat' dir='ltr'>ut</span> <span class='ocrx_word' id='word_1_14' title='bbox 291 615 386 675; x_wconf 89' lang='lat' dir='ltr'>verba</span> <span class='ocrx_word' id='word_1_15' title='bbox 404 616 573 695; x_wconf 89' lang='lat' dir='ltr'>aliquando</span> <span class='ocrx_word' id='word_1_16' title='bbox 596 619 716 676; x_wconf 80' lang='lat' dir='ltr'><strong>acriora</strong></span> <span class='ocrx_word' id='word_1_17' title='bbox 738 624 842 677; x_wconf 84' lang='lat' dir='ltr'>essent</span> <span class='ocrx_word' id='word_1_18' title='bbox 863 619 984 679; x_wconf 85' lang='lat' dir='ltr'>utenda.</span> <span class='ocrx_word' id='word_1_19' title='bbox 1028 619 1063 681; x_wconf 93' lang='lat' dir='ltr'>In</span> 
     </span>
     <span class='ocr_line' id='line_1_4' title="bbox 189 696 1065 782; baseline 0.008 -27"><span class='ocrx_word' id='word_1_20' title='bbox 189 696 268 774; x_wconf 88' lang='lat' dir='ltr'>liquis</span> <span class='ocrx_word' id='word_1_21' title='bbox 302 698 552 759; x_wconf 78' lang='lat' dir='ltr'>conclusionibus</span> <span class='ocrx_word' id='word_1_22' title='bbox 575 698 739 781; x_wconf 77' lang='lat' dir='ltr'>Eccianam</span> <span class='ocrx_word' id='word_1_23' title='bbox 773 719 896 780; x_wconf 83' lang='lat' dir='ltr'>semper</span> <span class='ocrx_word' id='word_1_24' title='bbox 928 704 1065 782; x_wconf 84' lang='lat' dir='ltr'>experie-</span> 
     </span>
     <span class='ocr_line' id='line_1_5' title="bbox 189 780 598 840; baseline 0.017 -4"><span class='ocrx_word' id='word_1_25' title='bbox 189 780 219 837; x_wconf 80' lang='lat' dir='ltr'>:ni</span> <span class='ocrx_word' id='word_1_26' title='bbox 241 780 435 840; x_wconf 79' lang='lat' dir='ltr'>modestiam.</span> <span class='ocrx_word' id='word_1_27' title='bbox 595 832 598 837; x_wconf 90' lang='lat'>.</span> 
     </span>
    </p>

    <p class='ocr_par' dir='ltr' id='par_1_3' title="bbox 188 862 1162 3005">
     <span class='ocr_line' id='line_1_6' title="bbox 229 862 1066 943; baseline 0.006 -22"><span class='ocrx_word' id='word_1_28' title='bbox 229 862 318 922; x_wconf 90' lang='lat' dir='ltr'>Unde</span> <span class='ocrx_word' id='word_1_29' title='bbox 341 871 373 924; x_wconf 91' lang='lat' dir='ltr'>et</span> <span class='ocrx_word' id='word_1_30' title='bbox 394 882 454 943; x_wconf 88' lang='lat' dir='ltr'>ego</span> <span class='ocrx_word' id='word_1_31' title='bbox 476 865 565 924; x_wconf 78' lang='lat' dir='ltr'>istam</span> <span class='ocrx_word' id='word_1_32' title='bbox 588 865 820 926; x_wconf 87' lang='lat' dir='ltr'>conclusionem</span> <span class='ocrx_word' id='word_1_33' title='bbox 831 867 904 926; x_wconf 89' lang='lat' dir='ltr'>volo</span> <span class='ocrx_word' id='word_1_34' title='bbox 926 865 1014 926; x_wconf 88' lang='lat' dir='ltr'>flnire</span> <span class='ocrx_word' id='word_1_35' title='bbox 1035 869 1066 927; x_wconf 92' lang='lat' dir='ltr'>in</span> 
     </span>
     <span class='ocr_line' id='line_1_7' title="bbox 189 947 1096 1029; baseline 0.009 -26"><span class='ocrx_word' id='word_1_36' title='bbox 189 947 342 1017; x_wconf 84' lang='lat' dir='ltr'>sesentia,</span> <span class='ocrx_word' id='word_1_37' title='bbox 374 947 457 1024; x_wconf 93' lang='lat' dir='ltr'>quod</span> <span class='ocrx_word' id='word_1_38' title='bbox 478 954 616 1027; x_wconf 76' lang='lat' dir='ltr'>repetem</span> <span class='ocrx_word' id='word_1_39' title='bbox 638 948 668 1011; x_wconf 84' lang='lat' dir='ltr'>S.</span> <span class='ocrx_word' id='word_1_40' title='bbox 694 949 814 1008; x_wconf 89' lang='lat' dir='ltr'>Petrum</span> <span class='ocrx_word' id='word_1_41' title='bbox 837 951 998 1029; x_wconf 86' lang='lat' dir='ltr'>primatum</span> <span class='ocrx_word' id='word_1_42' title='bbox 1022 957 1067 1011; x_wconf 91' lang='lat' dir='ltr'>to·</span> <span class='ocrx_word' id='word_1_43' title='bbox 1093 954 1096 960; x_wconf 76' lang='grc'><strong>“</strong></span> 
     </span>
     <span class='ocr_line' id='line_1_8' title="bbox 189 1029 1066 1112; baseline 0.008 -27"><span class='ocrx_word' id='word_1_44' title='bbox 189 1047 207 1086; x_wconf 79' lang='lat' dir='ltr'>is</span> <span class='ocrx_word' id='word_1_45' title='bbox 228 1030 415 1089; x_wconf 84' lang='lat' dir='ltr'>ecclesiaea</span> <span class='ocrx_word' id='word_1_46' title='bbox 438 1029 558 1090; x_wconf 82' lang='lat' dir='ltr'>Christo</span> <span class='ocrx_word' id='word_1_47' title='bbox 580 1034 726 1107; x_wconf 85' lang='lat' dir='ltr'>tenuisse,</span> <span class='ocrx_word' id='word_1_48' title='bbox 748 1051 787 1091; x_wconf 86' lang='lat' dir='ltr'>ex</span> <span class='ocrx_word' id='word_1_49' title='bbox 809 1034 1014 1112; x_wconf 87' lang='lat' dir='ltr'>promissione</span> <span class='ocrx_word' id='word_1_50' title='bbox 1037 1034 1066 1092; x_wconf 88' lang='lat' dir='ltr'>ei</span> 
     </span>
     <span class='ocr_line' id='line_1_9' title="bbox 189 1111 1068 1194; baseline 0.008 -25"><span class='ocrx_word' id='word_1_51' title='bbox 189 1118 228 1170; x_wconf 74' lang='lat' dir='ltr'>ela</span> <span class='ocrx_word' id='word_1_52' title='bbox 248 1111 353 1172; x_wconf 86' lang='lat' dir='ltr'>Malth.</span> <span class='ocrx_word' id='word_1_53' title='bbox 382 1114 427 1192; x_wconf 83' lang='grc'>16,</span> <span class='ocrx_word' id='word_1_54' title='bbox 449 1114 528 1172; x_wconf 87' lang='lat' dir='ltr'>sicut</span> <span class='ocrx_word' id='word_1_55' title='bbox 548 1114 918 1194; x_wconf 87' lang='lat' dir='ltr'>intelligitHieronymus,</span> <span class='ocrx_word' id='word_1_56' title='bbox 938 1115 1068 1175; x_wconf 85' lang='lat' dir='ltr'>Ambro-</span> 
     </span>
     <span class='ocr_line' id='line_1_10' title="bbox 189 1192 1067 1277; baseline 0.008 -26"><span class='ocrx_word' id='word_1_57' title='bbox 189 1212 221 1269; x_wconf 84' lang='lat' dir='ltr'>rs,</span> <span class='ocrx_word' id='word_1_58' title='bbox 233 1193 414 1277; x_wconf 72' lang='lat' dir='ltr'>Cyprianus,</span> <span class='ocrx_word' id='word_1_59' title='bbox 437 1196 539 1256; x_wconf 87' lang='lat' dir='ltr'>etalii</span> <span class='ocrx_word' id='word_1_60' title='bbox 563 1216 601 1256; x_wconf 89' lang='lat' dir='ltr'>ex</span> <span class='ocrx_word' id='word_1_61' title='bbox 623 1192 845 1275; x_wconf 82' lang='lat' dir='ltr'>nominatione,</span> <span class='ocrx_word' id='word_1_62' title='bbox 868 1199 1067 1276; x_wconf 90' lang='lat' dir='ltr'>quiaprimus</span> 
     </span>
     <span class='ocr_line' id='line_1_11' title="bbox 189 1278 1068 1360; baseline 0.008 -27"><span class='ocrx_word' id='word_1_63' title='bbox 189 1278 322 1336; x_wconf 72' lang='lat' dir='ltr'>»minatur</span> <span class='ocrx_word' id='word_1_64' title='bbox 345 1278 449 1341; x_wconf 83' lang='lat' dir='ltr'>Matth.</span> <span class='ocrx_word' id='word_1_65' title='bbox 483 1283 530 1343; x_wconf 88' lang='grc'>10.</span> <span class='ocrx_word' id='word_1_66' title='bbox 564 1280 730 1339; x_wconf 89' lang='lat' dir='ltr'>secundum</span> <span class='ocrx_word' id='word_1_67' title='bbox 764 1281 901 1360; x_wconf 84' lang='lat' dir='ltr'>glossam</span> <span class='ocrx_word' id='word_1_68' title='bbox 935 1281 1068 1359; x_wconf 72' lang='lat' dir='ltr'>ibidem,</span> 
     </span>
     <span class='ocr_line' id='line_1_12' title="bbox 189 1360 1068 1442; baseline 0.007 -25"><span class='ocrx_word' id='word_1_69' title='bbox 189 1360 363 1420; x_wconf 88' lang='lat' dir='ltr'>:solutione</span> <span class='ocrx_word' id='word_1_70' title='bbox 385 1361 504 1439; x_wconf 85' lang='lat' dir='ltr'>tributi,</span> <span class='ocrx_word' id='word_1_71' title='bbox 527 1361 632 1424; x_wconf 88' lang='lat' dir='ltr'>Mattb.</span> <span class='ocrx_word' id='word_1_72' title='bbox 660 1367 723 1439; x_wconf 63' lang='lat'>17„</span> <span class='ocrx_word' id='word_1_73' title='bbox 746 1363 797 1423; x_wconf 93' lang='lat' dir='ltr'>ubi</span> <span class='ocrx_word' id='word_1_74' title='bbox 819 1362 904 1423; x_wconf 91' lang='lat' dir='ltr'>solus</span> <span class='ocrx_word' id='word_1_75' title='bbox 926 1364 992 1442; x_wconf 91' lang='lat' dir='ltr'>ipse</span> <span class='ocrx_word' id='word_1_76' title='bbox 1013 1363 1068 1424; x_wconf 82' lang='lat' dir='ltr'>fuit</span> 
     </span>
     <span class='ocr_line' id='line_1_13' title="bbox 189 1442 1067 1525; baseline 0.007 -25"><span class='ocrx_word' id='word_1_77' title='bbox 189 1443 364 1521; x_wconf 78' lang='lat' dir='ltr'>quipararus</span> <span class='ocrx_word' id='word_1_78' title='bbox 387 1442 519 1522; x_wconf 84' lang='lat' dir='ltr'>Christo,</span> <span class='ocrx_word' id='word_1_79' title='bbox 538 1445 705 1505; x_wconf 88' lang='lat' dir='ltr'>secundum</span> <span class='ocrx_word' id='word_1_80' title='bbox 730 1446 932 1525; x_wconf 87' lang='lat' dir='ltr'>Augustinum</span> <span class='ocrx_word' id='word_1_81' title='bbox 952 1453 983 1506; x_wconf 92' lang='lat' dir='ltr'>et</span> <span class='ocrx_word' id='word_1_82' title='bbox 996 1446 1067 1506; x_wconf 88' lang='lat' dir='ltr'>Am-</span> 
     </span>
     <span class='ocr_line' id='line_1_14' title="bbox 189 1525 1066 1608; baseline 0.007 -25"><span class='ocrx_word' id='word_1_83' title='bbox 189 1527 292 1585; x_wconf 81' lang='lat' dir='ltr'>·osium.</span> <span class='ocrx_word' id='word_1_84' title='bbox 314 1525 424 1600; x_wconf 79' lang='lat' dir='ltr'>Exeo,</span> <span class='ocrx_word' id='word_1_85' title='bbox 446 1526 528 1606; x_wconf 88' lang='lat' dir='ltr'>quod</span> <span class='ocrx_word' id='word_1_86' title='bbox 544 1526 682 1588; x_wconf 81' lang='lat' dir='ltr'>Christus</span> <span class='ocrx_word' id='word_1_87' title='bbox 705 1530 825 1608; x_wconf 88' lang='lat' dir='ltr'>rogavit</span> <span class='ocrx_word' id='word_1_88' title='bbox 846 1539 901 1607; x_wconf 87' lang='lat' dir='ltr'>pro</span> <span class='ocrx_word' id='word_1_89' title='bbox 917 1527 978 1588; x_wconf 89' lang='lat' dir='ltr'>flde</span> <span class='ocrx_word' id='word_1_90' title='bbox 1001 1530 1066 1589; x_wconf 88' lang='lat' dir='ltr'>eius</span> 
     </span>
     <span class='ocr_line' id='line_1_15' title="bbox 188 1606 1070 1689; baseline 0.012 -24"><span class='ocrx_word' id='word_1_91' title='bbox 188 1606 344 1668; x_wconf 79' lang='lat' dir='ltr'>defectibili</span> <span class='ocrx_word' id='word_1_92' title='bbox 367 1616 398 1669; x_wconf 89' lang='lat' dir='ltr'>et</span> <span class='ocrx_word' id='word_1_93' title='bbox 420 1610 507 1668; x_wconf 88' lang='lat' dir='ltr'>iussit</span> <span class='ocrx_word' id='word_1_94' title='bbox 529 1628 598 1671; x_wconf 91' lang='lat' dir='ltr'>eum</span> <span class='ocrx_word' id='word_1_95' title='bbox 611 1611 792 1670; x_wconf 85' lang='lat' dir='ltr'>confirmare</span> <span class='ocrx_word' id='word_1_96' title='bbox 803 1613 911 1671; x_wconf 83' lang='lat' dir='ltr'>iratres</span> <span class='ocrx_word' id='word_1_97' title='bbox 923 1611 993 1672; x_wconf 87' lang='lat' dir='ltr'>Luc.</span> <span class='ocrx_word' id='word_1_98' title='bbox 1007 1613 1070 1689; x_wconf 71' lang='lat'>22,-</span> 
     </span>
     <span class='ocr_line' id='line_1_16' title="bbox 189 1691 1068 1774; baseline 0.006 -25"><span class='ocrx_word' id='word_1_99' title='bbox 189 1691 313 1750; x_wconf 86' lang='lat' dir='ltr'>cundum</span> <span class='ocrx_word' id='word_1_100' title='bbox 338 1692 592 1771; x_wconf 77' lang='lat' dir='ltr'>chrysostomum</span> <span class='ocrx_word' id='word_1_101' title='bbox 617 1701 648 1753; x_wconf 90' lang='lat' dir='ltr'>et</span> <span class='ocrx_word' id='word_1_102' title='bbox 670 1693 700 1754; x_wconf 81' lang='lat' dir='ltr'>S.</span> <span class='ocrx_word' id='word_1_103' title='bbox 724 1693 877 1770; x_wconf 76' lang='lat' dir='ltr'>Leonem3</span> <span class='ocrx_word' id='word_1_104' title='bbox 912 1694 995 1773; x_wconf 89' lang='lat' dir='ltr'>qood</span> <span class='ocrx_word' id='word_1_105' title='bbox 1017 1714 1068 1774; x_wconf 85' lang='lat' dir='ltr'>pe·</span> 
     </span>
     <span class='ocr_line' id='line_1_17' title="bbox 189 1774 1162 1853; baseline 0.004 -21"><span class='ocrx_word' id='word_1_106' title='bbox 189 1791 216 1832; x_wconf 93' lang='lat' dir='ltr'>or</span> <span class='ocrx_word' id='word_1_107' title='bbox 235 1774 334 1833; x_wconf 88' lang='lat' dir='ltr'>ovium</span> <span class='ocrx_word' id='word_1_108' title='bbox 359 1774 469 1834; x_wconf 82' lang='lat' dir='ltr'>Christi</span> <span class='ocrx_word' id='word_1_109' title='bbox 493 1777 676 1835; x_wconf 88' lang='lat' dir='ltr'>constitutus</span> <span class='ocrx_word' id='word_1_110' title='bbox 699 1784 768 1853; x_wconf 90' lang='lat' dir='ltr'>est,</span> <span class='ocrx_word' id='word_1_111' title='bbox 788 1776 901 1838; x_wconf 85' lang='lat' dir='ltr'>Jobon.</span> <span class='ocrx_word' id='word_1_112' title='bbox 924 1782 993 1853; x_wconf 82' lang='lat' dir='ltr'>ult,</span> <span class='ocrx_word' id='word_1_113' title='bbox 1022 1795 1068 1836; x_wconf 88' lang='lat' dir='ltr'>se·</span> <span class='ocrx_word' id='word_1_114' title='bbox 1127 1799 1132 1810; x_wconf 74' lang='lat'><strong><em>¹</em></strong></span> <span class='ocrx_word' id='word_1_115' title='bbox 1158 1835 1162 1844; x_wconf 86' lang='grc'><em>,</em></span> 
     </span>
     <span class='ocr_line' id='line_1_18' title="bbox 189 1856 1067 1938; baseline 0.005 -24"><span class='ocrx_word' id='word_1_116' title='bbox 189 1856 279 1915; x_wconf 84' lang='lat' dir='ltr'>ludum</span> <span class='ocrx_word' id='word_1_117' title='bbox 305 1856 558 1936; x_wconf 85' lang='lat' dir='ltr'>Chrysostomum</span> <span class='ocrx_word' id='word_1_118' title='bbox 590 1865 621 1918; x_wconf 89' lang='lat' dir='ltr'>et</span> <span class='ocrx_word' id='word_1_119' title='bbox 642 1858 846 1938; x_wconf 81' lang='lat' dir='ltr'>Gregorium3</span> <span class='ocrx_word' id='word_1_120' title='bbox 878 1857 962 1937; x_wconf 90' lang='lat' dir='ltr'>quod</span> <span class='ocrx_word' id='word_1_121' title='bbox 979 1859 1067 1918; x_wconf 83' lang='lat' dir='ltr'>Chri-</span> 
     </span>
     <span class='ocr_line' id='line_1_19' title="bbox 189 1939 1067 2019; baseline 0.001 -21"><span class='ocrx_word' id='word_1_122' title='bbox 189 1959 215 1998; x_wconf 86' lang='lat' dir='ltr'>us</span> <span class='ocrx_word' id='word_1_123' title='bbox 237 1941 280 1998; x_wconf 88' lang='lat' dir='ltr'>ait</span> <span class='ocrx_word' id='word_1_124' title='bbox 301 1939 339 1998; x_wconf 88' lang='lat' dir='ltr'>ad</span> <span class='ocrx_word' id='word_1_125' title='bbox 364 1940 506 1999; x_wconf 88' lang='lat' dir='ltr'>Petrum:</span> <span class='ocrx_word' id='word_1_126' title='bbox 530 1939 665 2019; x_wconf 84' lang='lat' dir='ltr'>Sequere</span> <span class='ocrx_word' id='word_1_127' title='bbox 689 1961 759 2018; x_wconf 87' lang='lat' dir='ltr'>me,</span> <span class='ocrx_word' id='word_1_128' title='bbox 781 1960 843 2000; x_wconf 92' lang='lat' dir='ltr'>non</span> <span class='ocrx_word' id='word_1_129' title='bbox 866 1941 966 2001; x_wconf 90' lang='lat' dir='ltr'>solum</span> <span class='ocrx_word' id='word_1_130' title='bbox 989 1941 1067 2001; x_wconf 89' lang='lat' dir='ltr'>scili·</span> 
     </span>
     <span class='ocr_line' id='line_1_20' title="bbox 189 2023 1067 2104; baseline 0.003 -24"><span class='ocrx_word' id='word_1_131' title='bbox 189 2029 205 2080; x_wconf 80' lang='lat' dir='ltr'>u</span> <span class='ocrx_word' id='word_1_132' title='bbox 223 2041 333 2101; x_wconf 84' lang='lat' dir='ltr'>genere</span> <span class='ocrx_word' id='word_1_133' title='bbox 355 2023 511 2101; x_wconf 82' lang='lat' dir='ltr'>martyrii,</span> <span class='ocrx_word' id='word_1_134' title='bbox 545 2023 599 2083; x_wconf 87' lang='lat' dir='ltr'>sed</span> <span class='ocrx_word' id='word_1_135' title='bbox 627 2031 658 2083; x_wconf 90' lang='lat' dir='ltr'>et</span> <span class='ocrx_word' id='word_1_136' title='bbox 681 2024 787 2083; x_wconf 89' lang='lat' dir='ltr'>ordine</span> <span class='ocrx_word' id='word_1_137' title='bbox 810 2024 993 2104; x_wconf 84' lang='lat' dir='ltr'>magisterii,</span> <span class='ocrx_word' id='word_1_138' title='bbox 1021 2042 1067 2083; x_wconf 90' lang='lat' dir='ltr'>se-</span> 
     </span>
     <span class='ocr_line' id='line_1_21' title="bbox 189 2103 1067 2185; baseline 0.002 -23"><span class='ocrx_word' id='word_1_139' title='bbox 189 2104 278 2162; x_wconf 87' lang='lat' dir='ltr'>udum</span> <span class='ocrx_word' id='word_1_140' title='bbox 301 2103 533 2184; x_wconf 66' lang='lat' dir='ltr'>Theophilum</span> <span class='ocrx_word' id='word_1_141' title='bbox 559 2106 643 2185; x_wconf 89' lang='lat' dir='ltr'>quod</span> <span class='ocrx_word' id='word_1_142' title='bbox 665 2106 748 2165; x_wconf 87' lang='lat' dir='ltr'>solus</span> <span class='ocrx_word' id='word_1_143' title='bbox 770 2108 871 2166; x_wconf 88' lang='lat' dir='ltr'>iussus</span> <span class='ocrx_word' id='word_1_144' title='bbox 893 2113 941 2166; x_wconf 88' lang='lat' dir='ltr'>est</span> <span class='ocrx_word' id='word_1_145' title='bbox 961 2107 1067 2167; x_wconf 87' lang='lat' dir='ltr'>Petrus</span> 
     </span>
     <span class='ocr_line' id='line_1_22' title="bbox 189 2187 1069 2266; baseline 0.003 -21"><span class='ocrx_word' id='word_1_146' title='bbox 189 2189 253 2246; x_wconf 82' lang='lat' dir='ltr'>urire</span> <span class='ocrx_word' id='word_1_147' title='bbox 275 2206 367 2266; x_wconf 87' lang='lat' dir='ltr'>super</span> <span class='ocrx_word' id='word_1_148' title='bbox 387 2206 472 2247; x_wconf 88' lang='lat' dir='ltr'>mare</span> <span class='ocrx_word' id='word_1_149' title='bbox 495 2188 534 2247; x_wconf 88' lang='lat' dir='ltr'>ad</span> <span class='ocrx_word' id='word_1_150' title='bbox 546 2187 710 2266; x_wconf 86' lang='lat' dir='ltr'>Christum,</span> <span class='ocrx_word' id='word_1_151' title='bbox 731 2200 764 2249; x_wconf 92' lang='lat' dir='ltr'>ut</span> <span class='ocrx_word' id='word_1_152' title='bbox 785 2190 829 2248; x_wconf 88' lang='lat' dir='ltr'>sic</span> <span class='ocrx_word' id='word_1_153' title='bbox 851 2187 991 2265; x_wconf 88' lang='lat' dir='ltr'>mundus,</span> <span class='ocrx_word' id='word_1_154' title='bbox 1013 2209 1069 2265; x_wconf 90' lang='lat' dir='ltr'>per</span> 
     </span>
     <span class='ocr_line' id='line_1_23' title="bbox 189 2270 1067 2350; baseline 0.005 -24"><span class='ocrx_word' id='word_1_155' title='bbox 189 2289 235 2328; x_wconf 82' lang='lat' dir='ltr'>are</span> <span class='ocrx_word' id='word_1_156' title='bbox 254 2270 450 2350; x_wconf 88' lang='lat' dir='ltr'>designatus,</span> <span class='ocrx_word' id='word_1_157' title='bbox 472 2277 554 2330; x_wconf 88' lang='lat' dir='ltr'>totus</span> <span class='ocrx_word' id='word_1_158' title='bbox 576 2272 604 2330; x_wconf 87' lang='lat' dir='ltr'>ei</span> <span class='ocrx_word' id='word_1_159' title='bbox 628 2272 783 2331; x_wconf 84' lang='lat' dir='ltr'>subiectus</span> <span class='ocrx_word' id='word_1_160' title='bbox 805 2271 973 2331; x_wconf 88' lang='lat' dir='ltr'>secuudum</span> <span class='ocrx_word' id='word_1_161' title='bbox 997 2271 1067 2331; x_wconf 88' lang='lat' dir='ltr'>Ber·</span> 
     </span>
     <span class='ocr_line' id='line_1_24' title="bbox 189 2352 1068 2434; baseline 0.003 -24"><span class='ocrx_word' id='word_1_162' title='bbox 189 2352 275 2417; x_wconf 82' lang='lat' dir='ltr'>udum</span> <span class='ocrx_word' id='word_1_163' title='bbox 299 2353 337 2412; x_wconf 93' lang='lat' dir='ltr'>de</span> <span class='ocrx_word' id='word_1_164' title='bbox 362 2352 609 2414; x_wconf 86' lang='lat' dir='ltr'>consideratione</span> <span class='ocrx_word' id='word_1_165' title='bbox 622 2354 659 2412; x_wconf 88' lang='lat' dir='ltr'>ad</span> <span class='ocrx_word' id='word_1_166' title='bbox 674 2354 856 2434; x_wconf 79' lang='lat' dir='ltr'>Eugenium,</span> <span class='ocrx_word' id='word_1_167' title='bbox 879 2361 910 2413; x_wconf 90' lang='lat' dir='ltr'>et</span> <span class='ocrx_word' id='word_1_168' title='bbox 930 2373 986 2433; x_wconf 94' lang='lat' dir='ltr'>per</span> <span class='ocrx_word' id='word_1_169' title='bbox 1006 2354 1068 2413; x_wconf 85' lang='lat' dir='ltr'>alia</span> 
     </span>
     <span class='ocr_line' id='line_1_25' title="bbox 189 2434 1068 2515; baseline 0.005 -23"><span class='ocrx_word' id='word_1_170' title='bbox 189 2436 286 2513; x_wconf 74' lang='lat' dir='ltr'>iperius</span> <span class='ocrx_word' id='word_1_171' title='bbox 310 2434 463 2505; x_wconf 80' lang='lat' dir='ltr'>adducta,</span> <span class='ocrx_word' id='word_1_172' title='bbox 493 2443 602 2515; x_wconf 89' lang='lat' dir='ltr'>reputo</span> <span class='ocrx_word' id='word_1_173' title='bbox 625 2437 855 2497; x_wconf 87' lang='lat' dir='ltr'>conclusionem</span> <span class='ocrx_word' id='word_1_174' title='bbox 876 2436 960 2495; x_wconf 91' lang='lat' dir='ltr'>illam</span> <span class='ocrx_word' id='word_1_175' title='bbox 982 2456 1001 2494; x_wconf 93' lang='lat' dir='ltr'>a</span> <span class='ocrx_word' id='word_1_176' title='bbox 1022 2442 1068 2496; x_wconf 92' lang='lat' dir='ltr'>tot</span> 
     </span>
     <span class='ocr_line' id='line_1_26' title="bbox 189 2514 1066 2593; baseline 0.002 -18"><span class='ocrx_word' id='word_1_177' title='bbox 189 2517 262 2576; x_wconf 72' lang='lat' dir='ltr'>loebe</span> <span class='ocrx_word' id='word_1_178' title='bbox 284 2517 439 2593; x_wconf 85' lang='lat' dir='ltr'>Patribus,</span> <span class='ocrx_word' id='word_1_179' title='bbox 472 2525 504 2578; x_wconf 88' lang='lat' dir='ltr'>et</span> <span class='ocrx_word' id='word_1_180' title='bbox 527 2520 693 2578; x_wconf 88' lang='lat' dir='ltr'>novissime</span> <span class='ocrx_word' id='word_1_181' title='bbox 722 2539 741 2580; x_wconf 89' lang='lat' dir='ltr'>a</span> <span class='ocrx_word' id='word_1_182' title='bbox 762 2514 894 2578; x_wconf 79' lang='lat' dir='ltr'>concilio</span> <span class='ocrx_word' id='word_1_183' title='bbox 917 2518 1066 2580; x_wconf 77' lang='lat' dir='ltr'>Constan-</span> 
     </span>
     <span class='ocr_line' id='line_1_27' title="bbox 189 2599 1067 2681; baseline 0.002 -23"><span class='ocrx_word' id='word_1_184' title='bbox 189 2601 241 2658; x_wconf 85' lang='lat' dir='ltr'>ensi</span> <span class='ocrx_word' id='word_1_185' title='bbox 260 2599 420 2678; x_wconf 82' lang='lat' dir='ltr'>probatem</span> <span class='ocrx_word' id='word_1_186' title='bbox 444 2619 511 2661; x_wconf 88' lang='lat' dir='ltr'>esse</span> <span class='ocrx_word' id='word_1_187' title='bbox 534 2620 648 2661; x_wconf 79' lang='lat' dir='ltr'>veram.</span> <span class='ocrx_word' id='word_1_188' title='bbox 671 2602 752 2662; x_wconf 89' lang='lat' dir='ltr'>Nolo</span> <span class='ocrx_word' id='word_1_189' title='bbox 764 2610 867 2662; x_wconf 88' lang='lat' dir='ltr'>tamen</span> <span class='ocrx_word' id='word_1_190' title='bbox 888 2602 976 2660; x_wconf 91' lang='lat' dir='ltr'>inniti</span> <span class='ocrx_word' id='word_1_191' title='bbox 1000 2620 1067 2681; x_wconf 90' lang='lat' dir='ltr'>pro·</span> 
     </span>
     <span class='ocr_line' id='line_1_28' title="bbox 189 2681 1145 2763; baseline 0.003 -24"><span class='ocrx_word' id='word_1_192' title='bbox 189 2683 236 2741; x_wconf 81' lang='lat' dir='ltr'>rice</span> <span class='ocrx_word' id='word_1_193' title='bbox 255 2681 451 2761; x_wconf 72' lang='lat' dir='ltr'>prudentiae,</span> <span class='ocrx_word' id='word_1_194' title='bbox 473 2689 596 2763; x_wconf 86' lang='lat' dir='ltr'>paratus</span> <span class='ocrx_word' id='word_1_195' title='bbox 619 2686 774 2763; x_wconf 87' lang='lat' dir='ltr'>captivare</span> <span class='ocrx_word' id='word_1_196' title='bbox 795 2684 983 2743; x_wconf 88' lang='lat' dir='ltr'>intellectum</span> <span class='ocrx_word' id='word_1_197' title='bbox 1007 2703 1068 2742; x_wconf 89' lang='lat' dir='ltr'>me·</span> <span class='ocrx_word' id='word_1_198' title='bbox 1141 2682 1145 2690; x_wconf 80' lang='grc'><strong>“</strong></span> 
     </span>
     <span class='ocr_line' id='line_1_29' title="bbox 189 2765 1066 2845; baseline 0.002 -23"><span class='ocrx_word' id='word_1_199' title='bbox 189 2784 208 2822; x_wconf 87' lang='lat' dir='ltr'>m</span> <span class='ocrx_word' id='word_1_200' title='bbox 227 2772 255 2824; x_wconf 88' lang='lat' dir='ltr'>et</span> <span class='ocrx_word' id='word_1_201' title='bbox 285 2765 315 2823; x_wconf 95' lang='lat' dir='ltr'>in</span> <span class='ocrx_word' id='word_1_202' title='bbox 348 2767 385 2824; x_wconf 88' lang='lat' dir='ltr'>iis</span> <span class='ocrx_word' id='word_1_203' title='bbox 406 2773 440 2826; x_wconf 81' lang='lat' dir='ltr'>et</span> <span class='ocrx_word' id='word_1_204' title='bbox 460 2765 689 2845; x_wconf 87' lang='lat' dir='ltr'>quibuscunque</span> <span class='ocrx_word' id='word_1_205' title='bbox 709 2767 777 2826; x_wconf 86' lang='lat' dir='ltr'>aliis</span> <span class='ocrx_word' id='word_1_206' title='bbox 799 2766 912 2826; x_wconf 91' lang='lat' dir='ltr'>iudicio</span> <span class='ocrx_word' id='word_1_207' title='bbox 934 2765 1066 2826; x_wconf 88' lang='lat' dir='ltr'>iudicum</span> 
     </span>
     <span class='ocr_line' id='line_1_30' title="bbox 189 2845 1067 2928; baseline 0.005 -24"><span class='ocrx_word' id='word_1_208' title='bbox 189 2845 388 2906; x_wconf 86' lang='lat' dir='ltr'>rdinandorum</span> <span class='ocrx_word' id='word_1_209' title='bbox 409 2848 491 2908; x_wconf 88' lang='lat' dir='ltr'>sedis</span> <span class='ocrx_word' id='word_1_210' title='bbox 514 2849 715 2928; x_wconf 85' lang='lat' dir='ltr'>apostolicae,</span> <span class='ocrx_word' id='word_1_211' title='bbox 739 2857 770 2909; x_wconf 89' lang='lat' dir='ltr'>et</span> <span class='ocrx_word' id='word_1_212' title='bbox 790 2850 919 2909; x_wconf 89' lang='lat' dir='ltr'>aliorum</span> <span class='ocrx_word' id='word_1_213' title='bbox 937 2847 1067 2927; x_wconf 88' lang='lat' dir='ltr'>pruden-</span> 
     </span>
     <span class='ocr_line' id='line_1_31' title="bbox 189 2929 616 3005; baseline 0.007 -17"><span class='ocrx_word' id='word_1_214' title='bbox 189 2948 227 3005; x_wconf 84' lang='lat' dir='ltr'>um</span> <span class='ocrx_word' id='word_1_215' title='bbox 248 2937 278 2989; x_wconf 90' lang='lat' dir='ltr'>et</span> <span class='ocrx_word' id='word_1_216' title='bbox 299 2929 451 2989; x_wconf 91' lang='lat' dir='ltr'>bonorum</span> <span class='ocrx_word' id='word_1_217' title='bbox 472 2931 616 2991; x_wconf 84' lang='lat' dir='ltr'>virorum.</span> 
     </span>
    </p>
   </div>
   <div class='ocr_carea' id='block_1_3' title="bbox 421 3029 775 3093">
    <p class='ocr_par' dir='ltr' id='par_1_4' title="bbox 421 3029 775 3093">
     <span class='ocr_line' id='line_1_32' title="bbox 421 3029 775 3093; baseline 0.006 -3"><span class='ocrx_word' id='word_1_218' title='bbox 421 3029 503 3090; x_wconf 84' lang='lat' dir='ltr'>Soli</span> <span class='ocrx_word' id='word_1_219' title='bbox 526 3030 607 3090; x_wconf 89' lang='lat' dir='ltr'>Deo</span> <span class='ocrx_word' id='word_1_220' title='bbox 630 3031 775 3093; x_wconf 80' lang='lat' dir='ltr'>Gloria.</span> 
     </span>
    </p>
   </div>
   <div class='ocr_carea' id='block_1_4' title="bbox 364 3195 764 3373">
    <p class='ocr_par' dir='ltr' id='par_1_5' title="bbox 364 3195 764 3373">
     <span class='ocr_line' id='line_1_33' title="bbox 364 3195 728 3287; baseline 0.011 -34"><span class='ocrx_word' id='word_1_221' title='bbox 364 3281 370 3287; x_wconf 88' lang='lat'>.</span> <span class='ocrx_word' id='word_1_222' title='bbox 477 3195 564 3257; x_wconf 84' lang='lat' dir='ltr'>Hora</span> <span class='ocrx_word' id='word_1_223' title='bbox 585 3196 728 3274; x_wconf 84' lang='lat' dir='ltr'>secunda.</span> 
     </span>
     <span class='ocr_line' id='line_1_34' title="bbox 448 3309 764 3373; baseline 0.013 -4"><span class='ocrx_word' id='word_1_224' title='bbox 448 3309 488 3372; x_wconf 88' lang='grc' dir='ltr'>Μ.</span> <span class='ocrx_word' id='word_1_225' title='bbox 520 3309 764 3373; x_wconf 85' lang='lat' dir='ltr'>Lutberus.</span> 
     </span>
    </p>
   </div>
   <div class='ocr_carea' id='block_1_5' title="bbox 189 3445 1069 3777">
    <p class='ocr_par' dir='ltr' id='par_1_6' title="bbox 189 3445 1069 3777">
     <span class='ocr_line' id='line_1_35' title="bbox 237 3445 1067 3529; baseline -0.001 -22"><span class='ocrx_word' id='word_1_226' title='bbox 237 3446 379 3529; x_wconf 79' lang='lat' dir='ltr'>Cogimur</span> <span class='ocrx_word' id='word_1_227' title='bbox 399 3449 532 3511; x_wconf 88' lang='lat' dir='ltr'>adiicere</span> <span class='ocrx_word' id='word_1_228' title='bbox 554 3447 747 3520; x_wconf 75' lang='lat' dir='ltr'>coronidem,</span> <span class='ocrx_word' id='word_1_229' title='bbox 770 3447 842 3526; x_wconf 84' lang='lat' dir='ltr'>quia</span> <span class='ocrx_word' id='word_1_230' title='bbox 864 3445 1005 3526; x_wconf 87' lang='lat' dir='ltr'>egregius</span> <span class='ocrx_word' id='word_1_231' title='bbox 1031 3446 1067 3507; x_wconf 88' lang='lat' dir='ltr'>D.</span> 
     </span>
     <span class='ocr_line' id='line_1_36' title="bbox 189 3527 1069 3610; baseline -0.001 -22"><span class='ocrx_word' id='word_1_232' title='bbox 189 3528 203 3585; x_wconf 87' lang='lat' dir='ltr'>l.</span> <span class='ocrx_word' id='word_1_233' title='bbox 219 3528 327 3591; x_wconf 86' lang='lat' dir='ltr'>diluens</span> <span class='ocrx_word' id='word_1_234' title='bbox 355 3533 478 3595; x_wconf 88' lang='lat' dir='ltr'>obieeta</span> <span class='ocrx_word' id='word_1_235' title='bbox 499 3530 684 3592; x_wconf 79' lang='lat' dir='ltr'>mea-simul</span> <span class='ocrx_word' id='word_1_236' title='bbox 707 3530 837 3610; x_wconf 85' lang='lat' dir='ltr'>plurima</span> <span class='ocrx_word' id='word_1_237' title='bbox 860 3527 1015 3609; x_wconf 91' lang='lat' dir='ltr'>opposuit,</span> <span class='ocrx_word' id='word_1_238' title='bbox 1038 3533 1069 3588; x_wconf 88' lang='lat' dir='ltr'>et</span> 
     </span>
     <span class='ocr_line' id='line_1_37' title="bbox 189 3610 1068 3697; baseline 0.001 -28"><span class='ocrx_word' id='word_1_239' title='bbox 189 3627 254 3672; x_wconf 84' lang='lat' dir='ltr'>ursus</span> <span class='ocrx_word' id='word_1_240' title='bbox 273 3634 322 3674; x_wconf 90' lang='lat' dir='ltr'>me</span> <span class='ocrx_word' id='word_1_241' title='bbox 343 3616 662 3697; x_wconf 74' lang='lat' dir='ltr'>responderaeoegit.</span> <span class='ocrx_word' id='word_1_242' title='bbox 703 3613 740 3671; x_wconf 80' lang='lat' dir='ltr'>Et</span> <span class='ocrx_word' id='word_1_243' title='bbox 762 3631 934 3692; x_wconf 89' lang='lat' dir='ltr'>quanquam</span> <span class='ocrx_word' id='word_1_244' title='bbox 963 3610 992 3670; x_wconf 89' lang='lat' dir='ltr'>id</span> <span class='ocrx_word' id='word_1_245' title='bbox 1016 3629 1068 3670; x_wconf 88' lang='lat' dir='ltr'>vo·</span> 
     </span>
     <span class='ocr_line' id='line_1_38' title="bbox 189 3692 1068 3777; baseline 0.003 -28"><span class='ocrx_word' id='word_1_246' title='bbox 189 3692 274 3752; x_wconf 81' lang='lat' dir='ltr'>iissem</span> <span class='ocrx_word' id='word_1_247' title='bbox 291 3699 479 3777; x_wconf 76' lang='lat' dir='ltr'>praeterire,</span> <span class='ocrx_word' id='word_1_248' title='bbox 516 3705 618 3759; x_wconf 90' lang='lat' dir='ltr'>tamen</span> <span class='ocrx_word' id='word_1_249' title='bbox 648 3703 682 3759; x_wconf 89' lang='lat' dir='ltr'>ut</span> <span class='ocrx_word' id='word_1_250' title='bbox 714 3693 892 3758; x_wconf 86' lang='lat' dir='ltr'>ordinandis</span> <span class='ocrx_word' id='word_1_251' title='bbox 919 3692 1068 3755; x_wconf 83' lang='lat' dir='ltr'>iudicibus</span> 
     </span>
    </p>
   </div>
   <div class='ocr_carea' id='block_1_6' title="bbox 189 3777 1087 3910">
    <p class='ocr_par' dir='ltr' id='par_1_7' title="bbox 189 3777 1087 3910">
     <span class='ocr_line' id='line_1_39' title="bbox 189 3777 1087 3903; baseline 0.011 -75"><span class='ocrx_word' id='word_1_252' title='bbox 189 3777 317 3903; x_wconf 63' lang='lat' dir='ltr'>ppmnia</span> <span class='ocrx_word' id='word_1_253' title='bbox 338 3797 440 3872; x_wconf 74' lang='lat' dir='ltr'>meam</span> <span class='ocrx_word' id='word_1_254' title='bbox 462 3784 653 3849; x_wconf 85' lang='lat' dir='ltr'>sententiam</span> <span class='ocrx_word' id='word_1_255' title='bbox 679 3781 869 3865; x_wconf 89' lang='lat' dir='ltr'>declarem,</span> <span class='ocrx_word' id='word_1_256' title='bbox 896 3780 1009 3867; x_wconf 80' lang='lat' dir='ltr'>paucis</span> <span class='ocrx_word' id='word_1_257' title='bbox 1037 3795 1087 3838; x_wconf 83' lang='lat' dir='ltr'>re-</span> 
     </span>
     <span class='ocr_line' id='line_1_40' title="bbox 192 3864 276 3910; baseline 0.095 -8"><span class='ocrx_word' id='word_1_258' title='bbox 192 3864 210 3902; x_wconf 86' lang='lat' dir='ltr'>n</span> <span class='ocrx_word' id='word_1_259' title='bbox 228 3865 276 3910; x_wconf 85' lang='lat' dir='ltr'>eo.</span> 
     </span>
    </p>
   </div>
   <div class='ocr_carea' id='block_1_7' title="bbox 0 0 1361 4417">
    <p class='ocr_par' dir='ltr' id='par_1_8' title="bbox 0 0 1361 4417">
     <span class='ocr_line' id='line_1_41' title="bbox 0 0 1361 4417; baseline 0 0"><span class='ocrx_word' id='word_1_260' title='bbox 0 0 1361 4417; x_wconf 95' lang='lat' dir='ltr'> </span> 
     </span>
    </p>
   </div>
  </div>
 </body>
</html>
