2709 4417
394 354 400 363 “
453 360 488 414 ad
507 362 564 416 lob.
584 361 841 432 Oeaolampallium.
1051 359 1114 426 485

201 544 251 607 liit
271 545 313 606 ob
341 545 420 607 baeu
440 545 607 625 botherus,
642 546 725 626 quod
753 545 915 606 videbatur
935 545 1115 627 obstrepere

201 627 346 705 roneiliis,
371 648 440 690 oum
463 629 515 690 ille
536 629 612 689 nihil
634 631 750 690 maiore
770 628 922 708 religione
935 636 1115 710 praestaret,

201 729 288 790 poam
321 719 354 771 ut
387 731 444 772 sua
466 712 604 774 eoneiliis
637 719 720 772 esset
740 713 897 772 autoritas.
940 711 987 774 Ibi
1008 713 1115 773 baere-

200 812 256 868 tes,
279 793 468 856 Bohemieae
488 794 655 872 factiones,
677 802 709 855 et
729 794 760 854 id
787 815 884 874 genus
907 796 1034 856 erimina
1054 796 1116 855 alia

200 875 429 942 obiieiebantur.

277 958 405 1038 Largius
428 967 475 1020 est
497 959 622 1037 Eeoius,
645 961 806 1039 aequalem
832 960 966 1020 omnium
990 968 1115 1040 aposto·

200 1060 295 1102 ,orum
322 1044 517 1104 autoritatem
539 1044 648 1120 fuisse,
682 1061 741 1102 nee
768 1049 1005 1103 oonseetaneum
1036 1061 1116 1119 esse,

200 1129 227 1184 rt
242 1125 325 1184 ’sint
355 1125 504 1205 aequales
540 1126 694 1204 episeopi,
732 1126 882 1186 interesse
922 1127 1002 1185 enim
1037 1127 1117 1185 inter

200 1201 392 1289 Ξποστολὴν
413 1215 444 1268 et
465 1207 772 1286 administrationem,
794 1227 862 1267 eum
881 1226 943 1268 non
967 1208 1008 1268 sit
1028 1203 1116 1272 ἆπο-

200 1288 299 1372 πολή
321 1290 471 1351 aliudnisi
484 1290 599 1371 legatio
621 1286 667 1364 εἰς
688 1285 841 1372 ὑπακοὴν
855 1294 999 1364 πίστεως
1020 1290 1115 1350 Paulo

200 1371 234 1433 sd
255 1373 347 1434 Rom.
371 1379 489 1434 autore.
531 1373 651 1452 Neque·
673 1375 752 1433 inter
786 1368 982 1454 ἀποστολήν
1005 1380 1038 1432 et
1060 1371 1117 1433 ad-

200 1456 452 1517 ministrationem
485 1456 556 1534 quid
589 1457 724 1529 intersit,
764 1454 865 1515 video.
919 1454 1116 1516 intolerabile

200 1538 296 1598 risum
307 1537 415 1612 Eaeio,
437 1538 548 1599 alieubi
570 1537 716 1599 resedere
738 1558 757 1598 a
777 1537 945 1598 Pontifleiis
967 1538 1117 1614 Decretis,

200 1626 248 1682 aut
273 1639 294 1680 a
316 1620 578 1700 qualibusounque
599 1620 701 1681 verbis
723 1620 851 1681 alieuius
875 1639 892 1680 e
915 1619 945 1680 S.
967 1619 1116 1696 Patribus,

199 1722 300 1763 verum
324 1704 508 1763 sententiam
542 1723 627 1763 suam
657 1702 696 1763 de
719 1702 840 1763 Pontifl.
862 1703 933 1763 loeo
956 1701 995 1762 ad
1016 1700 1117 1764 Galat.

199 1784 346 1846 lutherus
368 1786 492 1860 muniit,
525 1806 587 1847 non
610 1785 730 1861 alieno,
753 1791 898 1865 quantum
928 1783 1035 1846 video:
1068 1784 1118 1845 Ab

199 1868 232 1929 iis
254 1869 308 1946 qui
339 1867 520 1928 videbantur
549 1887 617 1929 esse
646 1868 778 1946 aliquid,
812 1868 918 1946 quales
950 1865 1117 1946 aliquando

200 1949 322 2028 herint,
354 1950 430 2010 nihil
459 1971 528 2011 mea
556 1952 694 2011 interest.
736 1951 819 2011 Deus
849 1951 929 2009 enim
951 1968 1117 2029 personam

199 2031 330 2094 bominis
362 2052 426 2093 non
457 2034 578 2112 ancipit.
622 2033 695 2092 Mihi
718 2039 819 2092 autem
850 2033 902 2111 qui
934 2032 1118 2093 videbantur

199 2134 264 2177 esse
289 2115 416 2195 aliquid,
439 2115 514 2176 nihil
537 2115 742 2176 contuleruut.
785 2115 909 2175 interim
921 2114 1032 2175 Eeoius
1055 2115 1119 2194 opi·

199 2204 286 2258 natur
307 2216 328 2257 a
350 2198 471 2258 Christo
495 2198 656 2277 apostolos
680 2198 778 2257 laotos
801 2217 886 2272 esse,
908 2197 963 2257 sed
986 2217 1005 2257 a
1025 2197 1117 2257 Petro

199 2280 359 2342 ordinatos
385 2281 560 2361 episcopos.
603 2280 651 2340 Ex
674 2280 721 2340 his
743 2281 886 2340 aestimes
908 2279 1034 2357 reliqua.

280 2361 331 2423 Ad
352 2363 612 2437 eonstitutionem,
636 2381 716 2442 quae
730 2368 907 2422 reoensetur
919 2363 950 2422 in
962 2362 1117 2423 Decretis:

199 2443 241 2506 Ne
257 2445 418 2506 Romanus
429 2445 572 2506 Pontifex
593 2445 775 2505 universalis
794 2446 958 2524 episeopus
980 2445 1118 2505 nomine·

199 2547 259 2605 mr,
301 2527 478 2607 respondit:
530 2527 599 2588 Non
639 2527 761 2607 quidem
808 2527 1011 2587 universalem
1055 2527 1117 2605 epi-

198 2628 329 2690 mopum
352 2609 571 2671 nominandum
588 2629 666 2684 esse,
695 2609 748 2669 sed
764 2610 944 2669 universalis
966 2608 1118 2669 eoelesiae

198 2693 390 2774 episcopum.

280 2773 358 2835 Post
379 2775 457 2835 haee
490 2774 528 2834 de
559 2774 737 2854 purgatorio
760 2774 810 2853 agi
832 2779 991 2852 coeptum,
1032 2773 1118 2831 euius

198 2858 406 2936 quaestionis,
435 2857 579 2934 arbitror,
609 2875 740 2936 scopum
762 2875 802 2916 ne
824 2857 963 2935 attigisse
986 2854 1143 2935 quidem.x

198 2940 277 3002 Nam
301 2959 370 2999 eum
393 2939 602 3000 disserendum
626 2945 722 3013 esset,
745 2957 834 3016 quam
858 2940 888 2997 in
910 2940 1118 3017 purgatorium

198 3028 387 3104 potestatem
408 3021 522 3082 babeat
542 3022 644 3100 Papa,
677 3021 782 3100 eoepit
803 3020 914 3080 Eaeius
936 3020 1027 3080 aliam
1050 3039 1119 3080 oan-

198 3106 344 3182 tilenam,
379 3124 448 3166 esse
475 3105 699 3184 purgatorium,
734 3103 858 3183 probari
887 3108 920 3161 ut
941 3103 1055 3182 possit,
1088 3100 1119 3161 id

198 3188 283 3269 quod
308 3189 460 3268 reeeptius
483 3194 545 3261 est,
578 3206 669 3266 quam
692 3192 726 3245 ut
749 3203 878 3245 neeesse
911 3186 950 3244 sit
975 3185 1068 3244 toties
1089 3184 1118 3243 in

198 3270 332 3334 Sebolas
357 3289 479 3332 vocare.
522 3269 623 3330 Locus
646 3275 694 3329 est
724 3269 754 3327 in
777 3265 1020 3332 Meebabaeis*l
1055 3266 1121 3325 vul·
1218 3283 1221 3292 ·

198 3359 309 3434 gatus,
354 3371 414 3431 quo
457 3353 639 3412 sententiam
678 3369 764 3411 suam
808 3348 965 3409 muniebat
998 3348 1120 3409 Eeeius.

198 3435 335 3497 bothero
359 3437 455 3495 visum
477 3441 523 3494 est
544 3436 576 3493 in
598 3434 814 3508 eontentione,
837 3433 922 3491 iuxta
942 3431 1121 3510 Hieronymi

197 3520 386 3580 sententiam
424 3537 486 3578 non
518 3517 624 3576 valere
650 3514 866 3575 Maehabaeos.
918 3513 1032 3573 Contra
1059 3513 1121 3588 ille,

197 3607 320 3662 tantum
344 3599 448 3660 deberi
464 3599 719 3660 Maababaeorum
742 3596 831 3673 libro,
854 3602 999 3675 quantum
1022 3594 1123 3654 Evan-

215 3768 475 3776 ⁴.---—-·-----——-
483 3768 565 3774 ——-
573 3767 599 3774 ...Δ
605 3767 622 3773 0

263 3862 291 3923 'l
309 3859 330 3913 2
345 3860 435 3914 Maeh.
459 3863 503 3918 12.
