2709 4417
319 398 336 414 ‘
445 378 518 439 xnt
536 379 571 435 ds
587 383 726 451 potssuta
747 379 846 450 rapsa
1049 374 1112 451 309

199 574 220 628 rt
247 567 354 629 elavos
377 587 441 631 non
472 587 541 631 esss
574 568 664 631 ullius
686 569 819 631 hominis
841 567 1022 650 singularis,
1056 568 1111 628 sed

199 650 343 712 ramesiae
366 658 398 713 et
410 652 648 731 communitatis,
670 651 895 730 utflrmumsit,
917 650 1111 712 sacerdotem

199 753 249 795 ron
272 735 422 818 sunium,
447 734 500 796 sed
516 735 682 796 ministerio
697 737 787 816 (quia
809 735 960 796 ecelesiae
975 735 1113 795 minister

199 822 252 891 rst)
278 818 435 879 eeclesias
457 817 592 879 clavibus
616 820 674 896 uti,
714 838 772 879 neo
801 826 946 898 tanquam
976 818 1038 879 suis
1060 824 1113 877 aut

199 898 257 979 ibi,
279 900 337 961 ssd
358 900 512 962 ecclesiae
533 900 662 963 traditis.

271 999 375 1070 Credo
403 1001 466 1061 iam
492 1001 570 1062 haec
598 1001 694 1063 ferme
731 999 822 1060 lidem
861 1000 993 1076 faotura,
1026 998 1107 1059 hano

199 1083 338 1144 lstthaei
359 1085 555 1145 autoritatem
585 1104 686 1164 neque
711 1083 749 1143 ad
773 1083 911 1159 Petrum,
942 1081 1103 1161 nequead

199 1184 421 1244 ¹uooessorem,
449 1185 549 1246 neque
577 1167 616 1227 ad
645 1187 736 1227 unam
765 1166 899 1245 aliquam
937 1165 1131 1225 eeclesiam·

199 1247 244 1308 red
275 1248 316 1308 ad
339 1267 449 1310 omnes
471 1250 617 1310 ecelesias
639 1251 801 1329 pertinere.
843 1211 1110 1390 Quiaglutdixifl

199 1332 257 1411 'uis
280 1333 395 1411 poterit
416 1349 545 1414 negare,
579 1332 623 1392 illi
658 1352 728 1393 esse
755 1333 858 1392 elavos
879 1331 1027 1414 traitas3
1059 1349 1111 1409 qur

199 1413 350 1475 ’evolante
371 1415 461 1477 Patre
489 1415 640 1477 Christum
676 1414 859 1476 confitetur?
897 1413 964 1489 Quo
993 1414 1112 1493 posito,

199 1515 322 1558 reaesse
343 1504 402 1576 est,
425 1504 468 1577 ul,
492 1497 543 1559 ubi
557 1499 604 1571 *sit
615 1498 762 1558 revelatio
785 1498 882 1557 Patris
905 1504 936 1557 et
957 1496 1112 1557 oonlessio

199 1579 314 1655 Jhristi,
335 1580 399 1640 illio
421 1586 453 1641 et
474 1580 586 1641 slaves.
629 1581 671 1640 At
692 1581 771 1640 hoeo
791 1582 823 1640 in
845 1578 981 1659 qualibet
1015 1579 1112 1639 eoole·

199 1663 237 1722 ria
259 1668 323 1740 est,
347 1682 409 1723 non
433 1671 533 1724 autem
556 1665 587 1723 in
610 1663 673 1724 ullo
700 1682 760 1723 uno
774 1663 920 1743 singulari
942 1670 973 1723 et
993 1663 1111 1722 inserto

199 1763 328 1807 romine.

271 1861 365 1938 Quod
387 1867 420 1922 ut
442 1861 579 1922 Christus
612 1861 701 1923 nobis
732 1861 979 1938 commendaret,
1011 1861 1112 1921 statim

199 1950 264 2024 ¹rost
285 1944 455 2025 gloriosam
477 1945 567 2005 islam
590 1944 669 2004 Petri
692 1944 1010 2021 commendationem,
1044 1961 1113 2003 oum

199 2046 257 2088 sum
279 2027 388 2087 Petrus
410 2026 578 2107 prohibuit,
599 2046 638 2088 ns
660 2033 849 2106 moreretur,
871 2028 1002 2087 audivit:
1025 2025 1112 2087 Vade

199 2116 264 2187 nost
285 2128 346 2187 me,
359 2108 483 2188 Bataua,
505 2128 568 2171 non
586 2111 666 2170 enim
681 2112 764 2191 sapis
779 2130 826 2208 ea,
850 2129 928 2190 quae
942 2108 999 2170 Dei
1022 2109 1112 2169 sunt?

199 2191 273 2268 Quid
296 2193 358 2252 boo
385 2192 450 2252 est?
484 2211 546 2272 non
570 2193 650 2272 sapit
675 2193 799 2270 Petrus,
833 2211 912 2273 quae
934 2192 991 2252 Dei
1021 2193 1113 2252 sunt?

199 2294 297 2337 nonne
319 2275 410 2335 Pater
431 2275 581 2336 revelavit
602 2275 652 2336 ei?
675 2275 707 2338 si
727 2276 805 2337 haeo
826 2281 898 2338 arrle
916 2276 1113 2336 sommenda-

199 2359 310 2419 lionem
333 2357 415 2418 Petri
435 2356 518 2418 laeta
539 2358 685 2433 fuissent,
716 2359 828 2436 aliquid
852 2359 999 2418 momenti
1022 2358 1114 2419 bobe-

199 2447 277 2514 rent‚
312 2440 435 2500 Petrum
466 2459 521 2520 pro
556 2460 612 2501 sua
641 2448 672 2502 et
709 2459 920 2502 suceessorum
950 2449 1003 2502 aut
1023 2441 1113 2502 unius

199 2521 348 2584 eoelesiae
369 2541 503 2603 persona
532 2523 627 2584 luisse
660 2523 927 2602 commendatum,
960 2531 992 2584 at
1023 2542 1114 2600 nuno,

201 2625 265 2666 oum
286 2605 682 2687 post‘oornmendalionem
704 2608 913 2686 vituperetur,
936 2613 969 2667 nt
991 2607 1113 2687 ignarus

200 2689 259 2766 uei,
289 2688 405 2749 alarum
428 2687 476 2765 fit,
498 2688 584 2748 illum
606 2689 796 2769 superiorem
818 2689 956 2763 Petrum,
980 2690 1030 2769 qui
1052 2689 1115 2750 olo·

199 2790 245 2831 res
276 2772 417 2851 aceepit,
455 2789 517 2832 non
549 2771 643 2832 luisse
664 2772 786 2832 Petrum
819 2771 914 2832 lilium
937 2771 997 2832 Bar
1023 2772 1115 2848 lona,

201 2853 247 2914 sed
279 2853 443 2914 eeclesiam
475 2852 569 2914 liliam
593 2853 665 2930 Dei,
702 2874 781 2934 quae
810 2855 902 2917 verbo
924 2855 982 2915 Dei
1011 2855 1117 2935 genita

201 2936 320 3017 verbum
351 2937 410 2996 Dei
440 2935 527 2996 audit
561 2941 592 2996 et
624 2935 786 2998 confltetur
824 2949 1056 3018 perseveranter
1083 2939 1116 2997 in

200 3017 305 3096 inem,
337 3037 400 3080 uon
423 3018 589 3099 aliquando
617 3038 680 3080 uon
711 3020 834 3100 sapiens
857 3040 936 3100 quae
956 3020 1014 3081 Dei
1036 3027 1115 3096 sunt,

199 3107 222 3162 et
244 3108 336 3163 retro
360 3101 444 3162 abire
466 3102 559 3182 iussa,
581 3103 660 3163 siout
681 3102 796 3165 Petrus.

280 3219 356 3295 Aut,
382 3219 408 3279 si
425 3219 486 3280 hoo
506 3218 545 3279 ad
567 3220 740 3280 Romanum
763 3219 939 3300 pontificem
969 3227 1000 3280 et
1021 3219 1117 3280 eoole·

199 3304 276 3363 sism
299 3302 448 3381 pertinet,
482 3301 563 3381 quod
586 3302 625 3363 ad
646 3302 768 3363 Petrum
791 3299 914 3364 dieitur:
946 3302 1015 3363 Tibi
1037 3301 1117 3363 dabo

199 3385 319 3460 elavos,
354 3385 415 3444 iam
438 3384 639 3466 irrefragabili
662 3386 790 3465 sequela
814 3385 965 3446 etiamad
988 3383 1116 3446 eandem

199 3473 222 3529 st
244 3466 327 3528 illud
343 3466 522 3547 pertinebit:
545 3467 633 3528 Vade
648 3477 721 3548 post
742 3488 801 3544 me,
816 3467 940 3545 Satara,
963 3468 1117 3528 nonenim

199 3552 282 3630 rapis
306 3568 387 3628 quae
410 3549 466 3610 Dei
489 3557 576 3629 sunt,
608 3551 681 3629 quia
702 3556 733 3612 et
753 3552 832 3611 haee
852 3551 892 3612 ad
914 3550 1035 3610 Petrum
1058 3550 1116 3611 Ro·

199 3651 310 3694 manae
333 3631 484 3693 eeclesiae
505 3633 636 3692 futurum
650 3635 828 3713 episcopum
842 3634 924 3694 diota
944 3640 1023 3693 sunt.
1045 3632 1117 3711 Aut,

199 3717 214 3773 ri
245 3715 330 3774 haee
360 3733 423 3772 non
454 3714 495 3772 ad
533 3735 568 3775 se
598 3718 756 3797 pertinere
792 3723 922 3801 putant,
948 3717 1015 3777 iam
1037 3714 1128 3775 nulla

199 3795 307 3851 stione
328 3795 515 3889 convincere
534 3811 678 3877 possunt
702 3823 760 3886 ea,
782 3823 867 3888 quae
889 3801 1038 3889 sonemus
1060 3798 1148 3860 uiola

199 3876 250 3929 mt
267 3870 312 3928 ad
329 3889 366 3930 se
380 3881 554 3952 pertinere.
