2709 4417
384 320 391 329 Ι
420 300 477 397 suis
496 338 603 412 Lipsiae
622 335 768 410 disputatis
790 357 813 392 a.
826 338 898 394 xlx.
1035 341 1046 374 '¹
1063 334 1126 402 269
1204 318 1212 348 ἱ

212 531 334 585 nostrae
363 527 497 586 iustitiae
530 525 623 587 modo
651 523 810 605 pensanda
837 529 894 583 eat.
936 522 1013 583 Sunt
1044 524 1124 583 enirn

215 608 303 688 plene
327 615 358 668 et
379 627 455 687 pure
475 610 555 687 insti,
577 611 668 668 etium
690 608 746 668 Dei
769 607 892 667 indicio.
922 607 1034 666 Verum
1057 624 1125 682 nos,

212 693 281 770 quia
307 693 339 750 in
367 699 498 773 peccato
526 693 588 752 nati
618 700 648 751 et
675 697 835 771 peccatum
866 689 951 749 velut
976 697 1126 761 ‚normam

209 772 305 833 induti
334 775 400 834 sine
421 781 551 855 peccato
574 794 636 834 non
659 793 781 853 snmus,
815 772 916 833 donec
937 771 1052 831 similes
1074 791 1126 831 an-

210 856 286 937 gelis
308 860 432 919 erimus.

291 939 426 1000 Primum
453 947 555 1001 autem
570 959 639 1019 pro
662 958 712 999 me
736 939 817 999 facit.
859 937 937 997 Nam
960 935 1031 997 ideo
1054 936 1126 1015 dixi,

211 1021 327 1080 nullum
350 1043 420 1083 ease
440 1031 600 1104 peccatum
628 1028 736 1082 natura
757 1041 813 1080 sua
833 1019 963 1097 veniale,
987 1019 1040 1078 aed
1063 1037 1126 1078 onr-

211 1105 262 1163 nia
289 1104 477 1166 damnabilia
536 1104 628 1180 Quod
655 1112 757 1164 autem
786 1103 918 1164 venialia
945 1109 1031 1179 aunt,
1069 1101 1126 1162 Dei
1216 1134 1221 1148 ·

213 1189 446 1268 gratioremque
469 1187 756 1268 magnipendenda
778 1191 841 1262 est)
865 1184 1056 1246 tribuendum
1070 1191 1126 1269 est.

211 1269 283 1331 ldeo
309 1291 349 1330 ne
377 1270 643 1353 parvipendatur
665 1270 787 1330 divinae
814 1269 981 1328 maiestatis
1014 1268 1132 1327 miseri·-

212 1352 325 1436 cordia,
348 1374 477 1415 necesse
498 1361 545 1414 est
565 1354 698 1416 venialia
720 1360 849 1433 peccata
872 1353 994 1420 maximi
1017 1351 1124 1411 lacere.

356 1535 519 1597 Rationem
542 1536 633 1594 etiam
656 1531 804 1593 addemus
827 1531 987 1593 dictorum.

291 1687 430 1748 Necesse
462 1692 509 1745 est
541 1685 601 1745 hoc
635 1684 812 1745 mandatum
839 1686 974 1766 impleri:
1008 1685 1125 1763 Diliges
1218 1695 1221 1700 ’

217 1770 376 1830 Dominum
401 1769 498 1828 Deum
521 1775 603 1827 tuum
626 1786 666 1828 ex
689 1775 755 1828 toto
779 1768 889 1845 corde,
912 1789 951 1828 ex
973 1775 1039 1829 tota
1059 1768 1125 1828 ani·

217 1872 260 1912 ma
281 1859 345 1931 tua,
368 1872 408 1912 ex
430 1851 502 1911 totis
525 1849 653 1929 viribus,
681 1852 724 1910 ita
747 1859 780 1910 ut
800 1870 859 1913 neo
879 1852 945 1912 iota
965 1870 1024 1913 nec
1045 1869 1126 1930 apex

218 1942 428 2014 praetereatur.
465 1934 508 1992 At
529 1951 597 1992 cum
620 1953 658 1993 ex
680 1934 834 2013 Apostolo
857 1934 995 1997 Romans
1008 1934 1037 2000 7.
1059 1953 1127 2015 pro·

219 2018 405 2094 baverimua‚
432 2023 591 2096 peccatum
615 2023 646 2077 et
675 2018 956 2097 concupiscentiam
978 2019 1008 2076 in
1033 2036 1127 2077 mem·

220 2099 270 2160 bris
293 2118 467 2182 repugnare
489 2099 550 2179 legi
574 2099 646 2174 Dei,
674 2100 789 2160 clarum
813 2109 875 2176 eat,
905 2099 988 2179 quod
1010 2118 1069 2161 nec
1088 2092 1138 2159 ex'

219 2189 274 2244 toto
298 2183 403 2263 corde,
425 2202 483 2242 nec
505 2201 544 2242 ex
566 2189 632 2243 tota
653 2183 765 2260 anima,
787 2202 845 2244 nec
860 2203 900 2244 ex
921 2185 993 2245 totis
1017 2181 1129 2243 viribus

218 2263 338 2348 diligere
367 2266 445 2328 ullus
475 2266 581 2345 possit.
624 2265 683 2326 Ubi
712 2267 793 2326 enim
826 2266 1075 2348 concupiscentia
1096 2267 1127 2324 in

219 2350 316 2427 corde,
338 2352 368 2409 in
392 2349 511 2424 anima,
533 2348 563 2407 in
585 2347 699 2409 viribus
721 2355 777 2426 est,
798 2349 841 2409 ibi
858 2370 921 2411 non
944 2357 1041 2409 totum
1065 2366 1128 2423 cor,

213 2451 270 2493 non
294 2440 362 2493 tots
383 2433 502 2508 anime,
541 2450 602 2491 non
636 2437 721 2491 totae
744 2431 824 2491 vires
847 2431 994 2512 diligunt,
1016 2449 1053 2491 ac
1074 2449 1130 2510 per

212 2513 268 2575 boo
291 2506 409 2575 tantum
431 2521 579 2595 peccant,
611 2521 757 2594 quantum
786 2512 827 2574 ibi
849 2514 967 2594 relique
989 2520 1036 2574 est
1057 2531 1141 2585 con·¹

211 2599 410 2678 cupiscentia‚
434 2604 668 2676 senpeccatum.
692 2598 794 2676 Atque
816 2598 1022 2658 sicDeushoc
1043 2615 1129 2676 prue-

209 2688 302 2761 cepto
325 2699 435 2742 omnes
458 2679 514 2739 sub
537 2689 665 2760 peccato
696 2687 780 2741 tenet
801 2680 975 2758 conclusos,
1004 2687 1037 2740 ut
1065 2698 1128 2740 om·

207 2766 293 2824 nium
316 2766 505 2824 misereatur.

294 2848 408 2907 Verum
430 2847 613 2905 invenerunt
643 2847 693 2905 hic
714 2847 868 2927 glossam,
900 2867 959 2927 qua
986 2849 1018 2906 in
1048 2844 1130 2904 mille

208 2931 299 2991 annis
323 2931 375 2990 vix
396 2921 468 2989 date
489 2935 537 2989 est
556 2928 764 3008 pestilentior,
793 2930 918 3006 scilicet,
941 2929 1023 3010 qnod
1045 2927 1129 2988 Deua
1151 2931 1154 2937 '

208 3032 274 3073 non
298 3013 431 3092 'requirit
452 3011 616 3092 perlectam
645 3013 858 3091 impletionem
880 3014 968 3076 huius
999 3019 1031 3073 et
1052 3011 1132 3072 simi·

209 3095 283 3155 lium
307 3097 420 3176 legum,
444 3113 510 3154 curn
533 3093 669 3154 Christus
692 3096 775 3156 clare
789 3095 881 3176 dicat,
903 3116 961 3157 neo
978 3098 1051 3172 iota,
1074 3112 1132 3154 nec

211 3180 331 3258 apicem
354 3198 373 3238 a
394 3178 476 3258 Lege
497 3178 752 3257 praetereundum
775 3178 817 3260 ¹).
861 3179 933 3241 ldeo
964 3177 1130 3241 timendum

212 3269 273 3340 est,
300 3263 378 3321 istoe
406 3261 548 3321 doctores
580 3278 648 3320 esse
676 3263 753 3322 iuter
782 3281 853 3338 eoa,
880 3282 957 3342 qnos
990 3261 1133 3322 describit

213 3344 361 3421 Christus,
384 3343 504 3404 dicens:
541 3342 599 3417 Qui
622 3363 696 3424 ergo
719 3345 845 3405 solverit
873 3366 964 3406 unum
988 3345 1026 3405 de
1049 3363 1130 3403 mun·

211 3427 288 3487 datis
311 3429 377 3487 istis
401 3428 552 3502 minimis,
576 3434 606 3486 et
627 3429 672 3485 sio
693 3426 832 3489 docuerit
853 3429 1011 3503 homines,
1045 3428 1129 3485 mini·

214 3530 278 3569 mna
301 3510 461 3571 vocabitur
481 3511 512 3568 in
533 3529 628 3589 regno
652 3511 819 3571 coelorum.
841 3511 913 3574 Non
932 3529 1006 3591 ergo
1030 3509 1131 3568 dicen·

215 3593 283 3652 dnm
308 3600 372 3653 est:
411 3593 495 3654 Deus
518 3613 579 3654 non
601 3596 727 3673 requirit
749 3595 915 3673 perfectum
939 3593 1128 3671 mandatum,

229 3848 262 3910 1)
280 3847 311 3896 In
332 3848 372 3898 ed.
395 3853 484 3918 cripe:
501 3859 730 3921 praetereunda.
