2709 4417
224 333 266 400 42
434 338 595 408 Disputatio
606 340 722 421 ‘lalpsiaa
741 338 836 394 habita
854 357 879 397 s.
898 341 963 394 xix

226 529 328 589 alesia.
340 527 471 589 Proinde
482 529 557 588 nihil
571 537 626 608 est,
640 530 722 609 quod
734 528 837 589 iubeat
852 550 901 591 me
912 537 1025 603 taeere,
1040 537 1069 590 et
1076 552 1125 596 nou

223 613 370 672 insultare
382 631 437 691 per
445 632 587 692 graecam
601 614 770 676 eeclesiam.
780 614 851 691 quia
864 613 1043 674 deficientes
1055 615 1125 677 alto

224 715 315 755 mana
337 697 469 755 eoelesia
482 697 570 755 simul
591 699 663 757 laeti
686 705 757 756 snut
778 702 809 756 et
830 717 849 756 a
870 697 933 759 tide
955 696 1064 756 Christi
1085 718 1125 759 ex·

137 832 139 849 ‚
224 780 314 839 soles.
337 778 404 859 Ego
428 781 529 858 potius
551 800 627 859 rogo
638 782 673 842 D.
684 782 720 843 D.
732 778 866 857 Hoeium,
887 787 922 841 ut
942 780 1124 859 proHeeiaua

223 864 382 938 modestia,
406 881 496 941 quam
511 865 613 942 iaetat,
626 872 736 944 pareat
747 871 793 924 tot
805 865 937 926 millibus
950 864 1123 946 Sanctorum,

223 966 291 1006 oum
314 947 466 1023 usquead
488 953 593 1007 nostra
606 954 747 1027 tempora
768 948 882 1008 durarit
904 946 1037 1007 eeelesia
1056 969 1124 1028 grae·

207 1045 269 1105 aa,
292 1039 323 1088 et
340 1030 405 1088 sine
423 1029 516 1090 dubio
530 1048 626 1109 usque
646 1030 739 1092 hodie
762 1032 851 1092 durat
872 1037 904 1091 et
921 1030 1054 1090 durabit:
1075 1052 1122 1094 uon

222 1114 303 1172 enim
312 1110 451 1175 Christus
472 1115 594 1192 aeeepit
614 1114 748 1174 medium
770 1122 869 1175 terrae
890 1115 1057 1190 Romanae,
1078 1117 1119 1176 sed

222 1215 328 1256 omnes
350 1194 427 1255 fines
449 1203 548 1256 tarrae
576 1199 607 1256 in
628 1200 860 1276 possessionem
882 1204 913 1257 et
933 1196 1117 1258 hereditatem

180 1298 184 1307 ·
223 1299 242 1338 a
264 1280 362 1349 Patre,
385 1279 463 1339 Psal.
487 1282 515 1342 2.

305 1361 353 1421 Ad
376 1364 547 1442 septimam,
570 1362 653 1441 quod
674 1363 702 1444 Ι)
727 1382 768 1424 ex
787 1363 979 1442 Hieronymo
1002 1361 1040 1421 de
1060 1381 1123 1422 sunr-

224 1454 274 1504 m'o
297 1445 459 1505 sacerdote
483 1447 647 1526 opposuit,
687 1464 786 1507 meam
809 1447 1043 1525 responsionem
1064 1445 1124 1507 dixit

222 1545 291 1587 esse
313 1530 512 1602 evasionem,
551 1529 623 1588 ideo
656 1529 888 1589 eoniirmaturus
917 1528 1031 1587 dietum
1053 1547 1123 1588 suun

223 1610 350 1670 adieeit:
374 1611 434 1671 Gur
445 1613 476 1673 B.
493 1612 698 1691 Hieronymus
718 1613 884 1673 Dama-sum
902 1611 1125 1690 piscatorissue·

222 1712 377 1765 eessorepr
400 1694 495 1770 dieat,
528 1701 560 1754 et
582 1695 747 1754 oathedrae
768 1696 848 1755 Petri
881 1694 947 1753 vult
970 1693 1124 1752 assooiarii

222 1776 297 1836 illud
319 1775 454 1836 divinum
479 1779 576 1837 eitans
598 1778 704 1838 Matth.
729 1781 784 1841 16:
807 1777 907 1857 Super
926 1775 1124 1835 illamPetrsm

221 1858 379 1919 fundatam
401 1860 564 1920 eeclesiam
587 1861 662 1936 seio,
686 1860 768 1938 quod
790 1862 835 1920 ita
855 1860 981 1938 reliquis
1003 1858 1125 1937 ecelesiis

221 1944 410 2022 appropriari
433 1963 495 2003 non
512 1949 623 2023 potest,
646 1949 676 2002 et
689 1943 800 2003 deinde
816 1942 1022 2021 eomploravit
1036 1939 1126 2001 Hiero·

222 2024 437 2104 solymitanae,
456 2026 679 2104 Antioohenae,
703 2026 941 2100 Alexandrinae,
964 2023 1083 2084 tandem
1103 2032 1127 2083 et

222 2106 387 2167 Boemioae
412 2128 533 2183 casum,
556 2117 588 2169 et
603 2109 692 2187 ,quod
715 2108 824 2169 eodem
847 2109 1038 2187 Hieronymo
1060 2113 1127 2166 teate

222 2192 305 2269 apud
328 2191 412 2251 solos
434 2192 591 2252 Romanos
624 2193 801 2273 ineorrupta
822 2192 946 2250 Patrum
968 2195 1128 2249 servaretur

222 2276 380 2335 autoritas.
403 2275 609 2354 Respondeo,
633 2283 664 2334 et
685 2294 762 2354 rogo
775 2275 812 2352 D:
825 2275 862 2334 D.
885 2274 1064 2352 egregium,
1083 2291 1126 2331 ve

222 2355 361 2416 litdiota
390 2357 511 2417 Petrum
535 2358 670 2438 allegare
705 2357 873 2418 seeundum
902 2356 1127 2431 oonseientiam,

221 2452 261 2498 ue
282 2458 339 2519 pro
353 2440 505 2519 theologis
518 2441 675 2500 videamur
697 2459 765 2500 esse
777 2441 944 2520 sophistae,
969 2457 1041 2498 nam
1061 2456 1130 2495 sum·

223 2541 307 2582 mum
321 2522 513 2582 sacerdotem
526 2541 563 2582 eo
575 2523 635 2583 looi
649 2523 855 2602 Hieronymus
871 2521 1011 2601 appellat
1023 2521 1131 2599 episeo-

149 2606 154 2611 ’
221 2618 293 2683 pum
310 2605 477 2747 puemlibet
499 2607 600 2676 etiam,
623 2613 655 2664 ut
677 2607 727 2683 qui
750 2605 790 2665 de
812 2623 939 2665 numero
955 2604 1131 2682 reliquorum

223 2705 310 2747 saeer
333 2694 416 2747 otum
439 2689 478 2748 sit
500 2688 652 2763 elevatus,
673 2686 745 2749 ideo
768 2688 842 2747 nihil
864 2688 998 2767 pertinet
1019 2687 1132 2766 proprie

222 2768 261 2829 ad
283 2771 455 2830 Romanum
479 2770 669 2830 Pontifleem.

306 2853 424 2913 Deinde
444 2853 499 2912 illa
521 2855 667 2912 autoritas
690 2853 794 2915 Matth.
817 2856 855 2917 16
872 2870 940 2911 -non
963 2852 1132 2931 appropria·

223 2941 272 2995 tur
294 2937 453 2996 Romanae
476 2936 626 2996 eeclesiae
643 2943 770 3012 tantum,
793 2935 876 3014 quod
898 2953 1047 3013 expresse
1067 2933 1131 2992 indi·

224 3025 296 3078 eant
323 3019 417 3079 verba
445 3018 572 3096 Christi,
598 3038 672 3085 ,eum
702 3018 789 3078 dieit:
824 3018 999 3077 Eoelesiam
1030 3034 1129 3076 mean.

223 3099 432 3181 Quaecunque
455 3121 528 3182 ergo
551 3108 599 3162 est
621 3102 773 3179 ecelesia,
796 3107 844 3161 est
865 3099 1030 3160 aedificata
1052 3117 1131 3177 supra

223 3183 353 3260 Petram,
373 3191 404 3244 et
425 3204 487 3244 non
511 3185 609 3244 solum
631 3186 780 3244 Romana.
816 3183 879 3242 Aut
899 3185 925 3241 si
947 3201 1010 3241 uon
1032 3200 1130 3242 oonve

222 3267 267 3326 nit
294 3269 403 3326 esteris
434 3258 573 3327 eooleaiis
597 3268 657 3326 hoe
680 3268 822 3343 verbum,
849 3266 992 3325 Romana
1013 3262 1130 3324 eoelesia

222 3351 283 3408 erit
305 3350 381 3426 sola,
405 3357 436 3410 et
457 3370 512 3429 per
529 3369 723 3428 oonsequens
744 3369 806 3409 non
829 3350 936 3428 prima.
958 3344 1064 3427 Quare
1078 3346 1128 3405 uni-

224 3438 272 3491 tas
296 3432 448 3492 ecelesiae
469 3451 531 3492 non
555 3435 593 3493 ab
617 3435 733 3492 unitate
756 3433 902 3511 primatus
923 3430 1065 3507 Romani,
1085 3427 1126 3488 sed

224 3514 319 3593 longe
341 3516 450 3575 melius
471 3517 556 3575 iuxta
577 3516 760 3595 Apostolum
783 3514 895 3593 Ephes.
914 3515 942 3573 4.
966 3512 1005 3572 ab
1026 3514 1125 3571 unitate

222 3595 314 3671 fidei,
338 3598 539 3677 baptismatis,
562 3601 685 3659 Domini
709 3597 832 3677 pendet,
855 3597 932 3655 sieut
953 3601 986 3654 et
1005 3596 1124 3674 frequen·

217 3685 267 3738 ter
289 3679 462 3768 Cyprianus
484 3683 516 3741 in
540 3682 690 3764 Epistolis
720 3682 783 3740 suis
799 3680 904 3741 sentit.
944 3677 1011 3767 ileo
1033 3677 1125 3737 mansit

227 3850 257 3919 1)
279 3855 311 3907 ln
332 3856 381 3910 ed.
402 3859 490 3916 dan:
514 3874 622 3932 quam.
665 3872 668 3881 ·
