2709 4417
441 355 469 406 st
487 352 665 406 smsnsmo
684 350 874 406 summatim.
1056 344 1117 413 441

154 530 161 545 ’
203 534 265 598 hoo
287 544 349 615 est,
377 557 436 618 ogo
456 537 541 599 illum
563 538 691 599 fortunis
704 539 807 615 mois,
839 556 908 598 meo
930 554 1060 617 norpore
1081 551 1120 596 eo

203 619 277 695 vitu,
300 620 374 682 item
396 621 537 683 omuibus
558 622 612 698 iis,
635 641 714 701 quoe
736 618 853 699 habeo,
876 620 1022 696 sublevo,
1044 637 1118 698 que·
1186 623 1189 629 ’

200 704 327 783 ‘dunque
355 704 385 764 in
417 723 449 765 re
481 723 624 785 possum,
657 705 701 764 illi
735 703 843 764 adsum
875 722 1006 782 eumque
1035 703 1118 762 iuvo.

203 784 312 847 Hebeo
335 791 436 848 sutem
460 794 491 847 et
512 806 572 868 ego
585 786 693 848 iisdem
717 786 825 847 offioiis
848 805 925 866 opus
948 791 979 846 et
999 790 1119 866 gratnm

203 877 265 937 est,
303 869 387 948 qnod
416 870 547 930 vicissim
583 889 632 931 me
663 868 809 930 sublevet.
854 869 904 930 flio
929 868 1068 949 impliciti
1090 873 1122 928 et

202 953 361 1013 ooniunoti
381 955 561 1014 inservimus
583 953 633 1013 ulii
655 952 723 1013 eliis
746 953 857 1013 mutuis
878 951 997 1029 otfioiis,
1018 969 1120 1029 quem·

203 1032 373 1095 admodum
396 1053 517 1116 quoque
539 1035 675 1097 Christus
704 1036 793 1097 nobis
822 1035 999 1113 inservivit,
1029 1040 1121 1113 atque

201 1116 265 1178 hoo
289 1117 413 1197 quidem
437 1125 484 1179 est
500 1118 701 1199 spiritualiter
722 1117 906 1179 munducare
930 1125 962 1178 et
982 1116 1096 1179 bibere.
1159 1114 1163 1123 ’

288 1216 444 1278 Debemus
465 1219 570 1300 igitur,
599 1224 746 1298 qnantum
769 1220 898 1298 quisque
919 1224 1037 1296 potest,
1069 1236 1120 1277 sn-

201 1301 276 1377 niti,
312 1307 346 1361 ut
367 1319 422 1380 per
451 1301 504 1362 illu
537 1302 670 1362 cantetis
705 1300 807 1362 offioio
840 1302 913 1361 certi
946 1300 1122 1376 reddamur,

203 1400 263 1442 nus
292 1384 424 1462 aliquem
457 1385 584 1444 frontum
608 1403 647 1444 ex
675 1385 736 1444 hoo
766 1393 958 1444 ssorsmento
991 1385 1120 1463 cepisse.

202 1463 315 1545 Neque
343 1467 422 1526 enim
456 1468 514 1547 ipsi
542 1467 641 1527 solum
673 1469 748 1527 oet-ti
778 1477 839 1527 tum
862 1466 1032 1541 reddimur,
1066 1464 1121 1525 sed

203 1547 257 1608 olii
294 1567 418 1628 quoque
456 1550 596 1610 homines
628 1549 658 1610 id
692 1548 812 1627 vident,
850 1548 999 1609 admoniti
1031 1547 1122 1609 bonis

203 1631 369 1712 operibus,
399 1650 479 1711 quoe
508 1652 564 1692 suo
593 1639 705 1712 sponte
728 1641 791 1691 tum
813 1640 988 1711 sequuntur.
1032 1629 1123 1706 Quod

203 1713 255 1791 qui
279 1732 343 1775 non
365 1713 496 1792 fuciunt,
527 1715 579 1792 illi,
610 1715 729 1775 edumei
753 1715 876 1795 saepius
899 1720 1122 1775 sacromentum

204 1803 344 1872 sumunt,
368 1796 463 1857 nihilo
486 1804 587 1857 tumen
612 1796 777 1858 redduntur
798 1798 949 1858 meliores.

289 1895 445 1956 Mittumus
467 1897 558 1977 igitur
578 1896 646 1957 illas
667 1898 885 1977 cogitationen,
910 1896 1017 1977 quibus
1042 1897 1123 1956 exui·

207 1987 272 2039 tere
294 1978 418 2058 quidam
437 1999 471 2039 se
493 1979 531 2040 sd
554 1979 851 2041 hooseorementum
874 1980 987 2042 solent.
1020 1979 1122 2040 Vitem

207 2079 301 2129 suum
317 2069 349 2122 et
369 2062 450 2122 fuote
472 2081 527 2122 suu
548 2068 635 2141 putet
669 2063 726 2123 eibi
757 2064 963 2143 unusquisque
985 2061 1124 2142 proposi-

208 2151 269 2204 tum
293 2144 467 2224 speculum,
495 2146 608 2224 inquo
632 2145 749 2221 videet,
779 2165 853 2206 uum
882 2145 975 2226 digne
997 2152 1027 2204 et
1054 2163 1123 2204 oum

207 2225 305 2287 iruotu
326 2227 387 2288 hoo
409 2234 601 2288 sacramento
623 2229 662 2287 sit
683 2248 763 2288 uene.
806 2229 873 2289 Hoo
895 2229 974 2290 enim
997 2228 1122 2288 omnino

207 2307 270 2369 fieri
294 2308 402 2388 debet,
433 2319 465 2370 ut
485 2317 708 2371 sacromentum
731 2312 791 2371 hoo
812 2329 913 2373 mores
934 2330 972 2372 ao
999 2329 1122 2371 omnem

207 2392 300 2452 vitum
332 2401 467 2453 nostrum
495 2395 648 2471 immutet,
682 2403 773 2472 utque
801 2395 879 2455 alios
909 2394 1001 2474 plane
1027 2391 1124 2472 finget

208 2475 359 2536 homines.
561 2474 565 2481 “

290 2574 367 2634 Num
390 2583 453 2635 tum
476 2575 567 2654 dioto,
591 2583 653 2635 tum
675 2576 756 2636 foetu
771 2576 826 2635 Dei
845 2597 904 2635 nou
928 2576 1030 2636 solent
1052 2593 1122 2636 esse

209 2657 329 2735 otiose,
365 2659 417 2717 sed
450 2660 647 2717 maximorum
683 2679 781 2718 rerum
816 2666 886 2718 sunt
917 2659 1068 2739 principio
1091 2666 1123 2719 et

207 2741 325 2819 tontes,
349 2740 479 2801 liberent
499 2760 518 2799 a
539 2742 686 2820 peoontis,
708 2761 724 2799 u
749 2750 857 2819 morte,
880 2741 1005 2802 diabolo
1028 2749 1058 2801 et
1078 2741 1121 2801 in·

191 2824 305 2898 terno,
325 2831 356 2883 et
377 2824 422 2883 sio
439 2841 495 2883 nos
519 2823 710 2896 confirmant,
735 2833 767 2882 ut
789 2824 870 2882 nullu
897 2831 982 2883 tanta
1002 2843 1050 2883 res
1073 2823 1122 2899 sit,

179 2904 182 2913 '
209 2924 269 2982 quo
292 2907 413 2966 territus
433 2904 552 2966 animus
574 2907 762 2966 succumbat.

289 3005 425 3066 Eoontru
446 3007 491 3066 sie
513 3025 635 3086 quoque
657 3014 767 3085 parent
788 3008 939 3071 animum,
964 3017 995 3064 ut
1017 3004 1121 3065 voten-

208 3098 252 3148 tes
276 3089 367 3149 etiam
399 3087 509 3149 infimis
531 3087 705 3149 hominibus
727 3090 948 3163 inserviamus,
977 3096 1008 3147 et
1030 3094 1062 3146 ut
1084 3088 1123 3147 sit

207 3171 357 3251 voluptati
387 3171 537 3233 benodoio
556 3173 586 3232 iu
610 3191 702 3251 quum
727 3172 872 3251 plurimos
903 3190 1018 3242 serere,
1061 3189 1145 3239 run-⁸

207 3275 279 3321 sus,
315 3265 347 3314 ut
375 3254 480 3315 dolent
510 3273 565 3315 nos
595 3255 686 3314 tantis
718 3256 822 3330 bouis,
855 3274 932 3332 quoe
965 3252 1122 3330 hebemus,

207 3357 269 3396 non
303 3337 342 3395 ed
375 3337 571 3417 plurimorum
608 3337 737 3397 sulutem
764 3357 802 3396 en
829 3335 1022 3397 commodum
1053 3353 1122 3394 esse

208 3437 291 3480 usos.

292 3518 323 3580 Si
347 3522 397 3598 qui
422 3539 495 3600 ergo
519 3527 604 3594 sunt,
637 3521 666 3578 in
689 3519 798 3598 quibus
820 3525 1042 3580 sacramentum
1064 3516 1121 3578 hos

208 3603 322 3663 fruetus
345 3621 406 3664 non
430 3601 585 3682 producit,
619 3602 784 3682 perieulum
817 3608 878 3678 est,
911 3602 1007 3660 neiis
1031 3601 1121 3660 etiam

209 3687 308 3768 magis
331 3685 419 3747 obsit.
464 3684 532 3746 Non
557 3690 660 3746 tomen
683 3684 819 3744 infirmos
841 3683 1031 3744 abiiciendos
1053 3701 1122 3744 oen-

204 3787 268 3841 seo,
292 3769 441 3827 siminus
463 3768 555 3847 daeo,
579 3787 659 3849 quoe
682 3767 830 3848 diximus,
848 3768 988 3850 metietis
1004 3765 1138 3838 iuduunt,

194 3845 319 3905 ‹ie-iliis
340 3847 427 3928 dieo,
451 3852 505 3929 qui
525 3852 637 3933 ignovi
662 3861 695 3916 et
718 3854 889 3917 temeretis
906 3859 1005 3930 suut,
1029 3847 1089 3926 mix
1104 3861 1155 3902 w
