2709 4417
473 362 483 383 ι
506 342 602 392 contre
620 337 682 393 Jch.
703 337 824 420 Enetum.
1017 328 1032 358 ⁸
1070 334 1133 401 497

204 538 248 580 an
274 523 406 601 recipiat
427 522 569 584 voluntas
596 529 728 602 tentum,
762 542 857 589 causa
889 525 1002 583 sensim
1038 530 1133 584 tracta

207 611 278 682 est,
303 624 370 663 cum
399 607 428 667 in
452 605 657 667 Garclnstedii
685 606 935 667 conclusionibus
964 607 1055 665 unica
1077 615 1133 681 est,

207 704 294 765 quae
318 688 417 748 obiter
438 698 595 764 causatur,
630 696 727 748 totum
763 708 840 768 opus
878 688 991 750 bonum
1025 690 1132 749 aDec

208 788 302 848 esse,
325 778 418 850 atque
440 790 506 831 eam
528 772 627 850 ipsam
644 771 754 830 Eccius
785 772 910 852 largitus
944 780 1006 847 est,
1039 771 1131 832 modo

208 871 276 912 non
300 855 340 912 sit
361 873 438 933 opus
461 854 604 914 divinitus
627 855 769 916 totaliter.
819 854 886 933 Ego
921 872 992 917 vero
1016 861 1131 915 certum

209 935 326 1010 habeo,
350 935 565 998 Oarclostadio
595 955 749 1014 nunqnam
779 937 809 996 in
841 946 972 996 mentem
1000 938 1132 1014 venisse,

211 1036 339 1079 causam
362 1019 471 1079 irrhas
493 1019 717 1098 Symplegadas
747 1038 868 1098 cogere.
913 1019 1029 1096 Credo,
1063 1038 1133 1098 per·

211 1103 313 1160 movit
336 1121 414 1175 eum,
438 1109 471 1160 ut
491 1101 617 1180 diceret,
640 1109 745 1179 atque,
754 1102 784 1161 id
807 1110 911 1176 recte,
934 1110 1030 1163 tutum
1054 1120 1131 1181 opus

211 1183 330 1245 bonum
355 1204 373 1244 s
396 1185 465 1245 Dec
489 1204 572 1260 esse,
605 1193 731 1264 propter
753 1185 837 1244 Eccii
865 1185 1022 1263 profanam
1045 1185 1132 1245 schn-

212 1264 291 1341 ism,
316 1284 395 1344 quae
416 1269 533 1346 gratiae
555 1277 585 1327 et
606 1276 733 1327 naturae
766 1269 860 1346 opera
882 1287 944 1327 nun
966 1267 1132 1347 distinguit,

212 1349 274 1409 nisi
297 1355 438 1428 respectu
463 1350 608 1426 rationis,
631 1360 662 1409 nt
689 1360 815 1428 vocant,
849 1351 1001 1429 planeque
1023 1351 1130 1411 ecdem

213 1432 321 1509 specie
344 1439 450 1492 censet
470 1438 567 1508 actus,
591 1451 753 1511 quoscum
776 1439 885 1492 natura
906 1434 1131 1512 citragra-tiam,

212 1519 278 1572 tum
302 1514 444 1574 voluntas
467 1522 498 1574 et
518 1516 616 1595 gratis
639 1513 781 1577 efficiant.
816 1515 872 1574 Hic
887 1534 966 1598 ¹veru
988 1515 1138 1591 tutandus¹

211 1614 267 1654 seu
293 1597 486 1657 excusandus
501 1606 565 1656 erat
579 1597 727 1657 barbarus
745 1598 796 1657 ille
806 1597 988 1674 Heraclitus,
1011 1594 1131 1676 erotus,

214 1696 308 1756 quem
327 1681 507 1739 meministis
528 1681 559 1739 in
575 1675 748 1761 rhapsodiis
771 1683 833 1740 suis
857 1700 946 1759 quam
960 1680 1133 1741 Christiana

212 1760 273 1820 hac
296 1760 335 1821 de
355 1781 388 1822 re
409 1761 530 1822 doceat.

248 1871 253 1879 ,
299 1843 388 1917 Quod
410 1845 540 1905 subiecit
562 1845 600 1905 de
622 1846 657 1905 D.
680 1845 834 1922 Erasm0‚.
856 1846 993 1925 principe
1015 1845 1130 1907 studio·

211 1946 278 1985 rum
304 1928 440 2006 pietatis,
474 1927 569 2005 vides,
593 1929 632 1987 mi
655 1928 767 1999 lector,
800 1947 861 1989 nou
884 1929 946 1988 alio
968 1929 1130 2007 pertinere,

212 2009 272 2069 nisi
302 2015 336 2069 ut
364 2011 479 2087 optimc
504 2011 586 2086 viro,
614 2010 725 2070 deinde
762 2011 850 2070 bonis
884 2012 1024 2071 omnibus
1054 2011 1128 2070 iuvi·

213 2090 320 2153 diosus
342 2091 459 2153 reddsr.
505 2093 615 2153 Valeat
635 2092 762 2167 Eccius,
790 2098 821 2152 et
843 2094 983 2153 traducat
1004 2112 1077 2170 nos,
1100 2101 1131 2152 et

213 2172 417 2252 triumphetur
438 2176 582 2254 parvulos
602 2177 642 2252 ',)·
670 2176 717 2235 Ad
740 2174 771 2236 id
792 2194 890 2256 genus
911 2175 1129 2237 calumniarum

212 2257 290 2316 satis
312 2258 404 2317 animi
427 2258 593 2336 praestabit
610 2258 757 2335 Christus,
779 2259 846 2337 ipse
868 2276 1015 2338 agnosco,
1037 2276 1138 2337 quan.

213 2346 278 2399 tum
302 2338 431 2400 Erasmc
462 2339 609 2419 debeant,
642 2361 710 2401 cum
750 2340 879 2400 studiosi
909 2360 1031 2416 omnes,
1067 2348 1129 2401 tum

214 2422 351 2481 maxime
373 2442 450 2502 ego,
480 2430 526 2483 tot
547 2423 702 2484 beneficiis
726 2425 866 2505 privatim
890 2443 927 2483 ac
953 2423 1074 2503 publice
1091 2423 1130 2485 ab

214 2523 253 2564 ec
277 2503 415 2581 effectus,
439 2524 516 2583 quae
538 2517 702 2586 postquam
725 2506 897 2587 intelligere
919 2508 1019 2586 coepi,
1041 2507 1130 2586 coepi
1152 2504 1155 2511 ’

214 2594 318 2647 autem
332 2586 453 2648 Christo
476 2587 563 2666 duce,
586 2591 660 2666 scic,
685 2610 774 2669 quam
799 2597 886 2670 gratu
902 2599 1027 2668 pectore
1049 2608 1130 2649 ccm-

214 2669 325 2747 plexus
348 2670 415 2748 sim,
437 2672 552 2751 reliqua
569 2670 603 2753 ²)
629 2672 728 2734 debeo
750 2675 799 2732 isti
819 2677 960 2732 malarum
985 2674 1129 2732 mentium

213 2753 335 2813 auctori
356 2754 490 2814 scholae.

246 2894 249 2908 ι
298 2836 336 2911 4)
361 2835 430 2894 Non
453 2836 606 2915 displicuit
633 2838 753 2916 argutia
782 2837 822 2899 dc
845 2843 909 2897 tcto
933 2843 964 2896 et
984 2837 1130 2915 totaliter,
1159 2854 1172 2863 “

216 2936 328 2997 nempe
350 2918 467 2995 festiva,
491 2938 592 2997 ecque
613 2921 681 2998 ipsc
703 2922 837 2999 gratior,
875 2919 956 2998 quod
979 2939 1063 2980 nova
1084 2929 1132 2981 est

215 3007 247 3058 et
268 2999 363 3080 digne
384 2999 468 3060 Eccii
491 3003 692 3080 professione,
717 3006 812 3081 pedes
835 3020 924 3080 qnam
948 3002 1040 3061 hodie
1062 3022 1129 3063 cum

214 3101 325 3161 rerum,
350 3091 412 3143 tum
436 3085 596 3144 verborum
618 3084 774 3145 arbitrium
798 3095 853 3145 est.
886 3086 949 3144 Iam
974 3085 1056 3162 qnod
1078 3085 1130 3146 do-

216 3173 275 3242 cet,
298 3167 377 3226 inter
397 3167 450 3226 illa
472 3166 543 3244 quid
567 3169 695 3242 intersit,
720 3187 782 3227 non
805 3177 851 3227 est
868 3168 1017 3246 ingratum
1041 3170 1131 3229 amici

215 3247 358 3324 studium,
383 3269 555 3328 quanquam
570 3252 630 3309 ism
656 3250 728 3309 olim
743 3249 945 3329 Porphyrium
960 3248 1131 3325 didicimus,

215 3341 247 3390 et
269 3351 351 3390 nunc
373 3331 412 3390 ad
438 3332 467 3391 id
496 3353 593 3412 genus
622 3353 661 3391 nu
685 3333 746 3394 alis
775 3333 964 3393 theoremate
992 3335 1131 3393 revocari

214 3414 378 3474 molestum
402 3424 456 3474 est.
489 3415 583 3476 Porro
607 3353 684 3494 quid
695 3435 823 3476 necesse
841 3422 914 3490 erat,
939 3417 1027 3475 novis
1051 3415 1132 3496 glos·

214 3500 341 3556 sematis
364 3506 393 3557 et
415 3499 508 3577 plane
529 3497 642 3558 fictitiis
666 3517 804 3559 asserere
826 3500 886 3557 vim
901 3496 987 3559 liberi
1004 3499 1131 3574 arbitrii,

215 3598 276 3658 qus
300 3579 412 3640 bonum
436 3580 557 3656 efficiat,
579 3601 648 3641 cum
671 3582 914 3661 receptissimum
937 3583 976 3641 sit
998 3590 1029 3641 et
1049 3581 1131 3660 spud

284 3770 316 3833 1)
337 3770 367 3819 In
388 3769 429 3820 ed.
442 3770 520 3822 dem:
538 3769 713 3838 triumphum
730 3775 797 3837 ngat
814 3768 851 3824 ds
866 3769 999 3838 parandis.
1023 3754 1139 3834 ‘tiin'xds

201 3837 307 3886 desunt
326 3840 427 3893 verbs:
449 3841 725 3909 reliqua-schottus.
1079 3880 1081 3885 ·

220 3938 315 3976 'cubes‘
330 3951 383 3989 orn·
401 3944 426 3983 ν,
444 3946 471 3984 s.
488 3948 520 3987 as
536 3951 579 3989 ror.
598 3952 653 3992 um.
671 3953 690 3993 r.
705 3965 729 4005 p.
744 3954 800 3994 un.
815 3953 862 3993 nr.
986 3925 1037 3990 'dt
