2709 4417
440 363 572 419 Defensio
589 361 660 417 Phil.
678 361 741 417 llsl.
759 374 791 415 e>
802 362 860 416 leh.
875 361 939 416 Ere.
1080 357 1144 425 493

219 553 264 612 mi
294 552 411 630 leetor,
443 553 491 612 his
526 549 632 627 erede,
665 551 718 628 qui
745 556 922 629 praesentes
944 547 1144 628 disputationi

220 633 366 711 fuerunt,
394 644 426 695 et
445 635 587 695 humanis
610 632 769 693 affeotibus
792 637 823 692 et
844 651 900 691 usu
921 632 1144 710 familiaritatis,

218 718 304 777 sieut
323 717 493 797 Philippus,
515 736 579 777 non
601 714 794 776 distineatur.
829 714 973 775 Nostram
987 734 1069 782 ,vero
1092 733 1140 774 ex·

217 802 439 880 purgationem
472 799 545 860 boni
579 798 717 858 oonsule.
761 797 843 857 Deus
872 805 920 857 est
945 797 1017 856 mihi
1047 799 1142 874 testis,

218 881 308 961 quod
341 884 373 941 in
403 883 465 944 hoe
495 883 622 962 negotio
655 882 814 940 veritatem
848 878 921 940 fidei
953 879 1143 940 Christianae

218 983 342 1043 quaero
366 972 396 1025 et
416 967 469 1026 Dei
488 964 649 1040 honorem
680 963 758 1022 Vale
781 972 813 1023 et
833 964 928 1025 salve.
963 962 1011 1021 Ex
1033 962 1143 1042 Lipsia.

217 1046 319 1108 XXV.
340 1048 421 1121 lulii,
444 1067 526 1109 anno
546 1048 664 1127 gratiae
688 1045 851 1133 mom.

306 1212 496 1280 Defensio
523 1212 708 1294 Philippi
733 1209 1059 1276 Melanohthonis

217 1355 332 1410 eontra
353 1349 520 1410 lohannem
543 1349 688 1425 Eeoium,
712 1346 902 1426 Tbeologiae
924 1346 1141 1408 Professorem.

429 1514 636 1593 Philippus
657 1511 933 1572 Melanehthon

516 1630 656 1691 Candido
678 1629 800 1690 Lectori
821 1628 851 1692 S.

308 1795 462 1875 Evulgata
488 1803 536 1856 est
563 1794 770 1874 superioribus
792 1792 899 1854 diebus
921 1793 999 1853 forte
1021 1793 1143 1853 fortuna

218 1878 356 1957 epistola
375 1877 524 1957 quasdam
537 1877 576 1937 ed
591 1876 905 1957 Oeoolampadium¹)
929 1895 1008 1954 mea,
1027 1877 1058 1934 in
1082 1894 1142 1954 qua

219 1961 324 2021 amieo
343 1968 374 2020 et
388 1962 586 2041 integerrimo
608 1962 675 2020 viro
698 1966 729 2019 et
750 1961 815 2020 veri
837 1960 1047 2019 amantissimo
1069 1976 1142 2038 pau-

220 2045 266 2103 eis
296 2051 413 2103 tentum
443 2045 545 2122 oapita
572 2042 723 2122 quaedam
754 2042 894 2122 Lipsieae
927 2040 1141 2121 disputationis

220 2124 403 2186 adumbravi
430 2127 526 2206 magis
556 2144 647 2204 quam
676 2125 834 2204 descripsi.
878 2123 986 2202 Neque
1014 2126 1095 2184 enim
1122 2144 1141 2182 a

221 2210 406 2267 necessariis
435 2210 536 2288 operis
560 2227 671 2269 vaeare
693 2207 725 2267 id
747 2208 894 2286 temporis
916 2207 1027 2266 diutius
1049 2206 1140 2267 daba-

221 2297 286 2367 tur,
317 2300 348 2350 et
376 2290 521 2370 pleraque
549 2294 614 2350 eius
643 2291 818 2350 certaminis
840 2289 991 2351 eiusmodi
1013 2291 1142 2368 fuerant,

221 2392 302 2450 quae
332 2374 407 2433 eitra
440 2372 584 2434 invidiam
615 2374 758 2452 persequi
780 2393 844 2434 non
864 2373 985 2432 licebat.
1027 2373 1144 2433 lamet

222 2454 375 2534 quaedam
405 2456 521 2516 leviora
550 2455 748 2533 videbantur,
780 2475 870 2535 quam
898 2462 932 2516 ut
952 2457 988 2515 iis
1011 2457 1141 2515 amioum

221 2537 318 2617 longe
347 2538 464 2598 felisius
493 2545 677 2616 oeeupatum
705 2556 874 2599 onerarem.
919 2538 1020 2616 Atque
1041 2540 1072 2597 in
1094 2538 1141 2598 his

220 2625 387 2700 praesente
419 2622 522 2680 animo
553 2623 635 2696 eavi,
670 2639 710 2680 ne
741 2639 914 2700 quenquam
944 2619 1141 2694 offenderem,

223 2704 274 2781 qui
309 2704 338 2762 in
373 2705 455 2763 omni
486 2721 575 2762 eursu
607 2705 690 2762 vitae
719 2721 807 2763 meae
829 2702 903 2763 nihil
925 2701 1025 2762 habeo
1047 2704 1140 2782 prius,

221 2785 297 2845 nihil
327 2785 407 2845 dueo
440 2786 594 2863 antiquius
618 2786 767 2846 bonorum
790 2787 897 2866 gratia.
941 2785 981 2844 Et
1001 2794 1035 2845 ut
1055 2785 1140 2845 Chri-

222 2868 355 2927 stianum
385 2887 448 2928 non
471 2875 518 2927 est
539 2868 619 2928 male
642 2870 749 2928 merito
772 2888 827 2947 par
848 2869 971 2943 referre,
993 2870 1036 2927 ita
1055 2867 1140 2928 inhu-

224 2969 348 3010 manum
378 2968 510 3028 oenseo,
542 2951 585 3011 nil
613 2951 693 3011 male
715 2959 882 3011 merentem
906 2951 1044 3027 laedere,
1077 2969 1139 3029 quo

221 3035 348 3094 nornine
375 3052 444 3092 eum
472 3033 563 3113 eulpa
594 3042 657 3093 tum
690 3035 867 3114 suspioione
889 3034 998 3114 eulpae
1020 3032 1140 3094 liberari

220 3116 313 3175 faaile
342 3134 443 3195 spero.
487 3117 548 3176 lam
573 3124 603 3176 et
626 3124 787 3195 perspeeta
809 3136 933 3194 eorum,
966 3117 1017 3195 qui
1039 3115 1140 3195 dispu-

221 3206 373 3276 taverunt,
395 3201 490 3259 virtus
506 3218 543 3258 so
557 3199 686 3260 eruditio
700 3200 868 3260 admonere
881 3201 941 3259 mei
959 3218 1008 3259 me
1030 3201 1140 3278 potuit,

222 3299 262 3357 aa
275 3281 470 3360 persuadere,
483 3302 523 3342 ne
534 3302 708 3361 quenquam
719 3283 871 3343 incivilius
883 3284 1135 3362 perstringerem:

220 3381 324 3441 neque
352 3366 432 3425 enim
456 3372 517 3424 tam
540 3365 678 3444 stupidus
702 3386 786 3442 sum,
821 3373 938 3426 utnon
960 3365 1139 3445 intelligam,

220 3454 339 3525 quanto
370 3446 400 3507 id
433 3467 502 3508 meo
530 3448 665 3527 periculo
688 3447 784 3510 fleret.
827 3450 965 3510 Breviter
986 3451 1139 3510 sanctiore

221 3528 304 3607 apud
328 3548 377 3589 me
399 3527 470 3591 loeo
495 3530 753 3610 Oeoolampedius
765 3532 795 3610 1)
821 3541 884 3611 est,
907 3551 997 3611 quam
1020 3540 1053 3593 ut
1074 3533 1140 3592 mus

220 3613 347 3671 nomine
369 3612 408 3671 ad
430 3613 675 3674 calumniandum
699 3634 911 3696 quemcunque
933 3619 1016 3677 abuti
1038 3617 1139 3676 velim.

305 3694 452 3772 Proinde,
482 3715 682 3776 quaeeunque
711 3701 924 3780 eompleetitur
946 3700 1077 3780 epistola
1098 3701 1139 3762 ad

220 3812 644 3826 Ἣ

281 3863 315 3924 1)
334 3864 366 3914 ln
387 3865 429 3920 ed.
450 3867 526 3922 den:
547 3870 584 3923 ed
603 3871 638 3926 li.
661 3905 697 3916 -
713 3874 753 3931 u.
