<?xml version="1.0" encoding="UTF-8"?>
<!DOCTYPE html PUBLIC "-//W3C//DTD XHTML 1.0 Transitional//EN"
    "http://www.w3.org/TR/xhtml1/DTD/xhtml1-transitional.dtd">
<html xmlns="http://www.w3.org/1999/xhtml" xml:lang="en" lang="en">
 <head>
  <title>
</title>
<meta http-equiv="Content-Type" content="text/html;charset=utf-8" />
  <meta name='ocr-system' content='tesseract 3.04.00' />
  <meta name='ocr-capabilities' content='ocr_page ocr_carea ocr_par ocr_line ocrx_word'/>
</head>
<body>
  <div class='ocr_page' id='page_1' title='image "./operalatinavari00schmgoog_0420.png"; bbox 0 0 2709 4417; ppageno 0'>
   <div class='ocr_carea' id='block_1_1' title="bbox 268 347 910 417">
    <p class='ocr_par' dir='ltr' id='par_1_1' title="bbox 268 347 910 417">
     <span class='ocr_line' id='line_1_1' title="bbox 268 347 910 417; baseline -0.005 -13"><span class='ocrx_word' id='word_1_1' title='bbox 268 350 332 417; x_wconf 74' lang='lat'>408</span> <span class='ocrx_word' id='word_1_2' title='bbox 561 350 583 405; x_wconf 86' lang='lat'>1.</span> <span class='ocrx_word' id='word_1_3' title='bbox 601 348 705 404; x_wconf 85' lang='lat' dir='ltr'>Concio</span> <span class='ocrx_word' id='word_1_4' title='bbox 723 349 756 403; x_wconf 88' lang='lat' dir='ltr'>D.</span> <span class='ocrx_word' id='word_1_5' title='bbox 776 348 812 403; x_wconf 82' lang='lat' dir='ltr'>lt.</span> <span class='ocrx_word' id='word_1_6' title='bbox 830 347 910 402; x_wconf 77' lang='lat' dir='ltr'>tutu.</span> 
     </span>
    </p>
   </div>
   <div class='ocr_carea' id='block_1_2' title="bbox 252 534 1182 3838">
    <p class='ocr_par' dir='ltr' id='par_1_2' title="bbox 268 534 1181 1692">
     <span class='ocr_line' id='line_1_2' title="bbox 353 534 1173 614; baseline 0.001 -19"><span class='ocrx_word' id='word_1_7' title='bbox 353 536 477 595; x_wconf 79' lang='lat' dir='ltr'>Praeter</span> <span class='ocrx_word' id='word_1_8' title='bbox 509 534 572 595; x_wconf 91' lang='lat' dir='ltr'>hoc</span> <span class='ocrx_word' id='word_1_9' title='bbox 602 540 705 594; x_wconf 89' lang='lat' dir='ltr'>autem</span> <span class='ocrx_word' id='word_1_10' title='bbox 726 540 846 612; x_wconf 85' lang='lat' dir='ltr'>votum,</span> <span class='ocrx_word' id='word_1_11' title='bbox 879 539 971 614; x_wconf 88' lang='lat' dir='ltr'>potes</span> <span class='ocrx_word' id='word_1_12' title='bbox 1005 539 1036 595; x_wconf 89' lang='lat' dir='ltr'>te</span> <span class='ocrx_word' id='word_1_13' title='bbox 1069 552 1173 614; x_wconf 84' lang='lat' dir='ltr'>quoqne</span> 
     </span>
     <span class='ocr_line' id='line_1_3' title="bbox 269 615 1175 697; baseline -0.002 -16"><span class='ocrx_word' id='word_1_14' title='bbox 269 625 354 681; x_wconf 87' lang='lat' dir='ltr'>carto</span> <span class='ocrx_word' id='word_1_15' title='bbox 376 619 458 678; x_wconf 87' lang='lat' dir='ltr'>vitae</span> <span class='ocrx_word' id='word_1_16' title='bbox 479 617 585 697; x_wconf 84' lang='lat' dir='ltr'>generi</span> <span class='ocrx_word' id='word_1_17' title='bbox 607 616 768 693; x_wconf 78' lang='lat' dir='ltr'>addicere,</span> <span class='ocrx_word' id='word_1_18' title='bbox 797 616 881 696; x_wconf 92' lang='lat' dir='ltr'>quod</span> <span class='ocrx_word' id='word_1_19' title='bbox 903 615 958 679; x_wconf 90' lang='lat' dir='ltr'>tibi</span> <span class='ocrx_word' id='word_1_20' title='bbox 981 617 1175 679; x_wconf 83' lang='lat' dir='ltr'>commodissi-</span> 
     </span>
     <span class='ocr_line' id='line_1_4' title="bbox 270 699 1175 779; baseline -0.001 -17"><span class='ocrx_word' id='word_1_21' title='bbox 270 721 351 762; x_wconf 89' lang='lat' dir='ltr'>mum</span> <span class='ocrx_word' id='word_1_22' title='bbox 373 700 540 775; x_wconf 84' lang='lat' dir='ltr'>videbitur,</span> <span class='ocrx_word' id='word_1_23' title='bbox 569 702 652 760; x_wconf 91' lang='lat' dir='ltr'>utin</span> <span class='ocrx_word' id='word_1_24' title='bbox 675 719 713 760; x_wconf 88' lang='lat' dir='ltr'>eo</span> <span class='ocrx_word' id='word_1_25' title='bbox 734 699 779 760; x_wconf 89' lang='lat' dir='ltr'>illi</span> <span class='ocrx_word' id='word_1_26' title='bbox 800 707 876 762; x_wconf 89' lang='lat' dir='ltr'>voto</span> <span class='ocrx_word' id='word_1_27' title='bbox 899 700 1088 776; x_wconf 85' lang='lat' dir='ltr'>satisfacias,</span> <span class='ocrx_word' id='word_1_28' title='bbox 1107 703 1175 779; x_wconf 90' lang='lat' dir='ltr'>quod</span> 
     </span>
     <span class='ocr_line' id='line_1_5' title="bbox 268 783 1177 864; baseline -0.001 -19"><span class='ocrx_word' id='word_1_29' title='bbox 268 786 300 845; x_wconf 93' lang='lat' dir='ltr'>in</span> <span class='ocrx_word' id='word_1_30' title='bbox 330 784 483 864; x_wconf 85' lang='lat' dir='ltr'>baptismo</span> <span class='ocrx_word' id='word_1_31' title='bbox 516 783 623 846; x_wconf 77' lang='lat' dir='ltr'>fecisti.</span> <span class='ocrx_word' id='word_1_32' title='bbox 667 783 769 863; x_wconf 81' lang='lat' dir='ltr'>Atque</span> <span class='ocrx_word' id='word_1_33' title='bbox 795 785 822 843; x_wconf 86' lang='lat' dir='ltr'>is</span> <span class='ocrx_word' id='word_1_34' title='bbox 853 783 994 844; x_wconf 83' lang='lat' dir='ltr'>delectus</span> <span class='ocrx_word' id='word_1_35' title='bbox 1027 784 1058 842; x_wconf 92' lang='lat' dir='ltr'>in</span> <span class='ocrx_word' id='word_1_36' title='bbox 1087 792 1177 844; x_wconf 81' lang='lat' dir='ltr'>nostra</span> 
     </span>
     <span class='ocr_line' id='line_1_6' title="bbox 271 865 1178 945; baseline 0.002 -19"><span class='ocrx_word' id='word_1_37' title='bbox 271 871 362 926; x_wconf 81' lang='lat' dir='ltr'>manu</span> <span class='ocrx_word' id='word_1_38' title='bbox 385 873 441 927; x_wconf 87' lang='lat' dir='ltr'>est.</span> <span class='ocrx_word' id='word_1_39' title='bbox 478 865 744 940; x_wconf 77' lang='lat' dir='ltr'>Quemadmodum</span> <span class='ocrx_word' id='word_1_40' title='bbox 765 884 899 945; x_wconf 85' lang='lat' dir='ltr'>quoque,</span> <span class='ocrx_word' id='word_1_41' title='bbox 922 867 949 926; x_wconf 89' lang='lat' dir='ltr'>si</span> <span class='ocrx_word' id='word_1_42' title='bbox 971 865 1033 927; x_wconf 91' lang='lat' dir='ltr'>dno</span> <span class='ocrx_word' id='word_1_43' title='bbox 1055 886 1115 925; x_wconf 90' lang='lat' dir='ltr'>una</span> <span class='ocrx_word' id='word_1_44' title='bbox 1132 868 1178 928; x_wconf 88' lang='lat' dir='ltr'>iter</span> 
     </span>
     <span class='ocr_line' id='line_1_7' title="bbox 269 948 1178 1029; baseline -0.001 -20"><span class='ocrx_word' id='word_1_45' title='bbox 269 949 384 1009; x_wconf 87' lang='lat' dir='ltr'>faciant</span> <span class='ocrx_word' id='word_1_46' title='bbox 404 949 434 1008; x_wconf 92' lang='lat' dir='ltr'>in</span> <span class='ocrx_word' id='word_1_47' title='bbox 458 948 591 1027; x_wconf 87' lang='lat' dir='ltr'>aliquam</span> <span class='ocrx_word' id='word_1_48' title='bbox 614 950 779 1026; x_wconf 87' lang='lat' dir='ltr'>civitatem,</span> <span class='ocrx_word' id='word_1_49' title='bbox 803 955 907 1029; x_wconf 88' lang='lat' dir='ltr'>potest</span> <span class='ocrx_word' id='word_1_50' title='bbox 927 948 1009 1009; x_wconf 87' lang='lat' dir='ltr'>after</span> <span class='ocrx_word' id='word_1_51' title='bbox 1028 950 1060 1009; x_wconf 93' lang='lat' dir='ltr'>in</span> <span class='ocrx_word' id='word_1_52' title='bbox 1075 951 1178 1025; x_wconf 85' lang='lat' dir='ltr'>semita,</span> 
     </span>
     <span class='ocr_line' id='line_1_8' title="bbox 270 1031 1178 1112; baseline 0.001 -21"><span class='ocrx_word' id='word_1_53' title='bbox 270 1032 349 1091; x_wconf 88' lang='lat' dir='ltr'>alter</span> <span class='ocrx_word' id='word_1_54' title='bbox 369 1032 399 1090; x_wconf 93' lang='lat' dir='ltr'>in</span> <span class='ocrx_word' id='word_1_55' title='bbox 422 1031 544 1110; x_wconf 90' lang='lat' dir='ltr'>publica</span> <span class='ocrx_word' id='word_1_56' title='bbox 566 1032 630 1107; x_wconf 87' lang='lat' dir='ltr'>via,</span> <span class='ocrx_word' id='word_1_57' title='bbox 652 1038 744 1111; x_wconf 86' lang='lat' dir='ltr'>prout</span> <span class='ocrx_word' id='word_1_58' title='bbox 764 1034 884 1112; x_wconf 88' lang='lat' dir='ltr'>utrique</span> <span class='ocrx_word' id='word_1_59' title='bbox 907 1031 1178 1093; x_wconf 88' lang='lat' dir='ltr'>commodissimum</span> 
     </span>
     <span class='ocr_line' id='line_1_9' title="bbox 270 1113 1179 1195; baseline 0.001 -22"><span class='ocrx_word' id='word_1_60' title='bbox 270 1113 369 1190; x_wconf 86' lang='lat' dir='ltr'>fuerit,</span> <span class='ocrx_word' id='word_1_61' title='bbox 390 1113 520 1194; x_wconf 83' lang='lat' dir='ltr'>ingredi.</span> <span class='ocrx_word' id='word_1_62' title='bbox 565 1113 687 1195; x_wconf 84' lang='lat' dir='ltr'>Siquis</span> <span class='ocrx_word' id='word_1_63' title='bbox 720 1133 795 1195; x_wconf 81' lang='lat' dir='ltr'>ergo</span> <span class='ocrx_word' id='word_1_64' title='bbox 825 1134 858 1174; x_wconf 88' lang='lat' dir='ltr'>se</span> <span class='ocrx_word' id='word_1_65' title='bbox 881 1116 1052 1175; x_wconf 89' lang='lat' dir='ltr'>coniecerit</span> <span class='ocrx_word' id='word_1_66' title='bbox 1079 1116 1109 1174; x_wconf 92' lang='lat' dir='ltr'>in</span> <span class='ocrx_word' id='word_1_67' title='bbox 1129 1134 1179 1174; x_wconf 92' lang='lat' dir='ltr'>ma·</span> 
     </span>
     <span class='ocr_line' id='line_1_10' title="bbox 270 1196 1180 1276; baseline 0.004 -21"><span class='ocrx_word' id='word_1_68' title='bbox 270 1197 460 1268; x_wconf 82' lang='lat' dir='ltr'>trimonium,</span> <span class='ocrx_word' id='word_1_69' title='bbox 483 1196 535 1256; x_wconf 86' lang='lat' dir='ltr'>iile</span> <span class='ocrx_word' id='word_1_70' title='bbox 557 1196 678 1258; x_wconf 87' lang='lat' dir='ltr'>iabores</span> <span class='ocrx_word' id='word_1_71' title='bbox 702 1216 739 1257; x_wconf 91' lang='lat' dir='ltr'>ac</span> <span class='ocrx_word' id='word_1_72' title='bbox 761 1197 932 1276; x_wconf 84' lang='lat' dir='ltr'>molestias,</span> <span class='ocrx_word' id='word_1_73' title='bbox 965 1216 1047 1276; x_wconf 86' lang='lat' dir='ltr'>quae</span> <span class='ocrx_word' id='word_1_74' title='bbox 1068 1198 1099 1257; x_wconf 93' lang='lat' dir='ltr'>in</span> <span class='ocrx_word' id='word_1_75' title='bbox 1120 1217 1180 1258; x_wconf 89' lang='lat' dir='ltr'>con-</span> 
     </span>
     <span class='ocr_line' id='line_1_11' title="bbox 269 1279 1181 1361; baseline 0.003 -24"><span class='ocrx_word' id='word_1_76' title='bbox 269 1279 353 1357; x_wconf 84' lang='lat' dir='ltr'>ingio</span> <span class='ocrx_word' id='word_1_77' title='bbox 382 1284 470 1356; x_wconf 92' lang='lat' dir='ltr'>sunt,</span> <span class='ocrx_word' id='word_1_78' title='bbox 498 1279 633 1358; x_wconf 83' lang='lat' dir='ltr'>perferre</span> <span class='ocrx_word' id='word_1_79' title='bbox 656 1281 785 1361; x_wconf 86' lang='lat' dir='ltr'>cogitur,</span> <span class='ocrx_word' id='word_1_80' title='bbox 808 1279 916 1358; x_wconf 83' lang='lat' dir='ltr'>quibus</span> <span class='ocrx_word' id='word_1_81' title='bbox 940 1280 1014 1340; x_wconf 92' lang='lat' dir='ltr'>dum</span> <span class='ocrx_word' id='word_1_82' title='bbox 1034 1287 1181 1341; x_wconf 87' lang='lat' dir='ltr'>exercetur</span> 
     </span>
     <span class='ocr_line' id='line_1_12' title="bbox 270 1363 1180 1442; baseline 0.004 -22"><span class='ocrx_word' id='word_1_83' title='bbox 270 1369 399 1439; x_wconf 88' lang='lat' dir='ltr'>nature,</span> <span class='ocrx_word' id='word_1_84' title='bbox 431 1363 582 1422; x_wconf 86' lang='lat' dir='ltr'>assuescit</span> <span class='ocrx_word' id='word_1_85' title='bbox 614 1369 645 1423; x_wconf 91' lang='lat' dir='ltr'>et</span> <span class='ocrx_word' id='word_1_86' title='bbox 675 1363 759 1432; x_wconf 88' lang='lat' dir='ltr'>bona</span> <span class='ocrx_word' id='word_1_87' title='bbox 789 1370 820 1423; x_wconf 86' lang='lat' dir='ltr'>et</span> <span class='ocrx_word' id='word_1_88' title='bbox 848 1364 930 1423; x_wconf 91' lang='lat' dir='ltr'>mala</span> <span class='ocrx_word' id='word_1_89' title='bbox 953 1365 1084 1442; x_wconf 86' lang='lat' dir='ltr'>aequius</span> <span class='ocrx_word' id='word_1_90' title='bbox 1105 1364 1180 1440; x_wconf 89' lang='lat' dir='ltr'>ferre,</span> 
     </span>
     <span class='ocr_line' id='line_1_13' title="bbox 270 1447 1180 1525; baseline 0.003 -22"><span class='ocrx_word' id='word_1_91' title='bbox 270 1463 382 1504; x_wconf 86' lang='lat' dir='ltr'>cavere</span> <span class='ocrx_word' id='word_1_92' title='bbox 404 1452 546 1523; x_wconf 87' lang='lat' dir='ltr'>peccata,</span> <span class='ocrx_word' id='word_1_93' title='bbox 579 1464 614 1505; x_wconf 85' lang='lat' dir='ltr'>se</span> <span class='ocrx_word' id='word_1_94' title='bbox 646 1465 826 1525; x_wconf 88' lang='lat' dir='ltr'>comparare</span> <span class='ocrx_word' id='word_1_95' title='bbox 860 1447 899 1506; x_wconf 86' lang='lat' dir='ltr'>ad</span> <span class='ocrx_word' id='word_1_96' title='bbox 930 1453 1083 1524; x_wconf 88' lang='lat' dir='ltr'>mortem,</span> <span class='ocrx_word' id='word_1_97' title='bbox 1114 1465 1180 1525; x_wconf 91' lang='lat' dir='ltr'>quae</span> 
     </span>
     <span class='ocr_line' id='line_1_14' title="bbox 271 1528 1179 1609; baseline 0.004 -24"><span class='ocrx_word' id='word_1_98' title='bbox 271 1528 376 1586; x_wconf 93' lang='lat' dir='ltr'>omnia</span> <span class='ocrx_word' id='word_1_99' title='bbox 393 1528 585 1588; x_wconf 91' lang='lat' dir='ltr'>commodius</span> <span class='ocrx_word' id='word_1_100' title='bbox 597 1535 700 1608; x_wconf 88' lang='lat' dir='ltr'>potest</span> <span class='ocrx_word' id='word_1_101' title='bbox 722 1530 753 1588; x_wconf 94' lang='lat' dir='ltr'>in</span> <span class='ocrx_word' id='word_1_102' title='bbox 774 1529 829 1590; x_wconf 88' lang='lat' dir='ltr'>iffo</span> <span class='ocrx_word' id='word_1_103' title='bbox 842 1548 960 1609; x_wconf 85' lang='lat' dir='ltr'>genere</span> <span class='ocrx_word' id='word_1_104' title='bbox 984 1530 1077 1604; x_wconf 86' lang='lat' dir='ltr'>vitae,</span> <span class='ocrx_word' id='word_1_105' title='bbox 1101 1549 1179 1608; x_wconf 88' lang='lat' dir='ltr'>quarn</span> 
     </span>
     <span class='ocr_line' id='line_1_15' title="bbox 270 1610 751 1692; baseline 0.006 -24"><span class='ocrx_word' id='word_1_106' title='bbox 270 1610 296 1668; x_wconf 85' lang='lat' dir='ltr'>si</span> <span class='ocrx_word' id='word_1_107' title='bbox 318 1610 436 1669; x_wconf 88' lang='lat' dir='ltr'>viveret</span> <span class='ocrx_word' id='word_1_108' title='bbox 457 1616 544 1670; x_wconf 87' lang='lat' dir='ltr'>extra</span> <span class='ocrx_word' id='word_1_109' title='bbox 565 1612 751 1692; x_wconf 86' lang='lat' dir='ltr'>coniugium.</span> 
     </span>
    </p>

    <p class='ocr_par' dir='ltr' id='par_1_3' title="bbox 268 1691 1180 2353">
     <span class='ocr_line' id='line_1_16' title="bbox 353 1691 1180 1775; baseline 0.005 -25"><span class='ocrx_word' id='word_1_110' title='bbox 353 1691 408 1752; x_wconf 75' lang='lat' dir='ltr'>nst</span> <span class='ocrx_word' id='word_1_111' title='bbox 431 1698 531 1752; x_wconf 86' lang='lat' dir='ltr'>autem</span> <span class='ocrx_word' id='word_1_112' title='bbox 557 1701 677 1772; x_wconf 87' lang='lat' dir='ltr'>praeter</span> <span class='ocrx_word' id='word_1_113' title='bbox 692 1694 868 1774; x_wconf 87' lang='lat' dir='ltr'>coniugium</span> <span class='ocrx_word' id='word_1_114' title='bbox 891 1693 975 1753; x_wconf 92' lang='lat' dir='ltr'>aliud</span> <span class='ocrx_word' id='word_1_115' title='bbox 998 1694 1081 1754; x_wconf 88' lang='lat' dir='ltr'>vitae</span> <span class='ocrx_word' id='word_1_116' title='bbox 1095 1714 1180 1775; x_wconf 81' lang='lat' dir='ltr'>genus</span> 
     </span>
     <span class='ocr_line' id='line_1_17' title="bbox 269 1774 1179 1859; baseline 0.004 -27"><span class='ocrx_word' id='word_1_117' title='bbox 269 1774 400 1854; x_wconf 87' lang='lat' dir='ltr'>amplius</span> <span class='ocrx_word' id='word_1_118' title='bbox 422 1793 459 1834; x_wconf 93' lang='lat' dir='ltr'>ac</span> <span class='ocrx_word' id='word_1_119' title='bbox 479 1779 701 1854; x_wconf 78' lang='lat' dir='ltr'>praestantius,</span> <span class='ocrx_word' id='word_1_120' title='bbox 722 1776 843 1837; x_wconf 81' lang='lat' dir='ltr'>illorum</span> <span class='ocrx_word' id='word_1_121' title='bbox 866 1775 1001 1854; x_wconf 86' lang='lat' dir='ltr'>scilieet,</span> <span class='ocrx_word' id='word_1_122' title='bbox 1033 1779 1087 1859; x_wconf 86' lang='lat' dir='ltr'>qui</span> <span class='ocrx_word' id='word_1_123' title='bbox 1106 1779 1179 1856; x_wconf 88' lang='lat' dir='ltr'>spiri-</span> 
     </span>
     <span class='ocr_line' id='line_1_18' title="bbox 271 1857 1179 1940; baseline 0.004 -24"><span class='ocrx_word' id='word_1_124' title='bbox 271 1857 353 1917; x_wconf 87' lang='lat' dir='ltr'>tuale</span> <span class='ocrx_word' id='word_1_125' title='bbox 375 1864 481 1917; x_wconf 88' lang='lat' dir='ltr'>tenent</span> <span class='ocrx_word' id='word_1_126' title='bbox 502 1878 629 1938; x_wconf 86' lang='lat' dir='ltr'>regnum</span> <span class='ocrx_word' id='word_1_127' title='bbox 648 1861 782 1940; x_wconf 89' lang='lat' dir='ltr'>(utemur</span> <span class='ocrx_word' id='word_1_128' title='bbox 804 1861 885 1920; x_wconf 88' lang='lat' dir='ltr'>enirn</span> <span class='ocrx_word' id='word_1_129' title='bbox 897 1859 1116 1920; x_wconf 83' lang='lat' dir='ltr'>communibus</span> <span class='ocrx_word' id='word_1_130' title='bbox 1134 1879 1179 1920; x_wconf 87' lang='lat' dir='ltr'>vo·</span> 
     </span>
     <span class='ocr_line' id='line_1_19' title="bbox 270 1938 1178 2022; baseline 0.002 -23"><span class='ocrx_word' id='word_1_131' title='bbox 270 1938 418 2019; x_wconf 84' lang='lat' dir='ltr'>cabulis),</span> <span class='ocrx_word' id='word_1_132' title='bbox 442 1940 548 2018; x_wconf 88' lang='lat' dir='ltr'>quales</span> <span class='ocrx_word' id='word_1_133' title='bbox 571 1950 642 2002; x_wconf 88' lang='lat' dir='ltr'>sunt</span> <span class='ocrx_word' id='word_1_134' title='bbox 664 1943 811 2022; x_wconf 81' lang='lat' dir='ltr'>episcopi,</span> <span class='ocrx_word' id='word_1_135' title='bbox 833 1942 961 2022; x_wconf 89' lang='lat' dir='ltr'>parochi</span> <span class='ocrx_word' id='word_1_136' title='bbox 985 1949 1045 2003; x_wconf 92' lang='lat' dir='ltr'>etc.</span> <span class='ocrx_word' id='word_1_137' title='bbox 1089 1942 1178 2020; x_wconf 81' lang='lat' dir='ltr'>Atque</span> 
     </span>
     <span class='ocr_line' id='line_1_20' title="bbox 270 2022 1176 2105; baseline 0.004 -25"><span class='ocrx_word' id='word_1_138' title='bbox 270 2022 299 2080; x_wconf 89' lang='lat' dir='ltr'>hi</span> <span class='ocrx_word' id='word_1_139' title='bbox 324 2022 445 2100; x_wconf 88' lang='lat' dir='ltr'>quidem</span> <span class='ocrx_word' id='word_1_140' title='bbox 469 2023 597 2103; x_wconf 83' lang='lat' dir='ltr'>singulis</span> <span class='ocrx_word' id='word_1_141' title='bbox 623 2024 707 2085; x_wconf 88' lang='lat' dir='ltr'>horis</span> <span class='ocrx_word' id='word_1_142' title='bbox 731 2022 884 2085; x_wconf 89' lang='lat' dir='ltr'>debebant</span> <span class='ocrx_word' id='word_1_143' title='bbox 906 2043 976 2084; x_wconf 85' lang='lat' dir='ltr'>esse</span> <span class='ocrx_word' id='word_1_144' title='bbox 999 2026 1114 2105; x_wconf 90' lang='lat' dir='ltr'>parati,</span> <span class='ocrx_word' id='word_1_145' title='bbox 1145 2026 1176 2084; x_wconf 88' lang='lat' dir='ltr'>ad</span> 
     </span>
     <span class='ocr_line' id='line_1_21' title="bbox 270 2104 1177 2186; baseline 0.003 -22"><span class='ocrx_word' id='word_1_146' title='bbox 270 2122 392 2164; x_wconf 86' lang='lat' dir='ltr'>omnem</span> <span class='ocrx_word' id='word_1_147' title='bbox 415 2104 575 2166; x_wconf 87' lang='lat' dir='ltr'>adversam</span> <span class='ocrx_word' id='word_1_148' title='bbox 597 2108 766 2184; x_wconf 89' lang='lat' dir='ltr'>fortunam,</span> <span class='ocrx_word' id='word_1_149' title='bbox 797 2115 828 2167; x_wconf 89' lang='lat' dir='ltr'>et</span> <span class='ocrx_word' id='word_1_150' title='bbox 849 2106 888 2166; x_wconf 88' lang='lat' dir='ltr'>ad</span> <span class='ocrx_word' id='word_1_151' title='bbox 910 2115 1043 2167; x_wconf 89' lang='lat' dir='ltr'>mortem</span> <span class='ocrx_word' id='word_1_152' title='bbox 1068 2126 1177 2186; x_wconf 88' lang='lat' dir='ltr'>quoque</span> 
     </span>
     <span class='ocr_line' id='line_1_22' title="bbox 268 2187 1175 2270; baseline 0.004 -24"><span class='ocrx_word' id='word_1_153' title='bbox 268 2187 496 2266; x_wconf 85' lang='lat' dir='ltr'>perferendam,</span> <span class='ocrx_word' id='word_1_154' title='bbox 519 2209 581 2249; x_wconf 91' lang='lat' dir='ltr'>non</span> <span class='ocrx_word' id='word_1_155' title='bbox 604 2190 703 2250; x_wconf 86' lang='lat' dir='ltr'>solum</span> <span class='ocrx_word' id='word_1_156' title='bbox 727 2197 851 2270; x_wconf 86' lang='lat' dir='ltr'>propter</span> <span class='ocrx_word' id='word_1_157' title='bbox 873 2209 960 2249; x_wconf 87' lang='lat' dir='ltr'>snam</span> <span class='ocrx_word' id='word_1_158' title='bbox 983 2191 1120 2270; x_wconf 88' lang='lat' dir='ltr'>ipsorum</span> <span class='ocrx_word' id='word_1_159' title='bbox 1139 2210 1175 2250; x_wconf 87' lang='lat' dir='ltr'>sa-</span> 
     </span>
     <span class='ocr_line' id='line_1_23' title="bbox 270 2269 1174 2353; baseline 0.006 -25"><span class='ocrx_word' id='word_1_160' title='bbox 270 2269 378 2343; x_wconf 88' lang='lat' dir='ltr'>lutem,</span> <span class='ocrx_word' id='word_1_161' title='bbox 402 2270 570 2331; x_wconf 84' lang='lat' dir='ltr'>sedetiam</span> <span class='ocrx_word' id='word_1_162' title='bbox 594 2279 720 2353; x_wconf 88' lang='lat' dir='ltr'>propter</span> <span class='ocrx_word' id='word_1_163' title='bbox 740 2273 877 2345; x_wconf 83' lang='lat' dir='ltr'>illorum,</span> <span class='ocrx_word' id='word_1_164' title='bbox 900 2271 1010 2351; x_wconf 89' lang='lat' dir='ltr'>quibus</span> <span class='ocrx_word' id='word_1_165' title='bbox 1034 2281 1174 2351; x_wconf 86' lang='lat' dir='ltr'>praesunt.</span> 
     </span>
    </p>

    <p class='ocr_par' dir='ltr' id='par_1_4' title="bbox 266 2351 1173 2601">
     <span class='ocr_line' id='line_1_24' title="bbox 350 2351 1173 2427; baseline 0.004 -16"><span class='ocrx_word' id='word_1_166' title='bbox 350 2351 444 2413; x_wconf 88' lang='lat' dir='ltr'>Porro</span> <span class='ocrx_word' id='word_1_167' title='bbox 467 2353 559 2414; x_wconf 86' lang='lat' dir='ltr'>debet</span> <span class='ocrx_word' id='word_1_168' title='bbox 580 2355 690 2414; x_wconf 85' lang='lat' dir='ltr'>modus</span> <span class='ocrx_word' id='word_1_169' title='bbox 712 2374 781 2415; x_wconf 88' lang='lat' dir='ltr'>esse</span> <span class='ocrx_word' id='word_1_170' title='bbox 803 2357 831 2415; x_wconf 92' lang='lat' dir='ltr'>in</span> <span class='ocrx_word' id='word_1_171' title='bbox 856 2355 903 2415; x_wconf 93' lang='lat' dir='ltr'>his</span> <span class='ocrx_word' id='word_1_172' title='bbox 928 2355 1088 2427; x_wconf 89' lang='lat' dir='ltr'>omnibus,</span> <span class='ocrx_word' id='word_1_173' title='bbox 1110 2358 1173 2415; x_wconf 85' lang='lat' dir='ltr'>sicut</span> 
     </span>
     <span class='ocr_line' id='line_1_25' title="bbox 266 2437 1171 2518; baseline 0.006 -26"><span class='ocrx_word' id='word_1_174' title='bbox 266 2453 358 2513; x_wconf 86' lang='lat' dir='ltr'>snpra</span> <span class='ocrx_word' id='word_1_175' title='bbox 380 2437 500 2513; x_wconf 85' lang='lat' dir='ltr'>monui,</span> <span class='ocrx_word' id='word_1_176' title='bbox 528 2443 560 2497; x_wconf 92' lang='lat' dir='ltr'>ut</span> <span class='ocrx_word' id='word_1_177' title='bbox 582 2445 737 2516; x_wconf 82' lang='lat' dir='ltr'>spectetur</span> <span class='ocrx_word' id='word_1_178' title='bbox 758 2457 820 2498; x_wconf 94' lang='lat' dir='ltr'>non</span> <span class='ocrx_word' id='word_1_179' title='bbox 843 2438 1007 2499; x_wconf 90' lang='lat' dir='ltr'>multitudo</span> <span class='ocrx_word' id='word_1_180' title='bbox 1030 2446 1084 2498; x_wconf 92' lang='lat' dir='ltr'>aut</span> <span class='ocrx_word' id='word_1_181' title='bbox 1105 2458 1171 2518; x_wconf 82' lang='lat' dir='ltr'>mag-</span> 
     </span>
     <span class='ocr_line' id='line_1_26' title="bbox 266 2516 1169 2601; baseline 0.007 -27"><span class='ocrx_word' id='word_1_182' title='bbox 266 2516 373 2578; x_wconf 90' lang='lat' dir='ltr'>nitudo</span> <span class='ocrx_word' id='word_1_183' title='bbox 398 2536 534 2596; x_wconf 86' lang='lat' dir='ltr'>operum,</span> <span class='ocrx_word' id='word_1_184' title='bbox 557 2521 611 2580; x_wconf 90' lang='lat' dir='ltr'>sed</span> <span class='ocrx_word' id='word_1_185' title='bbox 634 2527 749 2581; x_wconf 90' lang='lat' dir='ltr'>tantum</span> <span class='ocrx_word' id='word_1_186' title='bbox 764 2528 961 2601; x_wconf 86' lang='lat' dir='ltr'>peccatorum</span> <span class='ocrx_word' id='word_1_187' title='bbox 982 2519 1169 2581; x_wconf 85' lang='lat' dir='ltr'>mortificatio.</span> 
     </span>
    </p>

    <p class='ocr_par' dir='ltr' id='par_1_5' title="bbox 252 2596 1182 3838">
     <span class='ocr_line' id='line_1_27' title="bbox 348 2596 1169 2684; baseline 0.002 -25"><span class='ocrx_word' id='word_1_188' title='bbox 348 2596 462 2660; x_wconf 89' lang='lat' dir='ltr'>Verum</span> <span class='ocrx_word' id='word_1_189' title='bbox 485 2603 563 2662; x_wconf 86' lang='lat' dir='ltr'>sicut</span> <span class='ocrx_word' id='word_1_190' title='bbox 584 2623 687 2678; x_wconf 92' lang='lat' dir='ltr'>nemo,</span> <span class='ocrx_word' id='word_1_191' title='bbox 709 2623 810 2684; x_wconf 89' lang='lat' dir='ltr'>neque</span> <span class='ocrx_word' id='word_1_192' title='bbox 821 2602 976 2683; x_wconf 87' lang='lat' dir='ltr'>baptismi,</span> <span class='ocrx_word' id='word_1_193' title='bbox 1001 2622 1100 2681; x_wconf 90' lang='lat' dir='ltr'>neque</span> <span class='ocrx_word' id='word_1_194' title='bbox 1112 2606 1169 2682; x_wconf 88' lang='lat' dir='ltr'>qnid</span> 
     </span>
     <span class='ocr_line' id='line_1_28' title="bbox 266 2681 1169 2766; baseline 0.007 -28"><span class='ocrx_word' id='word_1_195' title='bbox 266 2681 417 2761; x_wconf 86' lang='lat' dir='ltr'>significet</span> <span class='ocrx_word' id='word_1_196' title='bbox 438 2683 622 2764; x_wconf 89' lang='lat' dir='ltr'>baptismus,</span> <span class='ocrx_word' id='word_1_197' title='bbox 646 2705 746 2764; x_wconf 86' lang='lat' dir='ltr'>neque</span> <span class='ocrx_word' id='word_1_198' title='bbox 767 2688 850 2760; x_wconf 89' lang='lat' dir='ltr'>voti,</span> <span class='ocrx_word' id='word_1_199' title='bbox 873 2686 955 2765; x_wconf 92' lang='lat' dir='ltr'>quod</span> <span class='ocrx_word' id='word_1_200' title='bbox 979 2688 1010 2745; x_wconf 94' lang='lat' dir='ltr'>in</span> <span class='ocrx_word' id='word_1_201' title='bbox 1032 2686 1169 2766; x_wconf 87' lang='lat' dir='ltr'>baptismo</span> 
     </span>
     <span class='ocr_line' id='line_1_29' title="bbox 265 2762 1169 2848; baseline 0.007 -27"><span class='ocrx_word' id='word_1_202' title='bbox 265 2762 402 2841; x_wconf 81' lang='lat' dir='ltr'>fecimus,</span> <span class='ocrx_word' id='word_1_203' title='bbox 427 2769 578 2846; x_wconf 87' lang='lat' dir='ltr'>meminit,</span> <span class='ocrx_word' id='word_1_204' title='bbox 602 2768 682 2847; x_wconf 91' lang='lat' dir='ltr'>quod</span> <span class='ocrx_word' id='word_1_205' title='bbox 707 2769 824 2829; x_wconf 90' lang='lat' dir='ltr'>scilicet</span> <span class='ocrx_word' id='word_1_206' title='bbox 845 2769 906 2829; x_wconf 91' lang='lat' dir='ltr'>hoc</span> <span class='ocrx_word' id='word_1_207' title='bbox 926 2769 1018 2830; x_wconf 87' lang='lat' dir='ltr'>uobis</span> <span class='ocrx_word' id='word_1_208' title='bbox 1041 2771 1080 2829; x_wconf 89' lang='lat' dir='ltr'>sit</span> <span class='ocrx_word' id='word_1_209' title='bbox 1100 2788 1169 2848; x_wconf 88' lang='lat' dir='ltr'>prae·</span> 
     </span>
     <span class='ocr_line' id='line_1_30' title="bbox 266 2846 1170 2930; baseline 0.004 -25"><span class='ocrx_word' id='word_1_210' title='bbox 266 2846 418 2921; x_wconf 83' lang='lat' dir='ltr'>standum,</span> <span class='ocrx_word' id='word_1_211' title='bbox 442 2857 474 2909; x_wconf 90' lang='lat' dir='ltr'>ut</span> <span class='ocrx_word' id='word_1_212' title='bbox 495 2859 630 2910; x_wconf 84' lang='lat' dir='ltr'>nostram</span> <span class='ocrx_word' id='word_1_213' title='bbox 655 2871 788 2929; x_wconf 88' lang='lat' dir='ltr'>carnem,</span> <span class='ocrx_word' id='word_1_214' title='bbox 811 2851 954 2930; x_wconf 91' lang='lat' dir='ltr'>quamdiu</span> <span class='ocrx_word' id='word_1_215' title='bbox 979 2852 1030 2911; x_wconf 88' lang='lat' dir='ltr'>hic</span> <span class='ocrx_word' id='word_1_216' title='bbox 1046 2853 1170 2926; x_wconf 88' lang='lat' dir='ltr'>vivimus,</span> 
     </span>
     <span class='ocr_line' id='line_1_31' title="bbox 265 2928 1170 3012; baseline 0.008 -25"><span class='ocrx_word' id='word_1_217' title='bbox 265 2928 501 3008; x_wconf 88' lang='lat' dir='ltr'>mortificemus,</span> <span class='ocrx_word' id='word_1_218' title='bbox 538 2935 580 2993; x_wconf 90' lang='lat' dir='ltr'>ita</span> <span class='ocrx_word' id='word_1_219' title='bbox 613 2953 735 3012; x_wconf 89' lang='lat' dir='ltr'>quoque</span> <span class='ocrx_word' id='word_1_220' title='bbox 769 2954 859 2994; x_wconf 90' lang='lat' dir='ltr'>nemo</span> <span class='ocrx_word' id='word_1_221' title='bbox 889 2934 1077 2995; x_wconf 90' lang='lat' dir='ltr'>conditionis</span> <span class='ocrx_word' id='word_1_222' title='bbox 1100 2953 1170 3011; x_wconf 86' lang='lat' dir='ltr'>snae,</span> 
     </span>
     <span class='ocr_line' id='line_1_32' title="bbox 264 3012 1169 3097; baseline 0.008 -28"><span class='ocrx_word' id='word_1_223' title='bbox 264 3012 295 3069; x_wconf 90' lang='lat' dir='ltr'>in</span> <span class='ocrx_word' id='word_1_224' title='bbox 317 3031 377 3090; x_wconf 87' lang='lat' dir='ltr'>qua</span> <span class='ocrx_word' id='word_1_225' title='bbox 399 3013 490 3089; x_wconf 84' lang='lat' dir='ltr'>vivit,</span> <span class='ocrx_word' id='word_1_226' title='bbox 515 3017 660 3077; x_wconf 89' lang='lat' dir='ltr'>meminit.</span> <span class='ocrx_word' id='word_1_227' title='bbox 704 3017 745 3076; x_wconf 82' lang='lat' dir='ltr'>Et</span> <span class='ocrx_word' id='word_1_228' title='bbox 766 3018 855 3097; x_wconf 91' lang='lat' dir='ltr'>pauci</span> <span class='ocrx_word' id='word_1_229' title='bbox 877 3023 965 3095; x_wconf 92' lang='lat' dir='ltr'>sunt,</span> <span class='ocrx_word' id='word_1_230' title='bbox 989 3019 1040 3096; x_wconf 90' lang='lat' dir='ltr'>qui</span> <span class='ocrx_word' id='word_1_231' title='bbox 1064 3027 1169 3093; x_wconf 84' lang='lat' dir='ltr'>norunt,</span> 
     </span>
     <span class='ocr_line' id='line_1_33' title="bbox 264 3094 1169 3181; baseline 0.008 -29"><span class='ocrx_word' id='word_1_232' title='bbox 264 3112 357 3170; x_wconf 91' lang='lat' dir='ltr'>quare</span> <span class='ocrx_word' id='word_1_233' title='bbox 380 3094 461 3155; x_wconf 91' lang='lat' dir='ltr'>hunc</span> <span class='ocrx_word' id='word_1_234' title='bbox 481 3097 510 3155; x_wconf 93' lang='lat' dir='ltr'>in</span> <span class='ocrx_word' id='word_1_235' title='bbox 535 3098 604 3175; x_wconf 85' lang='lat' dir='ltr'>hoo,</span> <span class='ocrx_word' id='word_1_236' title='bbox 626 3099 712 3158; x_wconf 90' lang='lat' dir='ltr'>illum</span> <span class='ocrx_word' id='word_1_237' title='bbox 735 3101 765 3160; x_wconf 95' lang='lat' dir='ltr'>in</span> <span class='ocrx_word' id='word_1_238' title='bbox 788 3100 869 3159; x_wconf 84' lang='lat' dir='ltr'>aliud</span> <span class='ocrx_word' id='word_1_239' title='bbox 891 3101 975 3160; x_wconf 85' lang='lat' dir='ltr'>vitae</span> <span class='ocrx_word' id='word_1_240' title='bbox 991 3120 1090 3181; x_wconf 85' lang='lat' dir='ltr'>genus</span> <span class='ocrx_word' id='word_1_241' title='bbox 1110 3119 1169 3161; x_wconf 87' lang='lat' dir='ltr'>oon-</span> 
     </span>
     <span class='ocr_line' id='line_1_34' title="bbox 263 3177 1170 3259; baseline 0.009 -25"><span class='ocrx_word' id='word_1_242' title='bbox 263 3177 368 3236; x_wconf 86' lang='lat' dir='ltr'>iecerit</span> <span class='ocrx_word' id='word_1_243' title='bbox 405 3178 499 3242; x_wconf 86' lang='lat' dir='ltr'>Deus.</span> <span class='ocrx_word' id='word_1_244' title='bbox 547 3181 620 3242; x_wconf 88' lang='lat' dir='ltr'>Ideo</span> <span class='ocrx_word' id='word_1_245' title='bbox 656 3189 758 3241; x_wconf 89' lang='lat' dir='ltr'>autem</span> <span class='ocrx_word' id='word_1_246' title='bbox 790 3202 809 3242; x_wconf 90' lang='lat' dir='ltr'>a</span> <span class='ocrx_word' id='word_1_247' title='bbox 836 3182 903 3242; x_wconf 91' lang='lat' dir='ltr'>Deo</span> <span class='ocrx_word' id='word_1_248' title='bbox 932 3183 993 3243; x_wconf 90' lang='lat' dir='ltr'>ista</span> <span class='ocrx_word' id='word_1_249' title='bbox 1026 3185 1072 3242; x_wconf 85' lang='lat' dir='ltr'>sic</span> <span class='ocrx_word' id='word_1_250' title='bbox 1098 3183 1170 3259; x_wconf 87' lang='lat' dir='ltr'>fiunt,</span> 
     </span>
     <span class='ocr_line' id='line_1_35' title="bbox 263 3263 1171 3344; baseline 0.01 -28"><span class='ocrx_word' id='word_1_251' title='bbox 263 3266 296 3316; x_wconf 88' lang='lat' dir='ltr'>ut</span> <span class='ocrx_word' id='word_1_252' title='bbox 328 3263 535 3340; x_wconf 84' lang='lat' dir='ltr'>unusquisque</span> <span class='ocrx_word' id='word_1_253' title='bbox 569 3264 760 3324; x_wconf 90' lang='lat' dir='ltr'>commodius</span> <span class='ocrx_word' id='word_1_254' title='bbox 791 3264 944 3344; x_wconf 90' lang='lat' dir='ltr'>baptismo</span> <span class='ocrx_word' id='word_1_255' title='bbox 982 3266 1171 3326; x_wconf 86' lang='lat' dir='ltr'>satisfaceret.</span> 
     </span>
     <span class='ocr_line' id='line_1_36' title="bbox 262 3340 1171 3427; baseline 0.009 -28"><span class='ocrx_word' id='word_1_256' title='bbox 262 3340 325 3400; x_wconf 90' lang='lat' dir='ltr'>lam</span> <span class='ocrx_word' id='word_1_257' title='bbox 347 3344 378 3402; x_wconf 91' lang='lat' dir='ltr'>in</span> <span class='ocrx_word' id='word_1_258' title='bbox 390 3362 536 3423; x_wconf 90' lang='lat' dir='ltr'>pompam</span> <span class='ocrx_word' id='word_1_259' title='bbox 560 3366 598 3406; x_wconf 91' lang='lat' dir='ltr'>ea</span> <span class='ocrx_word' id='word_1_260' title='bbox 619 3366 667 3406; x_wconf 86' lang='lat' dir='ltr'>res</span> <span class='ocrx_word' id='word_1_261' title='bbox 691 3346 773 3423; x_wconf 85' lang='lat' dir='ltr'>abiit,</span> <span class='ocrx_word' id='word_1_262' title='bbox 796 3366 896 3425; x_wconf 89' lang='lat' dir='ltr'>neque</span> <span class='ocrx_word' id='word_1_263' title='bbox 912 3349 1076 3427; x_wconf 91' lang='lat' dir='ltr'>quicquam</span> <span class='ocrx_word' id='word_1_264' title='bbox 1090 3347 1171 3425; x_wconf 86' lang='lat' dir='ltr'>aliud,</span> 
     </span>
     <span class='ocr_line' id='line_1_37' title="bbox 262 3429 1171 3510; baseline 0.01 -29"><span class='ocrx_word' id='word_1_265' title='bbox 262 3441 352 3500; x_wconf 89' lang='lat' dir='ltr'>quam</span> <span class='ocrx_word' id='word_1_266' title='bbox 388 3433 515 3486; x_wconf 87' lang='lat' dir='ltr'>externa</span> <span class='ocrx_word' id='word_1_267' title='bbox 554 3429 703 3507; x_wconf 88' lang='lat' dir='ltr'>quaedam</span> <span class='ocrx_word' id='word_1_268' title='bbox 742 3431 861 3509; x_wconf 87' lang='lat' dir='ltr'>species</span> <span class='ocrx_word' id='word_1_269' title='bbox 895 3437 943 3490; x_wconf 90' lang='lat' dir='ltr'>est</span> <span class='ocrx_word' id='word_1_270' title='bbox 978 3431 1106 3510; x_wconf 88' lang='lat' dir='ltr'>reliqua.</span> <span class='ocrx_word' id='word_1_271' title='bbox 1143 3430 1171 3491; x_wconf 92' lang='lat' dir='ltr'>ld</span> 
     </span>
     <span class='ocr_line' id='line_1_38' title="bbox 262 3505 1171 3595; baseline 0.011 -31"><span class='ocrx_word' id='word_1_272' title='bbox 262 3505 344 3582; x_wconf 92' lang='lat' dir='ltr'>qnod</span> <span class='ocrx_word' id='word_1_273' title='bbox 373 3507 445 3571; x_wconf 79' lang='lat' dir='ltr'>Fica.</span> <span class='ocrx_word' id='word_1_274' title='bbox 469 3529 536 3590; x_wconf 89' lang='lat' dir='ltr'>cap.</span> <span class='ocrx_word' id='word_1_275' title='bbox 563 3515 589 3573; x_wconf 85' lang='lat' dir='ltr'>f.</span> <span class='ocrx_word' id='word_1_276' title='bbox 617 3531 741 3590; x_wconf 90' lang='lat' dir='ltr'>quoque</span> <span class='ocrx_word' id='word_1_277' title='bbox 768 3514 979 3593; x_wconf 90' lang='lat' dir='ltr'>conqueritur:</span> <span class='ocrx_word' id='word_1_278' title='bbox 1011 3513 1171 3595; x_wconf 86' lang='lat' dir='ltr'>Argentum</span> 
     </span>
     <span class='ocr_line' id='line_1_39' title="bbox 262 3595 1172 3672; baseline 0.012 -27"><span class='ocrx_word' id='word_1_279' title='bbox 262 3595 344 3646; x_wconf 91' lang='lat' dir='ltr'>tunm</span> <span class='ocrx_word' id='word_1_280' title='bbox 368 3609 551 3661; x_wconf 82' lang='lat' dir='ltr'>conversum</span> <span class='ocrx_word' id='word_1_281' title='bbox 573 3603 620 3654; x_wconf 89' lang='lat' dir='ltr'>est</span> <span class='ocrx_word' id='word_1_282' title='bbox 640 3597 672 3654; x_wconf 89' lang='lat' dir='ltr'>in</span> <span class='ocrx_word' id='word_1_283' title='bbox 695 3597 837 3672; x_wconf 84' lang='lat' dir='ltr'>scoriam,</span> <span class='ocrx_word' id='word_1_284' title='bbox 860 3604 891 3656; x_wconf 92' lang='lat' dir='ltr'>et</span> <span class='ocrx_word' id='word_1_285' title='bbox 913 3597 1020 3657; x_wconf 88' lang='lat' dir='ltr'>vinum</span> <span class='ocrx_word' id='word_1_286' title='bbox 1046 3605 1127 3656; x_wconf 91' lang='lat' dir='ltr'>tuum</span> <span class='ocrx_word' id='word_1_287' title='bbox 1146 3597 1172 3656; x_wconf 92' lang='lat' dir='ltr'>in</span> 
     </span>
     <span class='ocr_line' id='line_1_40' title="bbox 260 3673 1172 3758; baseline 0.011 -30"><span class='ocrx_word' id='word_1_288' title='bbox 260 3687 381 3750; x_wconf 88' lang='lat' dir='ltr'>aquam.</span> <span class='ocrx_word' id='word_1_289' title='bbox 425 3673 482 3735; x_wconf 81' lang='lat' dir='ltr'>Est</span> <span class='ocrx_word' id='word_1_290' title='bbox 510 3682 614 3737; x_wconf 84' lang='lat' dir='ltr'>antem</span> <span class='ocrx_word' id='word_1_291' title='bbox 645 3698 683 3737; x_wconf 88' lang='lat' dir='ltr'>ea</span> <span class='ocrx_word' id='word_1_292' title='bbox 712 3678 839 3758; x_wconf 76' lang='lat' dir='ltr'>indigna</span> <span class='ocrx_word' id='word_1_293' title='bbox 861 3687 892 3740; x_wconf 91' lang='lat' dir='ltr'>et</span> <span class='ocrx_word' id='word_1_294' title='bbox 914 3680 1097 3740; x_wconf 88' lang='lat' dir='ltr'>miserabilis</span> <span class='ocrx_word' id='word_1_295' title='bbox 1118 3698 1172 3739; x_wconf 92' lang='lat' dir='ltr'>om·</span> 
     </span>
     <span class='ocr_line' id='line_1_41' title="bbox 252 3755 1182 3838; baseline 0 -22"><span class='ocrx_word' id='word_1_296' title='bbox 252 3755 330 3820; x_wconf 83' lang='lat' dir='ltr'>uino</span> <span class='ocrx_word' id='word_1_297' title='bbox 354 3756 541 3838; x_wconf 85' lang='lat' dir='ltr'>calamitas,</span> <span class='ocrx_word' id='word_1_298' title='bbox 564 3762 615 3821; x_wconf 88' lang='lat' dir='ltr'>cui</span> <span class='ocrx_word' id='word_1_299' title='bbox 636 3761 758 3820; x_wconf 84' lang='lat' dir='ltr'>utinam</span> <span class='ocrx_word' id='word_1_300' title='bbox 777 3760 947 3835; x_wconf 59' lang='lat' dir='ltr'>anquando</span> <span class='ocrx_word' id='word_1_301' title='bbox 959 3761 1054 3816; x_wconf 60' lang='lat' dir='ltr'>isene</span> <span class='ocrx_word' id='word_1_302' title='bbox 1070 3762 1182 3816; x_wconf 59' lang='lat' dir='ltr'>meum</span> 
     </span>
    </p>
   </div>
   <div class='ocr_carea' id='block_1_3' title="bbox 245 3844 454 3926">
    <p class='ocr_par' dir='ltr' id='par_1_6' title="bbox 245 3844 454 3926">
     <span class='ocr_line' id='line_1_42' title="bbox 245 3844 454 3926; baseline 0.043 -22"><span class='ocrx_word' id='word_1_303' title='bbox 245 3848 306 3926; x_wconf 89' lang='lat' dir='ltr'>tur,</span> <span class='ocrx_word' id='word_1_304' title='bbox 330 3844 454 3914; x_wconf 84' lang='lat' dir='ltr'>Amen.</span> 
     </span>
    </p>
   </div>
   <div class='ocr_carea' id='block_1_4' title="bbox 0 0 1360 4417">
    <p class='ocr_par' dir='ltr' id='par_1_7' title="bbox 0 0 1360 4417">
     <span class='ocr_line' id='line_1_43' title="bbox 0 0 1360 4417; baseline 0 1"><span class='ocrx_word' id='word_1_305' title='bbox 0 0 1360 4417; x_wconf 95' lang='lat' dir='ltr'> </span> 
     </span>
    </p>
   </div>
  </div>
 </body>
</html>
