2709 4417
453 360 481 409 st
499 355 680 410 Sacramenta
701 355 893 409 mutuandas.
1061 350 1123 416 431

208 539 402 619 obiiciuntur,
424 542 554 607 refutare
571 542 736 622 possimus.
764 541 919 602 Habemus
936 559 1021 620 ergo,
1042 540 1124 620 quod

203 623 454 702 ‚respondeamus
475 624 545 703 illis,
569 626 620 703 qui
642 625 753 687 nolunt
773 624 862 686 nobis
886 622 1057 684 concedere
1078 625 1125 683 ius

146 754 148 759 .
208 706 362 767 tractandi
385 726 489 768 sacras
512 707 630 780 literas,
652 727 779 787 nempe,
802 707 883 786 quod
906 726 973 766 cum
996 727 1016 766 a
1036 705 1126 767 uobis

204 789 316 848 eadem
345 793 516 869 requiratur
541 789 633 867 fides,
666 810 745 868 quae
766 790 804 852 ab
826 790 897 868 illis,
919 789 1125 850 necessarium

203 871 313 949 nobis,
343 871 424 932 idem
455 873 579 933 verbum
602 892 639 931 ac
661 893 765 952 parem
788 872 924 933 eiusdem
948 872 1032 932 verbi
1054 889 1125 951 ocg-

200 955 354 1015 nitionem
377 974 456 1018 csse.

290 1037 371 1097 Oum
393 1039 484 1118 igitur
506 1037 588 1098 dicat
610 1039 816 1119 evangelista:
838 1039 923 1098 iesus
939 1039 1060 1116 accepit
1077 1056 1125 1096 ca·

172 1132 176 1139 ’
201 1121 316 1199 licem,
344 1128 377 1180 et
405 1121 490 1180 dedit
517 1120 689 1201 discipulis,
718 1121 840 1181 dicens:
870 1120 970 1181 Bibite
999 1139 1039 1179 ex
1063 1120 1126 1180 hcc

201 1221 335 1282 omnes,
361 1204 413 1262 hic
434 1205 514 1262 calix
535 1223 650 1264 novum
674 1210 888 1264 testamentum
913 1212 974 1280 est,
1001 1205 1032 1261 in
1055 1221 1124 1262 meo

202 1287 375 1366 sanguine,
397 1287 449 1364 qui
470 1306 526 1366 pro
548 1285 637 1347 vobis
659 1286 823 1346 effunditur
844 1295 911 1363 etc,
933 1286 1039 1345 vident
1059 1286 1126 1345 sine

204 1366 302 1428 dubio
334 1387 459 1446 omnes,
488 1388 639 1447 quaenam
669 1371 776 1430 horum
807 1368 969 1429 verborum
997 1372 1038 1427 sit
1059 1387 1125 1427 sen-

203 1454 320 1511 tentia:
351 1454 507 1531 Accipite,
530 1453 624 1513 bibite
646 1460 703 1512 etc.
746 1453 784 1512 Ni
807 1470 881 1532 ergo
905 1451 1036 1530 probent
1057 1469 1126 1510 esse

202 1533 299 1594 aliam
335 1537 488 1613 quandam
523 1534 780 1614 significationem
813 1534 898 1594 verbi
930 1535 1033 1594 bibere
1055 1541 1125 1611 eta,

203 1635 264 1676 nos
287 1626 424 1677 nostram
447 1620 630 1677 sententiam
651 1619 859 1696 retinebimus,
881 1617 961 1696 quod
985 1614 1126 1676 omnibus

204 1717 246 1758 ex
275 1699 372 1758 calice
399 1700 451 1758 iilo
474 1703 513 1760 sit
536 1700 717 1779 bibendum,
740 1719 840 1780 neque
861 1701 911 1759 vel
932 1697 1125 1759 consuetudi·

205 1801 289 1859 nem,
313 1783 361 1841 vei
382 1783 577 1842 consiliorum
601 1782 725 1843 decreta
747 1788 909 1862 quicquam
933 1781 1126 1842 morabimur.

205 1865 292 1923 Deus
315 1867 395 1924 enim
418 1868 566 1925 vetustior
588 1875 648 1943 est,
671 1885 763 1944 quam
785 1867 849 1925 ulla
871 1863 1073 1942 cousuetudo,
1096 1869 1127 1923 et
1177 1912 1190 1936 ,

207 1948 361 2007 autoritas
382 1948 440 2006 Dei
463 1949 565 2007 omnia
587 1951 682 2007 vincit
702 1949 842 2009 concilia.

290 2029 387 2089 Plena
418 2049 543 2110 quoque
570 2038 645 2089 sunt·
667 2031 722 2090 illa
749 2029 858 2091 verba:
888 2030 955 2089 Hoc
983 2030 1073 2088 facite
1095 2029 1126 2086 in

208 2115 268 2172 mei
291 2114 626 2174 commemorationem.
662 2114 719 2172 Dic
735 2131 862 2192 quaeso,
883 2110 1065 2191 quibusnam
1087 2113 1127 2170 sit

208 2195 356 2256 mandata
382 2197 635 2255 commemoratio
657 2196 802 2256 Domini?
834 2215 906 2253 num
929 2195 1003 2254 aclis
1025 2212 1127 2253 sacer·

209 2277 355 2339 dotibus?
389 2277 450 2338 Cur
478 2296 539 2338 non
568 2280 670 2357 potius
699 2277 840 2338 omnibus
860 2279 913 2355 iis,
942 2279 993 2356 qui
1015 2276 1127 2336 Christi

210 2379 326 2421 nomen
347 2359 546 2440 profitentur?
575 2360 654 2434 Quid
677 2363 757 2420 enim
781 2369 828 2420 est
848 2359 931 2420 aliud
953 2361 1128 2419 meminisse

209 2444 356 2521 Domini,
387 2462 477 2522 quam
500 2443 677 2522 praedicare
700 2462 768 2503 eum
791 2449 822 2502 et
843 2441 1004 2503 confiteri?
1044 2442 1129 2502 Haec

210 2545 278 2585 cum
310 2544 418 2585 omnes
447 2525 629 2604 debeamus,
663 2534 793 2606 apparet
818 2544 941 2605 quoque
969 2533 1128 2603 utramque

210 2609 346 2689 speciem
381 2609 522 2668 omnibus
558 2627 627 2668 essa
658 2627 855 2687 concessam,
888 2616 921 2667 ut
953 2618 983 2668 et
1015 2627 1127 2687 panem

211 2692 321 2769 edant,
343 2697 374 2750 et
396 2689 501 2752 bibant
522 2691 659 2765 calicem,
682 2693 748 2751 sive
769 2693 830 2750 sint
852 2690 1041 2768 sacerdotes,
1063 2693 1129 2751 sive

210 2777 365 2838 nonsint.

294 2857 408 2936 impius
424 2863 455 2916 et
468 2856 520 2915 ille
535 2863 713 2935 praetextus
733 2864 789 2934 ast,
811 2857 895 2936 quod
916 2857 1021 2916 dicunt
1042 2857 1129 2916 nesus

212 2960 293 3018 esse,
314 2958 409 3000 nosse
421 2938 530 2998 Laicos
543 2939 637 2999 verba
648 2942 823 3000 testamenti
836 2939 957 2999 Christi.
988 2940 1020 3000 ai
1042 2938 1128 3000 netas

212 3031 259 3085 est
290 3042 327 3082 sa
357 3020 450 3082 verba
471 3021 579 3082 Laicos
604 3031 723 3100 tenere,
751 3023 861 3082 frustra
881 3024 973 3102 igitur
994 3024 1052 3102 ipsi
1073 3041 1128 3082 eos

211 3108 341 3184 docent,
363 3124 434 3165 nam
458 3103 555 3183 quod,
578 3123 710 3187 quaeso,
733 3105 815 3165 aliud
835 3108 972 3185 ipsorum
994 3104 1127 3165 officium

213 3198 270 3267 est,
293 3207 386 3268 quam
408 3197 441 3249 ut
462 3187 552 3249 rudes
574 3189 644 3247 iilos
662 3186 788 3248 verbum
803 3189 861 3248 Dei
874 3187 1027 3249 doceant?
1054 3187 1127 3248 ideo

213 3275 295 3334 eninr
319 3281 460 3351 pastores
483 3279 554 3330 sunt
575 3272 742 3350 constituti,
764 3280 798 3331 ut
817 3271 896 3331 alios
917 3273 1077 3331 instituant
1096 3272 1127 3331 iu

211 3355 307 3417 verbo
336 3361 368 3415 et
395 3357 535 3417 doceant
579 3353 633 3414 His
655 3356 747 3434 igitur
768 3356 859 3434 nugis
881 3357 979 3435 magis
1002 3372 1126 3434 saepe

211 3442 303 3517 riunt,
326 3441 432 3518 quales
451 3441 520 3514 sint,
543 3456 633 3515 quam
657 3448 690 3498 ut
710 3446 846 3499 nostram
869 3440 1051 3498 sententiam
1074 3455 1127 3516 op-

211 3530 360 3603 pugnent.
401 3523 490 3583 Adeo
523 3522 718 3601 impudenter
750 3541 784 3582 se
814 3523 934 3582 veritati
968 3528 1129 3600 opponunt

211 3607 295 3686 impii
317 3606 467 3668 homines.

295 3689 391 3749 Vides
419 3692 478 3751 iam
507 3689 610 3767 aliquo
634 3688 744 3767 modo,
772 3688 928 3766 quomodo
948 3685 1129 3766 accipienda

213 3780 243 3833 et
264 3772 392 3832 firmiter
410 3771 571 3832 retinenda
594 3774 655 3832 sint
677 3772 731 3832 iila
751 3770 866 3851 verba,
893 3772 1005 3851 quitus
1029 3788 1130 3828 sacru

202 3863 340 3913 meatim
361 3855 424 3914 irco
444 3875 464 3914 a
480 3855 607 3919 Christo
631 3866 684 3919 est
705 3859 902 3938 institutum,
917 3871 1054 3934 namne,
1068 3849 1159 3928 duaa
