<?xml version="1.0" encoding="UTF-8"?>
<!DOCTYPE html PUBLIC "-//W3C//DTD XHTML 1.0 Transitional//EN"
    "http://www.w3.org/TR/xhtml1/DTD/xhtml1-transitional.dtd">
<html xmlns="http://www.w3.org/1999/xhtml" xml:lang="en" lang="en">
 <head>
  <title>
</title>
<meta http-equiv="Content-Type" content="text/html;charset=utf-8" />
  <meta name='ocr-system' content='tesseract 3.04.00' />
  <meta name='ocr-capabilities' content='ocr_page ocr_carea ocr_par ocr_line ocrx_word'/>
</head>
<body>
  <div class='ocr_page' id='page_1' title='image "./operalatinavari00schmgoog_0167.png"; bbox 0 0 2709 4417; ppageno 0'>
   <div class='ocr_carea' id='block_1_1' title="bbox 519 364 1095 438">
    <p class='ocr_par' dir='ltr' id='par_1_1' title="bbox 519 364 1095 438">
     <span class='ocr_line' id='line_1_1' title="bbox 519 364 1095 438; baseline 0 -15"><span class='ocrx_word' id='word_1_1' title='bbox 519 370 675 425; x_wconf 70' lang='lat' dir='ltr'>rimante</span> <span class='ocrx_word' id='word_1_2' title='bbox 693 376 818 438; x_wconf 80' lang='lat' dir='ltr'>excepta.</span> <span class='ocrx_word' id='word_1_3' title='bbox 1032 364 1095 435; x_wconf 72' lang='grc'>155</span> 
     </span>
    </p>
   </div>
   <div class='ocr_carea' id='block_1_2' title="bbox 199 551 1097 636">
    <p class='ocr_par' dir='ltr' id='par_1_2' title="bbox 199 551 1097 636">
     <span class='ocr_line' id='line_1_2' title="bbox 199 551 1097 636; baseline 0.004 -24"><span class='ocrx_word' id='word_1_4' title='bbox 199 551 308 614; x_wconf 84' lang='lat' dir='ltr'>nslibat</span> <span class='ocrx_word' id='word_1_5' title='bbox 328 552 427 616; x_wconf 83' lang='lat' dir='ltr'>fidelis</span> <span class='ocrx_word' id='word_1_6' title='bbox 451 554 543 618; x_wconf 89' lang='lat' dir='ltr'>debet</span> <span class='ocrx_word' id='word_1_7' title='bbox 563 574 661 636; x_wconf 84' lang='lat' dir='ltr'>orare,</span> <span class='ocrx_word' id='word_1_8' title='bbox 685 554 776 617; x_wconf 88' lang='lat' dir='ltr'>debet</span> <span class='ocrx_word' id='word_1_9' title='bbox 790 556 946 635; x_wconf 85' lang='lat' dir='ltr'>adiuvare,</span> <span class='ocrx_word' id='word_1_10' title='bbox 968 574 1031 618; x_wconf 91' lang='lat' dir='ltr'>non</span> <span class='ocrx_word' id='word_1_11' title='bbox 1045 552 1097 618; x_wconf 82' lang='lat' dir='ltr'>ob·</span> 
     </span>
    </p>
   </div>
   <div class='ocr_carea' id='block_1_3' title="bbox 199 638 1183 2524">
    <p class='ocr_par' dir='ltr' id='par_1_3' title="bbox 199 638 1098 800">
     <span class='ocr_line' id='line_1_3' title="bbox 199 638 1098 721; baseline 0.004 -25"><span class='ocrx_word' id='word_1_12' title='bbox 199 643 300 713; x_wconf 79' lang='lat' dir='ltr'>tante,</span> <span class='ocrx_word' id='word_1_13' title='bbox 330 638 412 717; x_wconf 88' lang='lat' dir='ltr'>qnod</span> <span class='ocrx_word' id='word_1_14' title='bbox 442 639 496 700; x_wconf 90' lang='lat' dir='ltr'>ille</span> <span class='ocrx_word' id='word_1_15' title='bbox 517 659 571 720; x_wconf 87' lang='lat' dir='ltr'>per</span> <span class='ocrx_word' id='word_1_16' title='bbox 591 642 807 702; x_wconf 85' lang='lat' dir='ltr'>neeessitatem</span> <span class='ocrx_word' id='word_1_17' title='bbox 829 643 918 702; x_wconf 84' lang='lat' dir='ltr'>istam</span> <span class='ocrx_word' id='word_1_18' title='bbox 941 641 1039 721; x_wconf 79' lang='lat' dir='ltr'>magis</span> <span class='ocrx_word' id='word_1_19' title='bbox 1061 656 1098 700; x_wconf 83' lang='lat' dir='ltr'>ao</span> 
     </span>
     <span class='ocr_line' id='line_1_4' title="bbox 199 721 536 800; baseline 0.006 -19"><span class='ocrx_word' id='word_1_20' title='bbox 199 721 282 800; x_wconf 82' lang='lat' dir='ltr'>nagis</span> <span class='ocrx_word' id='word_1_21' title='bbox 304 728 467 783; x_wconf 79' lang='lat' dir='ltr'>mereatur.</span> <span class='ocrx_word' id='word_1_22' title='bbox 532 754 536 761; x_wconf 95' lang='lat'>·</span> 
     </span>
    </p>

    <p class='ocr_par' dir='ltr' id='par_1_4' title="bbox 199 803 1101 1448">
     <span class='ocr_line' id='line_1_5' title="bbox 266 803 1101 885; baseline 0.004 -23"><span class='ocrx_word' id='word_1_23' title='bbox 266 803 325 862; x_wconf 86' lang='lat' dir='ltr'>Per</span> <span class='ocrx_word' id='word_1_24' title='bbox 346 804 429 864; x_wconf 91' lang='lat' dir='ltr'>idem</span> <span class='ocrx_word' id='word_1_25' title='bbox 439 805 512 866; x_wconf 90' lang='lat' dir='ltr'>volo</span> <span class='ocrx_word' id='word_1_26' title='bbox 535 806 677 883; x_wconf 86' lang='lat' dir='ltr'>solutum,</span> <span class='ocrx_word' id='word_1_27' title='bbox 701 805 783 885; x_wconf 87' lang='lat' dir='ltr'>qnod</span> <span class='ocrx_word' id='word_1_28' title='bbox 805 813 914 867; x_wconf 86' lang='lat' dir='ltr'>eontra</span> <span class='ocrx_word' id='word_1_29' title='bbox 936 805 1101 868; x_wconf 85' lang='lat' dir='ltr'>observan-</span> 
     </span>
     <span class='ocr_line' id='line_1_6' title="bbox 199 886 1097 969; baseline 0.002 -23"><span class='ocrx_word' id='word_1_30' title='bbox 199 886 256 946; x_wconf 82' lang='lat' dir='ltr'>iam</span> <span class='ocrx_word' id='word_1_31' title='bbox 279 887 431 948; x_wconf 86' lang='lat' dir='ltr'>eoolesiae</span> <span class='ocrx_word' id='word_1_32' title='bbox 453 895 484 948; x_wconf 92' lang='lat' dir='ltr'>et</span> <span class='ocrx_word' id='word_1_33' title='bbox 503 889 647 967; x_wconf 85' lang='lat' dir='ltr'>pietatem</span> <span class='ocrx_word' id='word_1_34' title='bbox 669 891 724 966; x_wconf 88' lang='lat' dir='ltr'>sit,</span> <span class='ocrx_word' id='word_1_35' title='bbox 748 889 830 969; x_wconf 91' lang='lat' dir='ltr'>quod</span> <span class='ocrx_word' id='word_1_36' title='bbox 859 890 940 968; x_wconf 83' lang='lat' dir='ltr'>dixi,</span> <span class='ocrx_word' id='word_1_37' title='bbox 963 890 1097 950; x_wconf 89' lang='lat' dir='ltr'>animam</span> 
     </span>
     <span class='ocr_line' id='line_1_7' title="bbox 199 969 1099 1052; baseline 0.003 -24"><span class='ocrx_word' id='word_1_38' title='bbox 199 969 293 1029; x_wconf 84' lang='lat' dir='ltr'>alienis</span> <span class='ocrx_word' id='word_1_39' title='bbox 323 969 476 1052; x_wconf 83' lang='lat' dir='ltr'>suffragiis</span> <span class='ocrx_word' id='word_1_40' title='bbox 496 970 655 1032; x_wconf 71' lang='lat' dir='ltr'><strong>liberatam</strong></span> <span class='ocrx_word' id='word_1_41' title='bbox 675 974 775 1032; x_wconf 89' lang='lat' dir='ltr'>minus</span> <span class='ocrx_word' id='word_1_42' title='bbox 803 972 909 1051; x_wconf 90' lang='lat' dir='ltr'>beari,</span> <span class='ocrx_word' id='word_1_43' title='bbox 949 990 1040 1052; x_wconf 86' lang='lat' dir='ltr'>quam</span> <span class='ocrx_word' id='word_1_44' title='bbox 1073 972 1099 1032; x_wconf 82' lang='lat' dir='ltr'>si</span> 
     </span>
     <span class='ocr_line' id='line_1_8' title="bbox 199 1055 1100 1136; baseline 0.003 -24"><span class='ocrx_word' id='word_1_45' title='bbox 199 1070 242 1133; x_wconf 86' lang='lat' dir='ltr'>par</span> <span class='ocrx_word' id='word_1_46' title='bbox 261 1071 294 1113; x_wconf 86' lang='lat' dir='ltr'>se</span> <span class='ocrx_word' id='word_1_47' title='bbox 315 1055 391 1114; x_wconf 88' lang='lat' dir='ltr'>satis</span> <span class='ocrx_word' id='word_1_48' title='bbox 413 1055 544 1134; x_wconf 88' lang='lat' dir='ltr'>patiatur</span> <span class='ocrx_word' id='word_1_49' title='bbox 563 1056 594 1114; x_wconf 93' lang='lat' dir='ltr'>in</span> <span class='ocrx_word' id='word_1_50' title='bbox 616 1058 805 1136; x_wconf 86' lang='lat' dir='ltr'>purgatorio.</span> <span class='ocrx_word' id='word_1_51' title='bbox 847 1057 916 1117; x_wconf 92' lang='lat' dir='ltr'>Hoo</span> <span class='ocrx_word' id='word_1_52' title='bbox 935 1055 1021 1116; x_wconf 82' lang='lat' dir='ltr'>velut</span> <span class='ocrx_word' id='word_1_53' title='bbox 1050 1072 1100 1115; x_wconf 89' lang='lat' dir='ltr'>oo·</span> 
     </span>
     <span class='ocr_line' id='line_1_9' title="bbox 200 1135 1100 1220; baseline 0.001 -24"><span class='ocrx_word' id='word_1_54' title='bbox 200 1135 343 1196; x_wconf 85' lang='lat' dir='ltr'>rollarinm</span> <span class='ocrx_word' id='word_1_55' title='bbox 372 1138 503 1218; x_wconf 83' lang='lat' dir='ltr'>sumpsit</span> <span class='ocrx_word' id='word_1_56' title='bbox 533 1156 573 1197; x_wconf 88' lang='lat' dir='ltr'>ex</span> <span class='ocrx_word' id='word_1_57' title='bbox 600 1137 689 1199; x_wconf 86' lang='lat' dir='ltr'>dietis</span> <span class='ocrx_word' id='word_1_58' title='bbox 718 1141 810 1217; x_wconf 87' lang='lat' dir='ltr'>meis,</span> <span class='ocrx_word' id='word_1_59' title='bbox 849 1139 899 1201; x_wconf 91' lang='lat' dir='ltr'>ubi</span> <span class='ocrx_word' id='word_1_60' title='bbox 930 1156 989 1220; x_wconf 87' lang='lat' dir='ltr'>ego</span> <span class='ocrx_word' id='word_1_61' title='bbox 1017 1138 1100 1217; x_wconf 81' lang='lat' dir='ltr'>sensi</span> 
     </span>
     <span class='ocr_line' id='line_1_10' title="bbox 199 1218 1101 1302; baseline 0.003 -25"><span class='ocrx_word' id='word_1_62' title='bbox 199 1218 344 1278; x_wconf 83' lang='lat' dir='ltr'>animabus</span> <span class='ocrx_word' id='word_1_63' title='bbox 360 1239 429 1280; x_wconf 83' lang='lat' dir='ltr'>esee</span> <span class='ocrx_word' id='word_1_64' title='bbox 444 1219 690 1299; x_wconf 87' lang='lat' dir='ltr'>suoourrendum,</span> <span class='ocrx_word' id='word_1_65' title='bbox 701 1222 924 1300; x_wconf 87' lang='lat' dir='ltr'>quantumlibet</span> <span class='ocrx_word' id='word_1_66' title='bbox 938 1221 1101 1302; x_wconf 78' lang='lat' dir='ltr'>perfectius</span> 
     </span>
     <span class='ocr_line' id='line_1_11' title="bbox 200 1303 1101 1445; baseline 0.001 -84"><span class='ocrx_word' id='word_1_67' title='bbox 200 1320 290 1445; x_wconf 66' lang='lat' dir='ltr'>gonpp⁸</span> <span class='ocrx_word' id='word_1_68' title='bbox 304 1305 403 1363; x_wconf 87' lang='lat' dir='ltr'>meriti</span> <span class='ocrx_word' id='word_1_69' title='bbox 427 1306 510 1364; x_wconf 84' lang='lat' dir='ltr'>esset</span> <span class='ocrx_word' id='word_1_70' title='bbox 531 1304 664 1366; x_wconf 84' lang='lat' dir='ltr'>iustitiae</span> <span class='ocrx_word' id='word_1_71' title='bbox 687 1304 809 1365; x_wconf 85' lang='lat' dir='ltr'>divinae</span> <span class='ocrx_word' id='word_1_72' title='bbox 838 1305 979 1367; x_wconf 87' lang='lat' dir='ltr'>omnibns</span> <span class='ocrx_word' id='word_1_73' title='bbox 1002 1303 1101 1366; x_wconf 88' lang='lat' dir='ltr'>modis</span> 
     </span>
     <span class='ocr_line' id='line_1_12' title="bbox 202 1385 372 1448; baseline 0.018 -3"><span class='ocrx_word' id='word_1_74' title='bbox 202 1385 244 1445; x_wconf 80' lang='lat' dir='ltr'>sati</span> <span class='ocrx_word' id='word_1_75' title='bbox 292 1402 372 1448; x_wconf 84' lang='lat' dir='ltr'>aere.</span> 
     </span>
    </p>

    <p class='ocr_par' dir='ltr' id='par_1_5' title="bbox 203 1467 1102 1632">
     <span class='ocr_line' id='line_1_13' title="bbox 265 1467 1102 1548; baseline 0.002 -21"><span class='ocrx_word' id='word_1_76' title='bbox 265 1467 492 1529; x_wconf 82' lang='lat' dir='ltr'>Damasoenum</span> <span class='ocrx_word' id='word_1_77' title='bbox 513 1476 638 1530; x_wconf 80' lang='lat' dir='ltr'>transeo</span> <span class='ocrx_word' id='word_1_78' title='bbox 666 1488 736 1530; x_wconf 89' lang='lat' dir='ltr'>oum</span> <span class='ocrx_word' id='word_1_79' title='bbox 765 1471 895 1530; x_wconf 90' lang='lat' dir='ltr'>termino</span> <span class='ocrx_word' id='word_1_80' title='bbox 919 1470 1036 1548; x_wconf 89' lang='lat' dir='ltr'>meriti,</span> <span class='ocrx_word' id='word_1_81' title='bbox 1069 1471 1102 1529; x_wconf 89' lang='lat' dir='ltr'>et</span> 
     </span>
     <span class='ocr_line' id='line_1_14' title="bbox 203 1550 616 1632; baseline 0.007 -23"><span class='ocrx_word' id='word_1_82' title='bbox 203 1550 306 1610; x_wconf 70' lang='lat' dir='ltr'>ismido</span> <span class='ocrx_word' id='word_1_83' title='bbox 330 1550 370 1611; x_wconf 90' lang='lat' dir='ltr'>ad</span> <span class='ocrx_word' id='word_1_84' title='bbox 390 1552 616 1632; x_wconf 77' lang='lat' dir='ltr'>praecedentia.</span> 
     </span>
    </p>

    <p class='ocr_par' dir='ltr' id='par_1_6' title="bbox 199 1633 1183 1961">
     <span class='ocr_line' id='line_1_15' title="bbox 265 1633 1102 1716; baseline 0.001 -23"><span class='ocrx_word' id='word_1_85' title='bbox 265 1633 354 1712; x_wconf 84' lang='lat' dir='ltr'>Item,</span> <span class='ocrx_word' id='word_1_86' title='bbox 377 1636 485 1695; x_wconf 77' lang='lat' dir='ltr'>iterum</span> <span class='ocrx_word' id='word_1_87' title='bbox 510 1654 560 1695; x_wconf 91' lang='lat' dir='ltr'>me</span> <span class='ocrx_word' id='word_1_88' title='bbox 583 1636 689 1716; x_wconf 80' lang='lat' dir='ltr'>oarpit,</span> <span class='ocrx_word' id='word_1_89' title='bbox 711 1635 793 1714; x_wconf 88' lang='lat' dir='ltr'>quod</span> <span class='ocrx_word' id='word_1_90' title='bbox 814 1636 900 1698; x_wconf 85' lang='lat' dir='ltr'>nullo</span> <span class='ocrx_word' id='word_1_91' title='bbox 917 1634 1038 1695; x_wconf 79' lang='lat' dir='ltr'>nleitus</span> <span class='ocrx_word' id='word_1_92' title='bbox 1060 1640 1102 1694; x_wconf 89' lang='lat' dir='ltr'>te·</span> 
     </span>
     <span class='ocr_line' id='line_1_16' title="bbox 202 1716 1183 1799; baseline 0.007 -24"><span class='ocrx_word' id='word_1_93' title='bbox 202 1716 344 1794; x_wconf 85' lang='lat' dir='ltr'>stimonio,</span> <span class='ocrx_word' id='word_1_94' title='bbox 367 1736 503 1798; x_wconf 77' lang='lat' dir='ltr'>protego</span> <span class='ocrx_word' id='word_1_95' title='bbox 525 1720 692 1778; x_wconf 88' lang='lat' dir='ltr'>terminum·</span> <span class='ocrx_word' id='word_1_96' title='bbox 712 1719 825 1796; x_wconf 87' lang='lat' dir='ltr'>meriti,</span> <span class='ocrx_word' id='word_1_97' title='bbox 846 1720 913 1799; x_wconf 83' lang='lat' dir='ltr'>ipse</span> <span class='ocrx_word' id='word_1_98' title='bbox 934 1724 1035 1777; x_wconf 88' lang='lat' dir='ltr'>autem</span> <span class='ocrx_word' id='word_1_99' title='bbox 1058 1717 1103 1775; x_wconf 91' lang='lat' dir='ltr'>ni·</span> <span class='ocrx_word' id='word_1_100' title='bbox 1178 1774 1183 1782; x_wconf 94' lang='lat'><em>.</em></span> 
     </span>
     <span class='ocr_line' id='line_1_17' title="bbox 200 1799 1102 1882; baseline 0.001 -25"><span class='ocrx_word' id='word_1_101' title='bbox 200 1804 263 1858; x_wconf 83' lang='lat' dir='ltr'>tatn·</span> <span class='ocrx_word' id='word_1_102' title='bbox 283 1799 407 1877; x_wconf 85' lang='lat' dir='ltr'>multis,</span> <span class='ocrx_word' id='word_1_103' title='bbox 430 1807 462 1860; x_wconf 89' lang='lat' dir='ltr'>et</span> <span class='ocrx_word' id='word_1_104' title='bbox 480 1808 582 1882; x_wconf 89' lang='lat' dir='ltr'>neget.</span> <span class='ocrx_word' id='word_1_105' title='bbox 604 1800 806 1881; x_wconf 80' lang='lat' dir='ltr'>Respondeat</span> <span class='ocrx_word' id='word_1_106' title='bbox 828 1800 926 1861; x_wconf 86' lang='lat' dir='ltr'>Nullis</span> <span class='ocrx_word' id='word_1_107' title='bbox 947 1801 1052 1860; x_wconf 86' lang='lat' dir='ltr'>nititur</span> <span class='ocrx_word' id='word_1_108' title='bbox 1073 1807 1102 1859; x_wconf 91' lang='lat' dir='ltr'>et</span> 
     </span>
     <span class='ocr_line' id='line_1_18' title="bbox 199 1880 1061 1961; baseline 0.005 -23"><span class='ocrx_word' id='word_1_109' title='bbox 199 1880 249 1959; x_wconf 89' lang='lat' dir='ltr'>ipse</span> <span class='ocrx_word' id='word_1_110' title='bbox 271 1882 329 1942; x_wconf 88' lang='lat' dir='ltr'>nlsi</span> <span class='ocrx_word' id='word_1_111' title='bbox 352 1883 504 1943; x_wconf 83' lang='lat' dir='ltr'>violenter</span> <span class='ocrx_word' id='word_1_112' title='bbox 524 1882 699 1961; x_wconf 88' lang='lat' dir='ltr'>intelleotis,</span> <span class='ocrx_word' id='word_1_113' title='bbox 721 1891 754 1945; x_wconf 91' lang='lat' dir='ltr'>ut</span> <span class='ocrx_word' id='word_1_114' title='bbox 775 1885 848 1944; x_wconf 87' lang='lat' dir='ltr'>satis</span> <span class='ocrx_word' id='word_1_115' title='bbox 870 1884 984 1944; x_wconf 82' lang='lat' dir='ltr'>dietum</span> <span class='ocrx_word' id='word_1_116' title='bbox 1005 1889 1061 1943; x_wconf 83' lang='lat' dir='ltr'>est.</span> 
     </span>
    </p>

    <p class='ocr_par' dir='ltr' id='par_1_7' title="bbox 199 1964 1102 2524">
     <span class='ocr_line' id='line_1_19' title="bbox 266 1964 1101 2046; baseline -0.001 -22"><span class='ocrx_word' id='word_1_117' title='bbox 266 1964 389 2046; x_wconf 73' lang='lat' dir='ltr'>(tapete</span> <span class='ocrx_word' id='word_1_118' title='bbox 417 1968 509 2026; x_wconf 88' lang='lat' dir='ltr'>etiam</span> <span class='ocrx_word' id='word_1_119' title='bbox 539 1986 588 2026; x_wconf 90' lang='lat' dir='ltr'>me</span> <span class='ocrx_word' id='word_1_120' title='bbox 609 1969 640 2027; x_wconf 94' lang='lat' dir='ltr'>in</span> <span class='ocrx_word' id='word_1_121' title='bbox 661 1966 764 2027; x_wconf 82' lang='lat' dir='ltr'>verbis</span> <span class='ocrx_word' id='word_1_122' title='bbox 792 1967 868 2026; x_wconf 88' lang='lat' dir='ltr'>meis</span> <span class='ocrx_word' id='word_1_123' title='bbox 890 1966 998 2026; x_wconf 86' lang='lat' dir='ltr'>volens</span> <span class='ocrx_word' id='word_1_124' title='bbox 1019 1964 1101 2038; x_wconf 88' lang='lat' dir='ltr'>dioit,</span> 
     </span>
     <span class='ocr_line' id='line_1_20' title="bbox 199 2044 1099 2130; baseline 0.003 -25"><span class='ocrx_word' id='word_1_125' title='bbox 199 2064 233 2105; x_wconf 92' lang='lat' dir='ltr'>ne</span> <span class='ocrx_word' id='word_1_126' title='bbox 253 2048 431 2127; x_wconf 73' lang='lat' dir='ltr'>appellasse</span> <span class='ocrx_word' id='word_1_127' title='bbox 464 2051 647 2110; x_wconf 86' lang='lat' dir='ltr'>sententiam</span> <span class='ocrx_word' id='word_1_128' title='bbox 676 2068 775 2109; x_wconf 86' lang='lat' dir='ltr'>meam</span> <span class='ocrx_word' id='word_1_129' title='bbox 804 2051 1002 2130; x_wconf 86' lang='lat' dir='ltr'>opinionem,</span> <span class='ocrx_word' id='word_1_130' title='bbox 1024 2044 1099 2127; x_wconf 82' lang='lat' dir='ltr'>eigo</span> 
     </span>
     <span class='ocr_line' id='line_1_21' title="bbox 199 2129 1102 2213; baseline 0.002 -26"><span class='ocrx_word' id='word_1_131' title='bbox 199 2129 264 2189; x_wconf 85' lang='lat' dir='ltr'>nale</span> <span class='ocrx_word' id='word_1_132' title='bbox 284 2133 464 2210; x_wconf 78' lang='lat' dir='ltr'>oppositum</span> <span class='ocrx_word' id='word_1_133' title='bbox 485 2132 705 2213; x_wconf 75' lang='lat' dir='ltr'>appellaverim</span> <span class='ocrx_word' id='word_1_134' title='bbox 737 2151 880 2193; x_wconf 90' lang='lat' dir='ltr'>errorem.</span> <span class='ocrx_word' id='word_1_135' title='bbox 922 2132 1000 2192; x_wconf 90' lang='lat' dir='ltr'>Dioo</span> <span class='ocrx_word' id='word_1_136' title='bbox 1024 2133 1102 2191; x_wconf 88' lang='lat' dir='ltr'>siout</span> 
     </span>
     <span class='ocr_line' id='line_1_22' title="bbox 199 2213 1101 2297; baseline 0.002 -27"><span class='ocrx_word' id='word_1_137' title='bbox 199 2213 276 2274; x_wconf 80' lang='lat' dir='ltr'>rins.</span> <span class='ocrx_word' id='word_1_138' title='bbox 319 2213 391 2274; x_wconf 83' lang='lat' dir='ltr'>Non</span> <span class='ocrx_word' id='word_1_139' title='bbox 413 2214 513 2275; x_wconf 90' lang='lat' dir='ltr'>solum</span> <span class='ocrx_word' id='word_1_140' title='bbox 535 2217 734 2297; x_wconf 70' lang='lat' dir='ltr'>opinionem,</span> <span class='ocrx_word' id='word_1_141' title='bbox 767 2216 822 2276; x_wconf 87' lang='lat' dir='ltr'>sed</span> <span class='ocrx_word' id='word_1_142' title='bbox 845 2219 876 2276; x_wconf 89' lang='lat' dir='ltr'>et</span> <span class='ocrx_word' id='word_1_143' title='bbox 896 2215 1101 2295; x_wconf 82' lang='lat' dir='ltr'>ignorantiam</span> 
     </span>
     <span class='ocr_line' id='line_1_23' title="bbox 199 2295 1100 2378; baseline 0.001 -25"><span class='ocrx_word' id='word_1_144' title='bbox 199 2295 308 2376; x_wconf 75' lang='lat' dir='ltr'>rppello</span> <span class='ocrx_word' id='word_1_145' title='bbox 333 2316 433 2356; x_wconf 91' lang='lat' dir='ltr'>meam</span> <span class='ocrx_word' id='word_1_146' title='bbox 455 2300 659 2378; x_wconf 79' lang='lat' dir='ltr'>sententiam,</span> <span class='ocrx_word' id='word_1_147' title='bbox 693 2316 829 2359; x_wconf 88' lang='lat' dir='ltr'>errorem</span> <span class='ocrx_word' id='word_1_148' title='bbox 862 2296 1016 2378; x_wconf 87' lang='lat' dir='ltr'>appellavi</span> <span class='ocrx_word' id='word_1_149' title='bbox 1037 2312 1100 2355; x_wconf 92' lang='lat' dir='ltr'>non</span> 
     </span>
     <span class='ocr_line' id='line_1_24' title="bbox 199 2379 1100 2461; baseline 0.001 -23"><span class='ocrx_word' id='word_1_150' title='bbox 199 2379 369 2439; x_wconf 70' lang='lat' dir='ltr'>numanam</span> <span class='ocrx_word' id='word_1_151' title='bbox 397 2381 602 2460; x_wconf 85' lang='lat' dir='ltr'>opinionem,</span> <span class='ocrx_word' id='word_1_152' title='bbox 638 2381 693 2442; x_wconf 88' lang='lat' dir='ltr'>sed</span> <span class='ocrx_word' id='word_1_153' title='bbox 722 2381 805 2461; x_wconf 87' lang='lat' dir='ltr'>qnod</span> <span class='ocrx_word' id='word_1_154' title='bbox 832 2381 1010 2461; x_wconf 85' lang='lat' dir='ltr'>opinionem</span> <span class='ocrx_word' id='word_1_155' title='bbox 1044 2396 1100 2457; x_wconf 89' lang='lat' dir='ltr'>pro</span> 
     </span>
     <span class='ocr_line' id='line_1_25' title="bbox 199 2463 484 2524; baseline 0.021 -6"><span class='ocrx_word' id='word_1_156' title='bbox 199 2463 315 2521; x_wconf 77' lang='lat' dir='ltr'>raritate</span> <span class='ocrx_word' id='word_1_157' title='bbox 337 2466 484 2524; x_wconf 83' lang='lat' dir='ltr'>statuunt.</span> 
     </span>
    </p>
   </div>
   <div class='ocr_carea' id='block_1_4' title="bbox 267 2541 1195 2622">
    <p class='ocr_par' dir='ltr' id='par_1_8' title="bbox 267 2541 1195 2622">
     <span class='ocr_line' id='line_1_26' title="bbox 267 2541 1195 2622; baseline 0.001 -18"><span class='ocrx_word' id='word_1_158' title='bbox 267 2544 389 2605; x_wconf 88' lang='lat' dir='ltr'>Deinde</span> <span class='ocrx_word' id='word_1_159' title='bbox 410 2546 605 2607; x_wconf 83' lang='lat' dir='ltr'>autoritatem</span> <span class='ocrx_word' id='word_1_160' title='bbox 627 2546 666 2606; x_wconf 92' lang='lat' dir='ltr'>de</span> <span class='ocrx_word' id='word_1_161' title='bbox 693 2546 770 2622; x_wconf 83' lang='lat' dir='ltr'>Noe,</span> <span class='ocrx_word' id='word_1_162' title='bbox 792 2544 852 2605; x_wconf 86' lang='lat' dir='ltr'>lob</span> <span class='ocrx_word' id='word_1_163' title='bbox 874 2550 906 2604; x_wconf 90' lang='lat' dir='ltr'>et</span> <span class='ocrx_word' id='word_1_164' title='bbox 926 2543 1036 2604; x_wconf 87' lang='lat' dir='ltr'>Daniel</span> <span class='ocrx_word' id='word_1_165' title='bbox 1059 2541 1102 2602; x_wconf 73' lang='lat' dir='ltr'>di</span> <span class='ocrx_word' id='word_1_166' title='bbox 1191 2598 1195 2605; x_wconf 94' lang='lat'><em>.</em></span> 
     </span>
    </p>
   </div>
   <div class='ocr_carea' id='block_1_5' title="bbox 199 2626 1110 3949">
    <p class='ocr_par' dir='ltr' id='par_1_9' title="bbox 199 2626 1103 3285">
     <span class='ocr_line' id='line_1_27' title="bbox 199 2626 1103 2709; baseline 0 -23"><span class='ocrx_word' id='word_1_167' title='bbox 199 2628 229 2686; x_wconf 81' lang='lat' dir='ltr'>it</span> <span class='ocrx_word' id='word_1_168' title='bbox 259 2647 324 2688; x_wconf 89' lang='lat' dir='ltr'>non</span> <span class='ocrx_word' id='word_1_169' title='bbox 346 2628 451 2687; x_wconf 89' lang='lat' dir='ltr'>valere</span> <span class='ocrx_word' id='word_1_170' title='bbox 484 2635 602 2689; x_wconf 89' lang='lat' dir='ltr'>tantum</span> <span class='ocrx_word' id='word_1_171' title='bbox 638 2646 694 2709; x_wconf 92' lang='lat' dir='ltr'>pro</span> <span class='ocrx_word' id='word_1_172' title='bbox 717 2640 855 2689; x_wconf 88' lang='lat' dir='ltr'>extremo</span> <span class='ocrx_word' id='word_1_173' title='bbox 877 2626 1006 2705; x_wconf 87' lang='lat' dir='ltr'>iudioio,</span> <span class='ocrx_word' id='word_1_174' title='bbox 1044 2643 1103 2686; x_wconf 89' lang='lat' dir='ltr'>neo</span> 
     </span>
     <span class='ocr_line' id='line_1_28' title="bbox 199 2710 1103 2789; baseline -0.002 -19"><span class='ocrx_word' id='word_1_175' title='bbox 199 2711 300 2788; x_wconf 84' lang='lat' dir='ltr'>possim</span> <span class='ocrx_word' id='word_1_176' title='bbox 323 2710 385 2771; x_wconf 88' lang='lat' dir='ltr'>hoo</span> <span class='ocrx_word' id='word_1_177' title='bbox 407 2711 591 2772; x_wconf 85' lang='lat' dir='ltr'>eonvinoere</span> <span class='ocrx_word' id='word_1_178' title='bbox 614 2732 652 2772; x_wconf 89' lang='lat' dir='ltr'>ex</span> <span class='ocrx_word' id='word_1_179' title='bbox 675 2712 769 2771; x_wconf 85' lang='lat' dir='ltr'>litera.</span> <span class='ocrx_word' id='word_1_180' title='bbox 806 2710 957 2789; x_wconf 87' lang='lat' dir='ltr'>Relinqno</span> <span class='ocrx_word' id='word_1_181' title='bbox 979 2710 1039 2770; x_wconf 86' lang='lat' dir='ltr'>hoo</span> <span class='ocrx_word' id='word_1_182' title='bbox 1059 2710 1103 2768; x_wconf 91' lang='lat' dir='ltr'>in·</span> 
     </span>
     <span class='ocr_line' id='line_1_29' title="bbox 199 2791 1102 2872; baseline 0 -21"><span class='ocrx_word' id='word_1_183' title='bbox 199 2792 389 2854; x_wconf 85' lang='lat' dir='ltr'>lioiomelins</span> <span class='ocrx_word' id='word_1_184' title='bbox 409 2795 580 2872; x_wconf 85' lang='lat' dir='ltr'>sentientis,</span> <span class='ocrx_word' id='word_1_185' title='bbox 603 2814 670 2854; x_wconf 86' lang='lat' dir='ltr'>eum</span> <span class='ocrx_word' id='word_1_186' title='bbox 684 2800 785 2854; x_wconf 84' lang='lat' dir='ltr'>textus</span> <span class='ocrx_word' id='word_1_187' title='bbox 796 2793 958 2853; x_wconf 80' lang='lat' dir='ltr'>manifeste</span> <span class='ocrx_word' id='word_1_188' title='bbox 981 2791 1102 2868; x_wconf 82' lang='lat' dir='ltr'>lrabeat,</span> 
     </span>
     <span class='ocr_line' id='line_1_30' title="bbox 199 2874 1101 2956; baseline -0.001 -21"><span class='ocrx_word' id='word_1_189' title='bbox 199 2874 268 2954; x_wconf 89' lang='lat' dir='ltr'>qnod</span> <span class='ocrx_word' id='word_1_190' title='bbox 295 2895 353 2956; x_wconf 86' lang='lat' dir='ltr'>pro</span> <span class='ocrx_word' id='word_1_191' title='bbox 388 2876 515 2937; x_wconf 87' lang='lat' dir='ltr'>homine</span> <span class='ocrx_word' id='word_1_192' title='bbox 536 2877 575 2936; x_wconf 90' lang='lat' dir='ltr'>ad</span> <span class='ocrx_word' id='word_1_193' title='bbox 597 2877 752 2949; x_wconf 90' lang='lat' dir='ltr'>tribunal,</span> <span class='ocrx_word' id='word_1_194' title='bbox 782 2875 863 2956; x_wconf 94' lang='lat' dir='ltr'>quod</span> <span class='ocrx_word' id='word_1_195' title='bbox 884 2877 915 2934; x_wconf 95' lang='lat' dir='ltr'>in</span> <span class='ocrx_word' id='word_1_196' title='bbox 938 2882 1037 2935; x_wconf 90' lang='lat' dir='ltr'>morte</span> <span class='ocrx_word' id='word_1_197' title='bbox 1058 2874 1101 2950; x_wconf 88' lang='lat' dir='ltr'>tit,</span> 
     </span>
     <span class='ocr_line' id='line_1_31' title="bbox 199 2956 1102 3038; baseline -0.002 -21"><span class='ocrx_word' id='word_1_198' title='bbox 199 2964 290 3038; x_wconf 85' lang='lat' dir='ltr'>rapto,</span> <span class='ocrx_word' id='word_1_199' title='bbox 314 2978 373 3019; x_wconf 89' lang='lat' dir='ltr'>neo</span> <span class='ocrx_word' id='word_1_200' title='bbox 394 2959 455 3021; x_wconf 78' lang='lat' dir='ltr'>lob</span> <span class='ocrx_word' id='word_1_201' title='bbox 477 2978 537 3021; x_wconf 83' lang='lat' dir='ltr'>nee</span> <span class='ocrx_word' id='word_1_202' title='bbox 557 2960 667 3020; x_wconf 88' lang='lat' dir='ltr'>Daniel</span> <span class='ocrx_word' id='word_1_203' title='bbox 689 2966 787 3037; x_wconf 90' lang='lat' dir='ltr'>orent,</span> <span class='ocrx_word' id='word_1_204' title='bbox 809 2958 890 3038; x_wconf 93' lang='lat' dir='ltr'>qnod</span> <span class='ocrx_word' id='word_1_205' title='bbox 914 2959 1040 3019; x_wconf 91' lang='lat' dir='ltr'>omnino</span> <span class='ocrx_word' id='word_1_206' title='bbox 1063 2956 1102 3015; x_wconf 88' lang='lat' dir='ltr'>de</span> 
     </span>
     <span class='ocr_line' id='line_1_32' title="bbox 199 3041 1100 3123; baseline -0.001 -24"><span class='ocrx_word' id='word_1_207' title='bbox 199 3041 297 3102; x_wconf 86' lang='lat' dir='ltr'>indioio</span> <span class='ocrx_word' id='word_1_208' title='bbox 320 3051 462 3103; x_wconf 85' lang='lat' dir='ltr'>extremo</span> <span class='ocrx_word' id='word_1_209' title='bbox 483 3042 612 3123; x_wconf 85' lang='lat' dir='ltr'>intelligi</span> <span class='ocrx_word' id='word_1_210' title='bbox 633 3049 777 3121; x_wconf 81' lang='lat' dir='ltr'>oportet,</span> <span class='ocrx_word' id='word_1_211' title='bbox 816 3050 868 3102; x_wconf 88' lang='lat' dir='ltr'>aut</span> <span class='ocrx_word' id='word_1_212' title='bbox 898 3041 1007 3101; x_wconf 86' lang='lat' dir='ltr'>saltem</span> <span class='ocrx_word' id='word_1_213' title='bbox 1037 3058 1100 3099; x_wconf 93' lang='lat' dir='ltr'>non</span> 
     </span>
     <span class='ocr_line' id='line_1_33' title="bbox 199 3122 1103 3205; baseline -0.004 -21"><span class='ocrx_word' id='word_1_214' title='bbox 199 3122 230 3184; x_wconf 90' lang='lat' dir='ltr'>de</span> <span class='ocrx_word' id='word_1_215' title='bbox 245 3126 435 3205; x_wconf 84' lang='lat' dir='ltr'>purgatorio,</span> <span class='ocrx_word' id='word_1_216' title='bbox 458 3124 529 3203; x_wconf 90' lang='lat' dir='ltr'>qnia</span> <span class='ocrx_word' id='word_1_217' title='bbox 549 3143 607 3205; x_wconf 93' lang='lat' dir='ltr'>pro</span> <span class='ocrx_word' id='word_1_218' title='bbox 625 3127 753 3186; x_wconf 85' lang='lat' dir='ltr'>mortuis</span> <span class='ocrx_word' id='word_1_219' title='bbox 775 3126 805 3184; x_wconf 94' lang='lat' dir='ltr'>in</span> <span class='ocrx_word' id='word_1_220' title='bbox 817 3124 994 3204; x_wconf 89' lang='lat' dir='ltr'>purgatorio</span> <span class='ocrx_word' id='word_1_221' title='bbox 1013 3127 1103 3182; x_wconf 90' lang='lat' dir='ltr'>orant</span> 
     </span>
     <span class='ocr_line' id='line_1_34' title="bbox 199 3205 867 3285; baseline -0.001 -19"><span class='ocrx_word' id='word_1_222' title='bbox 199 3205 264 3283; x_wconf 83' lang='lat' dir='ltr'>lloe,</span> <span class='ocrx_word' id='word_1_223' title='bbox 285 3207 356 3279; x_wconf 81' lang='lat' dir='ltr'>lob,</span> <span class='ocrx_word' id='word_1_224' title='bbox 379 3207 500 3285; x_wconf 87' lang='lat' dir='ltr'>Daniel,</span> <span class='ocrx_word' id='word_1_225' title='bbox 521 3216 553 3267; x_wconf 88' lang='lat' dir='ltr'>et</span> <span class='ocrx_word' id='word_1_226' title='bbox 574 3226 683 3268; x_wconf 87' lang='lat' dir='ltr'>omnes</span> <span class='ocrx_word' id='word_1_227' title='bbox 706 3208 867 3269; x_wconf 83' lang='lat' dir='ltr'>ecelesiae.</span> 
     </span>
    </p>

    <p class='ocr_par' dir='ltr' id='par_1_10' title="bbox 204 3285 1102 3452">
     <span class='ocr_line' id='line_1_35' title="bbox 240 3285 1102 3370; baseline -0.007 -21"><span class='ocrx_word' id='word_1_228' title='bbox 240 3289 285 3349; x_wconf 79' lang='lat' dir='ltr'>Ad</span> <span class='ocrx_word' id='word_1_229' title='bbox 308 3291 505 3350; x_wconf 86' lang='lat' dir='ltr'>autoritatem</span> <span class='ocrx_word' id='word_1_230' title='bbox 517 3290 649 3370; x_wconf 80' lang='lat' dir='ltr'>Apoeal.</span> <span class='ocrx_word' id='word_1_231' title='bbox 663 3299 749 3352; x_wconf 85' lang='lat' dir='ltr'>reete</span> <span class='ocrx_word' id='word_1_232' title='bbox 771 3291 853 3366; x_wconf 80' lang='lat' dir='ltr'>dicit,</span> <span class='ocrx_word' id='word_1_233' title='bbox 875 3286 957 3366; x_wconf 85' lang='lat' dir='ltr'>qnod</span> <span class='ocrx_word' id='word_1_234' title='bbox 979 3285 1102 3345; x_wconf 86' lang='lat' dir='ltr'>daemo-</span> 
     </span>
     <span class='ocr_line' id='line_1_36' title="bbox 204 3368 1101 3452; baseline -0.002 -22"><span class='ocrx_word' id='word_1_235' title='bbox 204 3390 245 3432; x_wconf 86' lang='lat' dir='ltr'>nes</span> <span class='ocrx_word' id='word_1_236' title='bbox 256 3375 288 3431; x_wconf 90' lang='lat' dir='ltr'>in</span> <span class='ocrx_word' id='word_1_237' title='bbox 304 3372 425 3432; x_wconf 80' lang='lat' dir='ltr'>interno</span> <span class='ocrx_word' id='word_1_238' title='bbox 439 3391 504 3432; x_wconf 92' lang='lat' dir='ltr'>non</span> <span class='ocrx_word' id='word_1_239' title='bbox 526 3372 661 3443; x_wconf 81' lang='lat' dir='ltr'>laudant¹</span> <span class='ocrx_word' id='word_1_240' title='bbox 688 3374 742 3435; x_wconf 84' lang='lat' dir='ltr'>sed</span> <span class='ocrx_word' id='word_1_241' title='bbox 764 3371 980 3452; x_wconf 86' lang='lat' dir='ltr'>blasphemant</span> <span class='ocrx_word' id='word_1_242' title='bbox 992 3368 1101 3428; x_wconf 87' lang='lat' dir='ltr'>Deum.</span> 
     </span>
    </p>

    <p class='ocr_par' dir='ltr' id='par_1_11' title="bbox 207 3450 1102 3701">
     <span class='ocr_line' id='line_1_37' title="bbox 250 3450 1102 3536; baseline -0.006 -23"><span class='ocrx_word' id='word_1_243' title='bbox 250 3454 376 3534; x_wconf 86' lang='lat' dir='ltr'>Reliqua</span> <span class='ocrx_word' id='word_1_244' title='bbox 399 3455 545 3515; x_wconf 81' lang='lat' dir='ltr'>exclusos</span> <span class='ocrx_word' id='word_1_245' title='bbox 567 3463 706 3536; x_wconf 85' lang='lat' dir='ltr'>tempore</span> <span class='ocrx_word' id='word_1_246' title='bbox 728 3457 765 3517; x_wconf 92' lang='lat' dir='ltr'>D.</span> <span class='ocrx_word' id='word_1_247' title='bbox 788 3455 933 3515; x_wconf 83' lang='lat' dir='ltr'>Martinus</span> <span class='ocrx_word' id='word_1_248' title='bbox 955 3450 1102 3510; x_wconf 64' lang='lat' dir='ltr'>liutherus</span> 
     </span>
     <span class='ocr_line' id='line_1_38' title="bbox 207 3533 1102 3617; baseline -0.003 -23"><span class='ocrx_word' id='word_1_249' title='bbox 207 3536 256 3597; x_wconf 85' lang='lat' dir='ltr'>mlt</span> <span class='ocrx_word' id='word_1_250' title='bbox 265 3539 386 3617; x_wconf 87' lang='lat' dir='ltr'>signare</span> <span class='ocrx_word' id='word_1_251' title='bbox 398 3539 430 3596; x_wconf 92' lang='lat' dir='ltr'>in</span> <span class='ocrx_word' id='word_1_252' title='bbox 452 3537 577 3615; x_wconf 79' lang='lat' dir='ltr'>scheda,</span> <span class='ocrx_word' id='word_1_253' title='bbox 599 3548 629 3598; x_wconf 86' lang='lat' dir='ltr'>et</span> <span class='ocrx_word' id='word_1_254' title='bbox 651 3538 815 3599; x_wconf 84' lang='lat' dir='ltr'>ostendere</span> <span class='ocrx_word' id='word_1_255' title='bbox 829 3537 865 3600; x_wconf 88' lang='lat' dir='ltr'>D.</span> <span class='ocrx_word' id='word_1_256' title='bbox 876 3537 911 3598; x_wconf 87' lang='lat' dir='ltr'>D.</span> <span class='ocrx_word' id='word_1_257' title='bbox 924 3543 955 3594; x_wconf 88' lang='lat' dir='ltr'>et</span> <span class='ocrx_word' id='word_1_258' title='bbox 971 3533 1102 3595; x_wconf 85' lang='lat' dir='ltr'>dominis</span> 
     </span>
     <span class='ocr_line' id='line_1_39' title="bbox 208 3616 1102 3701; baseline -0.003 -23"><span class='ocrx_word' id='word_1_259' title='bbox 208 3617 329 3696; x_wconf 83' lang='lat' dir='ltr'>llotariis,</span> <span class='ocrx_word' id='word_1_260' title='bbox 351 3619 467 3680; x_wconf 90' lang='lat' dir='ltr'>obtulit</span> <span class='ocrx_word' id='word_1_261' title='bbox 486 3628 587 3680; x_wconf 83' lang='lat' dir='ltr'>autem</span> <span class='ocrx_word' id='word_1_262' title='bbox 613 3623 752 3701; x_wconf 82' lang='lat' dir='ltr'>sequenti</span> <span class='ocrx_word' id='word_1_263' title='bbox 765 3619 873 3693; x_wconf 87' lang='lat' dir='ltr'>looo¹)</span> <span class='ocrx_word' id='word_1_264' title='bbox 893 3616 1102 3697; x_wconf 82' lang='lat' dir='ltr'>infrascripta.</span> 
     </span>
    </p>

    <p class='ocr_par' dir='ltr' id='par_1_12' title="bbox 272 3697 1110 3781">
     <span class='ocr_line' id='line_1_40' title="bbox 272 3697 1110 3781; baseline -0.001 -20"><span class='ocrx_word' id='word_1_265' title='bbox 272 3702 358 3775; x_wconf 75' lang='lat' dir='ltr'>Quod</span> <span class='ocrx_word' id='word_1_266' title='bbox 391 3702 563 3763; x_wconf 84' lang='lat' dir='ltr'>daemones</span> <span class='ocrx_word' id='word_1_267' title='bbox 591 3705 623 3765; x_wconf 90' lang='lat' dir='ltr'>r&#39;n</span> <span class='ocrx_word' id='word_1_268' title='bbox 645 3706 768 3769; x_wconf 78' lang='lat' dir='ltr'>inferno</span> <span class='ocrx_word' id='word_1_269' title='bbox 798 3723 862 3768; x_wconf 86' lang='lat' dir='ltr'>non</span> <span class='ocrx_word' id='word_1_270' title='bbox 886 3699 1035 3781; x_wconf 75' lang='lat' dir='ltr'>landant,</span> <span class='ocrx_word' id='word_1_271' title='bbox 1051 3697 1110 3761; x_wconf 81' lang='lat' dir='ltr'>aed</span> 
     </span>
    </p>

    <p class='ocr_par' dir='ltr' id='par_1_13' title="bbox 199 3813 750 3949">
     <span class='ocr_line' id='line_1_41' title="bbox 199 3813 599 3861; baseline -0.003 -31"><span class='ocrx_word' id='word_1_272' title='bbox 199 3813 599 3861; x_wconf 31' lang='lat' dir='ltr'>¹*ss—</span> 
     </span>
     <span class='ocr_line' id='line_1_42' title="bbox 200 3866 750 3949; baseline 0.02 -11"><span class='ocrx_word' id='word_1_273' title='bbox 200 3866 232 3928; x_wconf 91' lang='lat'>1)</span> <span class='ocrx_word' id='word_1_274' title='bbox 246 3869 338 3934; x_wconf 66' lang='grc' dir='ltr'>ΑΜ</span> <span class='ocrx_word' id='word_1_275' title='bbox 358 3874 481 3932; x_wconf 65' lang='lat' dir='ltr'>unae</span> <span class='ocrx_word' id='word_1_276' title='bbox 500 3896 543 3938; x_wconf 81' lang='lat' dir='ltr'>ax</span> <span class='ocrx_word' id='word_1_277' title='bbox 558 3882 649 3944; x_wconf 73' lang='lat' dir='ltr'>uso:</span> <span class='ocrx_word' id='word_1_278' title='bbox 671 3888 750 3949; x_wconf 81' lang='lat' dir='ltr'>lore.</span> 
     </span>
    </p>
   </div>
   <div class='ocr_carea' id='block_1_6' title="bbox 0 0 1366 4417">
    <p class='ocr_par' dir='ltr' id='par_1_14' title="bbox 0 0 1366 4417">
     <span class='ocr_line' id='line_1_43' title="bbox 0 0 1366 4417; baseline 0 0"><span class='ocrx_word' id='word_1_279' title='bbox 0 0 1366 4417; x_wconf 95' lang='lat' dir='ltr'> </span> 
     </span>
    </p>
   </div>
  </div>
 </body>
</html>
