2709 4417
529 342 563 398 dc
581 345 712 412 passione
730 343 840 398 Christi
1065 341 1127 406 417

295 530 461 610 Principio,
491 529 636 592 deflectas
666 532 775 591 oculos
797 550 816 590 a
837 532 983 610 passione
1006 530 1128 606 Christi,

211 631 282 671 nam
306 611 360 671 illa
383 614 442 672 ianr
466 632 552 672 suum
575 632 652 693 opus
676 615 807 693 peregit,
830 618 860 672 et
880 633 1068 692 perrumpes,
1092 633 1129 673 ac

210 695 346 771 animum
383 696 494 757 Christi
534 695 658 776 plenum
698 696 894 756 humanitatis
926 697 1128 792 introspicies,
1208 706 1211 718 ⁴

209 778 265 856 qui
292 777 374 838 adeo
405 785 435 838 te
457 779 579 858 amavit,
604 785 637 838 ut
658 779 878 839 conscientiam
901 787 933 838 et
952 780 1056 839 omnia
1077 788 1128 838 tna

209 869 340 938 peccata
368 863 398 919 in
429 881 462 921 se
484 862 644 942 receperit.
688 862 797 941 Capiet
818 868 919 921 autern
943 869 974 921 et
995 861 1128 921 delecta

210 941 254 1002 bit
275 943 354 1003 haec
381 945 528 1038 cogitatio
559 945 694 1004 animum
717 951 816 1020 tuum,
852 951 882 1003 et
904 943 1130 1004 confirmabitur

211 1026 253 1084 ita
275 1024 415 1086 fiducia
407 1046 438 1086 1n
461 1026 645 1088 Christum.

294 1109 408 1168 Postea
433 1109 494 1169 hoc
520 1128 644 1188 quoque
666 1111 776 1188 facies,
816 1111 882 1169 ut
875 1130 904 1168 rn
933 1109 986 1169 iilo
1018 1110 1129 1169 Christi

212 1210 286 1270 erga
322 1198 353 1251 te
390 1193 505 1252 animo
536 1192 657 1268 videas,
687 1211 838 1272 quaenam
874 1192 969 1251 Patris
997 1211 1069 1271 erga
1100 1202 1129 1251 te

211 1275 249 1334 sit
278 1275 430 1336 voluntas.
474 1274 551 1334 Tum
573 1277 654 1335 eninr
689 1275 864 1355 apparebit,
902 1293 963 1334 non
992 1276 1129 1353 potuisse

211 1355 366 1416 Christum
387 1363 504 1416 tantum
527 1357 709 1418 beneficium
732 1360 763 1416 in
787 1363 815 1416 te
839 1357 996 1428 conferre,
1019 1358 1044 1416 ai
1067 1375 1128 1416 non

211 1445 303 1498 antea
326 1459 345 1498 a
367 1438 454 1500 Patre
477 1441 521 1500 sic
542 1440 649 1500 fuisset
672 1439 838 1500 decretum.
880 1440 958 1499 Nam
980 1439 1022 1499 illi
1047 1439 1129 1499 Chri-

210 1533 274 1581 stus
296 1523 415 1601 paruit,
449 1541 605 1602 cumpro
642 1530 670 1582 te
704 1531 750 1583 est
783 1542 903 1602 passus.
948 1524 1048 1600 Atque
1071 1523 1130 1582 hor

211 1602 305 1665 modo
329 1622 436 1664 cernes
459 1604 583 1685 plenum
612 1605 801 1665 humanitate
830 1606 886 1664 Dei
914 1607 1065 1680 animum,
1100 1614 1131 1663 et

210 1705 266 1765 per
288 1685 440 1746 Christum
465 1688 509 1745 sic
531 1688 658 1747 traheris
682 1687 721 1746 ad
745 1688 881 1763 Patrem,
905 1695 937 1746 ut
959 1687 1130 1766 intelligere

210 1768 285 1827 illud
311 1769 420 1830 Christi
443 1770 558 1848 possis:
595 1770 646 1830 Sic
668 1771 751 1830 Deus
778 1770 885 1830 dilexit
907 1771 1068 1865 mundum,
1099 1778 1132 1828 ut

209 1850 306 1910 filium
331 1872 416 1910 suum
440 1853 628 1932 unigenitum
652 1852 754 1929 daret,
727 1858 815 1913 tut
839 1854 937 1913 omnis
961 1854 1011 1931 qui
1036 1851 1131 1911 credit

210 1935 240 1992 in
266 1954 347 2011 eum,
370 1953 430 1994 non
448 1942 563 2013 pereat,
588 1935 641 1994 sed
656 1935 770 1996 habeat
759 1937 882 1994 tritam
896 1943 1052 1995 aeternam
1073 1944 1130 1996 etc

210 2015 251 2076 Et
282 2016 413 2077 hoct
367 2022 413 2076 est
448 2037 520 2078 vere
554 2018 651 2078 Deum
683 2037 889 2097 cognoscere,
924 2017 1045 2095 quando
1069 2036 1130 2076 nou

210 2099 402 2159 maiestatem
423 2110 475 2160 aut
490 2103 611 2180 sapient
612 2102 672 2160 iam
690 2099 817 2182 (quihus
835 2109 984 2161 terrentur
1005 2101 1129 2178 animi),

211 2181 267 2241 sed
290 2181 459 2243 bonitatem
489 2190 519 2243 et
547 2203 684 2245 amorem
712 2183 1023 2263 apprehendimus,
1016 2203 1046 2243 ιη
1070 2184 1132 2261 qui·

211 2264 268 2324 bus
292 2266 461 2324 consistere
484 2271 585 2344 potest
614 2265 740 2341 fiducia,
774 2286 835 2345 qna
865 2266 958 2325 homo
990 2266 1081 2344 plane
1102 2267 1130 2324 in

213 2348 280 2406 Deo
303 2358 507 2427 regeneratur.

298 2428 550 2509 Quintodecimo,
574 2451 642 2491 cum
666 2433 758 2510 igitur
780 2432 824 2490 sic
846 2430 1042 2490 confirmatus
1066 2439 1132 2490 tuus

213 2514 334 2572 animus
357 2515 386 2572 in
410 2512 529 2573 Christo
552 2514 656 2589 suerit,
688 2524 718 2572 et
740 2533 845 2572 revera
867 2515 926 2572 iam
950 2513 1040 2573 odisti
1064 2531 1132 2592 pec-

213 2603 333 2671 catum,
367 2615 427 2656 non
451 2614 571 2674 poenae
595 2604 693 2672 metu,
726 2596 779 2656 sed
803 2615 907 2655 amore
931 2615 1004 2676 arga
1025 2596 1133 2671 Deum,

214 2679 275 2738 hoc
303 2697 426 2757 quoque
450 2686 560 2754 restat,
593 2687 625 2738 ut
658 2681 751 2739 totius
780 2689 849 2738 tuae
878 2680 957 2738 vitae
979 2678 1133 2758 gerendae

213 2761 407 2840 exemplum,
429 2762 458 2819 in
482 2760 594 2821 Christi
617 2763 763 2841 passione
785 2762 986 2840 propositum,
1009 2763 1132 2822 sentias.

214 2843 317 2922 Atque
341 2843 418 2903 haec
439 2844 516 2904 ratio
531 2843 727 2904 meditandae
740 2845 891 2924 passionis
908 2844 1018 2904 Christi
1041 2845 1134 2925 longe

214 2927 414 3004 ssuperiore
444 2925 565 2986 diversa
592 2934 645 2985 ost.
628 2927 845 2987 tHactenus
878 2927 958 2985 eninr
991 2929 1036 2986 sic
1065 2946 1132 2992 earn

215 3028 321 3069 sumus
336 3008 472 3068 meditati
497 3017 640 3088 tanquam
655 3009 884 3070 Sacramentum
907 3009 1043 3105 aliquod,
1052 3009 1133 3089 quod

215 3094 246 3152 in
270 3075 360 3152 uobis
383 3090 568 3170 patientibus
591 3100 751 3188 oper,etur
776 3094 833 3152 iam
857 3099 957 3151 autem
975 3094 1024 3152 sic
1043 3090 1133 3152 medi·

215 3173 349 3235 tabimur
377 3193 460 3248 eam,
497 3181 528 3233 ut
562 3176 619 3253 ipsi
649 3194 829 3253 oper,emnr
865 3194 975 3254 nempe
1002 3177 1032 3234 in
1055 3175 1134 3234 hunc

216 3257 352 3318 modom.

302 3338 378 3398 Cunr
403 3337 510 3399 dolore
532 3349 584 3397 aut
607 3340 714 3401 morbo
739 3340 841 3418 aliquo
867 3340 997 3415 laboras,
1022 3341 1133 3418 cogita,

216 3441 307 3501 quarn
332 3421 408 3482 levis
432 3423 457 3480 is
480 3422 518 3481 sit
540 3423 709 3498 cruciatus,
743 3424 766 3481 si
796 3442 863 3481 cnm
888 3422 997 3481 Christi
1028 3422 1134 3500 spinea

216 3523 334 3565 corona
356 3514 386 3564 et
409 3504 504 3563 clavis
527 3511 730 3584 comparetur.

299 3585 376 3646 Cum
391 3587 492 3646 iacere
513 3595 566 3647 aut
588 3589 729 3648 omittere
759 3587 874 3665 aliquid
897 3595 1020 3661 contra,
1044 3605 1133 3664 quam

216 3669 330 3748 velles,
360 3671 494 3750 cogeris,
528 3672 644 3750 cogita,
674 3670 825 3729 Christum
857 3671 989 3729 vinctum
1017 3688 1133 3728 sursum

213 3771 251 3811 ac
273 3752 417 3810 deorsum
440 3754 558 3814 iactari.

289 3830 429 3893 Tentaris
453 3837 621 3923 superbia,
653 3839 747 3921 vide,
778 3859 877 3923 quarn
894 3836 1040 3918 indiguis
1060 3828 1168 3890 modis

218 3941 313 3982 Mod
325 3955 380 3996 orn·
398 3950 423 3990 v.
438 3952 468 3993 n.
483 3955 516 3996 uc
531 3957 575 3999 rer.
594 3959 650 4002 urat
669 3962 689 4003 r.
706 3974 729 4013 p.
744 3962 804 4004 vor.
816 3961 866 4002 ru.
993 3933 1041 4001 Ἦ
