2709 4417
281 348 322 416 78
424 314 427 323 ¹
473 351 630 423 Disputatio
649 355 758 424 Lipsiae
778 356 873 410 habita
892 357 1001 424 ³„er

281 544 387 627 quales
400 543 565 624 aliquando
582 543 701 622 fuerint,
724 543 798 602 nihil
809 560 881 604 mea
891 545 992 624 refert,
1009 546 1090 607 Deus
1109 552 1169 612 euin

279 646 442 708 personam
466 626 598 688 hominis
626 644 689 685 non
713 627 841 706 accipit,
868 627 910 686 ibi
932 626 1045 688 Paulus
1071 633 1170 694 evideu

278 711 395 771 tissime
417 711 509 787 dicit,
533 709 612 768 Petri
634 709 875 806 magnitudinem
899 718 930 770 et
952 712 1122 789 qualitatem
1140 715 1192 777 ιι

277 792 320 853 hil
337 794 459 870 referre,
482 811 541 854 nec
563 811 629 851 eam
652 793 750 871 accipi
772 812 791 852 o
812 793 888 853 Deo
913 793 946 854 Si
967 798 1069 855 autem
1086 807 1128 858 est
1144 799 1171 862 de

275 877 344 937 iure
373 876 492 954 divino,
521 876 721 935 certissimum
744 883 806 952 est,
836 875 961 936 Paulum
988 877 1039 938 hie
1064 883 1172 961 mentiri,

278 978 348 1018 narn
370 959 481 1038 quod'
474 922 519 1018 rius
542 958 739 1017 divinumt
692 964 747 1036 est,
771 959 896 1019 omuino
911 952 1059 1056 accipitur
1078 963 1172 1045 allec,

213 1052 216 1063 ·
278 1049 309 1102 et
330 1042 456 1102 multum
478 1042 579 1101 refert.
612 1041 748 1119 ldeoque
784 1042 843 1100 ista
864 1044 1012 1104 autoritas
1036 1045 1115 1105 Pauli
1135 1067 1172 1108 co

278 1125 323 1207 git
345 1126 527 1205 primitatem
550 1124 639 1183 unius
660 1123 794 1183 hominia
818 1126 954 1204 episcopi
977 1141 1040 1188 nou
1062 1146 1125 1188 esse
1143 1129 1171 1191 de

277 1208 342 1268 iure
365 1207 486 1283 divino,
509 1214 540 1267 et
560 1207 630 1266 ideo
653 1205 871 1284 revocandum,
894 1208 978 1286 quod
1001 1209 1036 1269 D.
1058 1210 1094 1271 D.
1114 1210 1174 1273 dixit

277 1289 345 1350 de
337 1310 402 1350 rure
421 1291 537 1367 divino,
560 1308 627 1348 cum
641 1296 826 1385 apparenter
842 1291 1048 1352 contradicat
1050 1295 1174 1374 apostolo

278 1372 339 1439 lric
361 1374 411 1434 Sic
434 1373 519 1446 dico,
544 1372 626 1451 quod
648 1373 706 1431 nisi
733 1372 769 1432 D.
793 1373 831 1435 D
854 1377 997 1454 egregius
1019 1395 1102 1436 suam
1123 1397 1175 1438 scn-

278 1442 402 1515 tentiam
427 1456 548 1516 mutarit
560 1463 735 1533 ,tanquam
759 1454 987 1518 evidentissime
1009 1462 1173 1520 contrariam

277 1538 383 1618 Paulo,
405 1559 466 1598 non
490 1540 545 1598 sim
569 1557 637 1597 eurn
660 1536 815 1618 habit-urus
836 1556 893 1617 pro
916 1541 1079 1602 catholico.
1107 1532 1200 1604 Haet'

276 1622 350 1680 satis
373 1623 432 1681 siut
454 1622 492 1680 de
514 1640 584 1680 mea
605 1622 808 1699 responsione
831 1620 870 1680 ad
894 1622 1016 1683 obiecta
1036 1624 1115 1685 D..D
1134 1626 1174 1686 lo-

274 1702 383 1763 bannis
406 1704 491 1764 Eccii
524 1722 614 1783 super
632 1704 857 1782 ,Propositione
883 1707 974 1766 tertia
1003 1706 1120 1768 decima
1142 1708 1174 1770 de

276 1794 429 1866 potestate
452 1788 622 1865 etprimotu
646 1787 754 1845 summi
769 1786 833 1846 Pon
836 1786 925 1848 tificis
927 1808 1029 1868 ,quae
1049 1791 1172 1870 relinquo

276 1869 390 1930 iudicio
411 1871 543 1930 iudicum
568 1876 599 1929 et
615 1869 750 1929 omniurn
774 1870 933 1930 lectorum.

655 2047 804 2110 Ecciua.

356 2201 431 2262 Dum
455 2196 641 2261 reverendus
663 2199 719 2259 Pat
707 2205 752 2259 ter
773 2200 864 2265 mihi
867 2201 1070 2282 improperet,
1107 2203 1170 2282 quod

271 2284 379 2344 iudicis
402 2283 614 2364 occupaverim
629 2281 781 2361 officium,
804 2283 877 2344 nihil
900 2283 938 2344 ad
960 2305 1036 2362 rem,
1058 2305 1120 2345 aum
1139 2285 1171 2347 di-

272 2373 375 2464 sputat
376 2386 419 2429 or.
441 2367 549 2461 Neque
571 2366 755 2424 haereticum
773 2328 849 2441 dixi,
872 2366 924 2427 sad
948 2368 1031 2428 dicta
1053 2370 1170 2430 suahae

271 2452 374 2511 reticis
407 2457 438 2510 et
467 2450 599 2509 maxime
624 2447 765 2508 Bohernis
797 2448 899 2509 favere
928 2458 959 2510 et
993 2459 1047 2531 pat
1034 2452 1170 2530 trocinarl,

271 2534 464 2613 potissimum
498 2551 566 2591 curn
598 2530 672 2592 illud
706 2530 890 2591 horrendum
920 2534 1023 2594 dicere
1051 2534 1169 2612 auderet,

271 2615 390 2695 aliquos
420 2616 562 2676 articulos
590 2615 739 2684 iohannis
760 2614 839 2675 Huas
871 2632 927 2696 per
956 2616 1117 2677 concilium
1136 2636 1175 2677 aa·
1207 2668 1216 2691 ,

198 2774 200 2778 Ι
271 2717 354 2758 crum
377 2697 613 2758 Constantiense
640 2696 838 2777 reprobatos,
877 2718 945 2760 esse
975 2699 1171 2761 christianissi

271 2801 338 2842 mos
361 2789 391 2841 ct
414 2781 620 2862 evangelicos.
653 2779 701 2840 Ad
728 2800 793 2840 rem
821 2783 923 2861 potius
953 2770 1170 2844 descendamus.

270 2864 355 2925 Duos
377 2865 441 2924 heri
464 2864 590 2943 protulit
578 2862 791 2924 thuiusmodi
818 2865 987 2945 articulos,
1019 2866 1113 2962 lrodie
1131 2866 1172 2926 ali·

270 2964 348 3027 quos
370 2946 495 3024 addidit,
517 2947 556 3007 de
579 2944 687 3024 quibus
709 2947 794 3010 infra

354 3029 444 3104 Quod
466 3049 539 3091 vero
561 3028 750 3089 adGraecos
772 3030 890 3109 attinet,
911 3030 1018 3091 mirum
1043 3049 1103 3111 quo
1124 3038 1171 3092 stu·

209 3165 212 3169 .
270 3112 320 3175 dio
342 3113 527 3175 reverendus
550 3113 606 3172 Pat
594 3119 640 3172 ter
662 3131 716 3172 eos
739 3112 892 3190 defendit,
916 3130 994 3191 quos
1017 3114 1111 3176 fuisse
1130 3113 1174 3175 bo·

269 3217 326 3295 nop
360 3199 469 3257 asserit
496 3197 587 3256 etiam
615 3197 645 3255 iu
682 3195 802 3255 excidio
829 3196 1190 3282 Constantinopolitano,⁸

269 3282 321 3360 qui
343 3280 484 3367 deinde
475 3300 506 3339 ru
528 3279 645 3339 Italiam
670 3279 823 3353 venerint,
847 3285 991 3359 oportere
1013 3298 1063 3341 me
1085 3289 1176 3343 osteo·

269 3364 342 3424 dere
365 3371 395 3424 et
416 3356 574 3423 nominare
598 3363 648 3441 qui
671 3362 782 3422 fuerint
802 3361 912 3422 Graeci
946 3363 1132 3426 schismatici
1150 3368 1176 3424 et

268 3446 422 3508 haeretici.
444 3447 546 3523 Miror,
568 3444 650 3541 quod
672 3444 857 3504 reverendus
879 3445 998 3504 Pater
990 3464 1021 3505 ιιι
1045 3460 1103 3507 sua
1122 3447 1176 3526 epi·

269 3529 350 3590 stola
371 3530 476 3590 obiicit
496 3530 568 3589 mihi
590 3520 785 3588 historiarum
807 3528 1029 3624 ignorantiam,
1057 3538 1090 3590 et
1118 3532 1177 3609 ipse

268 3611 329 3672 hoc
349 3612 420 3673 loco
435 3612 607 3690 nolitscire,
632 3609 714 3689 quod
727 3617 793 3670 tota
810 3611 899 3672 norit
911 3611 1050 3671 ecclesia
1074 3612 1178 3672 Nonne

268 3695 478 3756 schismaticus
515 3696 570 3756 fuit
607 3694 684 3754 Nest
672 3694 782 3772 torius,
821 3710 883 3755 non
906 3689 937 3770 ¹)
975 3690 1178 3774 Macedonica,

321 3865 354 3939 1)
372 3867 402 3921 lu
423 3866 465 3922 ed.
484 3867 545 3923 deu.
566 3870 594 3921 et
613 3864 696 3936 apud
705 3863 822 3918 Loesclr.
840 3863 933 3916 deest.
964 3868 1074 3917 uon.
