2709 4417
273 364 336 428 344
509 363 602 417 Resol.
623 363 647 415 L.
664 379 751 430 super
770 363 968 430 Proposilione
1179 388 1184 395 ·
1216 390 1218 471 p

276 556 309 609 ut
329 551 408 609 iuret
429 568 463 608 se
484 556 568 609 recte
589 550 721 627 iurasse,
758 548 853 627 idque
875 549 943 608 sine
964 546 1044 622 line,
1076 545 1177 603 cumin

278 630 362 691 nullo
385 633 555 692 iuramento
578 633 799 692 conscientiam
823 633 888 691 eius
910 647 1046 704 noscas,
1073 634 1179 686 rectene

277 717 369 790 iuret,
407 733 446 773 an
469 714 578 775 secus?
611 714 643 774 Si
664 721 766 774 autem
794 715 973 794 ignorantia
999 714 1060 771 ista
1080 709 1178 769 consci-
1217 750 1218 785 ,

278 798 381 857 entiae
405 815 466 855 non
501 803 605 857 movet
637 796 675 856 ad
705 798 898 857 exactionem
922 793 1101 860 iuramenti,
1133 810 1180 869 qua
1216 810 1218 883 p

278 880 377 939 tronlc
398 881 603 958 ignorantiam
626 882 882 939 conscientiarum
906 897 963 958 pro
987 890 1083 937 causa
1102 873 1178 933 addu·
1216 886 1218 897 ⁴

278 961 342 1020 cis?
386 961 473 1034 Quae
503 969 551 1021 est
571 963 631 1022 ista
653 962 797 1022 mirabilis
821 965 851 1021 in
873 981 937 1022 uno
960 959 1085 1021 homine
1105 975 1179 1035 super

277 1043 388 1105 eodem
410 1042 535 1104 homine
557 1046 757 1124 patientiaet
775 1045 970 1124 impatientia
994 1037 1175 1123 ignoratae1]
1217 1066 1218 1075 ¹

232 1148 235 1153 ·
279 1127 507 1188 conscientiae?
531 1126 562 1187 Si
576 1137 704 1208 accepto
729 1129 900 1187 iuramento
924 1134 1043 1186 tantam
1072 1122 1176 1181 admini·
1217 1130 1218 1142 ¹

278 1210 456 1269 strationem
480 1210 508 1268 ei
525 1209 621 1270 cedis:
636 1229 689 1270 cur
701 1231 775 1288 non,
799 1210 881 1290 quod
903 1209 1004 1270 levius
1027 1213 1098 1282 erat,
1117 1206 1175 1264 iura·

280 1299 413 1351 mentum
441 1292 501 1370 [ei]
529 1292 634 1352 cedis?
655 1294 705 1353 An
731 1300 838 1373 putas,
863 1288 946 1371 quod
971 1291 1070 1350 maior
1087 1307 1130 1347 res
1148 1289 1176 1346 sit

278 1376 478 1434 iuramentum
503 1374 556 1434 tibi
578 1377 774 1455 praestitum,
807 1395 897 1454 quam
922 1382 1028 1434 tantae
1050 1371 1174 1432 ecclesiae

278 1456 519 1517 administratio?
1089 1461 1091 1465 ’
1214 1457 1218 1492 ³

362 1539 409 1599 Ad
431 1539 524 1617 haec,
553 1542 695 1620 ignorata
717 1540 907 1601 conscientia
929 1538 1036 1599 debuit
1056 1545 1084 1596 te
1104 1555 1171 1615 quan
1214 1541 1218 1569 ³

282 1623 464 1681 tutissimum
487 1623 589 1683 facere
611 1624 649 1683 ad
663 1622 882 1703 imponendam
905 1621 1134 1702 praelationem,
1151 1629 1172 1677 ut

282 1723 319 1765 eo
343 1706 439 1784 magis
462 1706 649 1784 relinqueres
670 1706 890 1782 iuramentum,
921 1723 983 1784 quo
1007 1703 1102 1763 minus
1120 1719 1172 1761 con·
1216 1701 1218 1735 ³

281 1787 425 1848 scientias
449 1790 540 1861 nosti,
562 1789 703 1851 neforto
725 1788 763 1848 ad
780 1788 945 1868 periurium
970 1806 1039 1847 eum
1061 1803 1172 1864 cogeres.
1217 1783 1218 1819 ³

281 1869 485 1932 Gaudendum
510 1871 564 1931 tibi
583 1871 655 1951 suit,
688 1872 768 1932 hanc
794 1870 847 1930 tibi
870 1891 889 1930 a
911 1871 1034 1931 Christo
1061 1867 1172 1928 relictam

281 1953 470 2024 libertatem,
493 1961 526 2014 ut
546 1956 646 2033 possis
671 1955 715 2014 eis
738 1973 813 2015 oves
837 1955 1048 2029 committere,
1070 1969 1172 2029 quorun

237 2044 240 2049 '
281 2036 376 2097 corda
410 2056 469 2096 non
502 2038 591 2096 nosti.
635 2035 724 2096 Nunc
755 2057 811 2117 per
841 2037 1045 2096 iuramentum
1080 2039 1175 2093 secretu

283 2118 437 2198 exploras,
459 2127 512 2179 aut
533 2120 563 2179 in
577 2120 746 2200 periculum
759 2121 883 2180 fratrem
906 2118 1045 2194 adducis,
1069 2133 1174 2195 quorun

283 2208 442 2280 utrumque
463 2202 675 2282 gravis—simum
701 2209 762 2263 est:
795 2202 887 2280 idque
910 2203 977 2261 sine
1001 2219 1104 2276 causa,
1132 2215 1175 2256 nec

281 2293 406 2363 propter
434 2285 548 2362 Deum,
578 2284 632 2344 sed
666 2291 792 2364 propter
823 2283 1005 2345 fidelitatem
1036 2283 1176 2358 Romanae

282 2366 441 2426 ccclesiae.

361 2450 499 2524 Demum,
523 2450 547 2510 si
569 2450 743 2530 ignorantia
766 2455 814 2509 est
835 2469 928 2510 causa
950 2447 1125 2523 iuramenti,
1144 2465 1177 2504 se·

283 2533 393 2610 quitur,
416 2533 440 2590 si
464 2533 557 2591 scires
581 2533 811 2608 conscientiam,
836 2533 916 2592 male
939 2539 970 2592 te
993 2531 1129 2610 exegisse
1146 2528 1177 2586 iu-

282 2621 462 2674 ramentum.
507 2615 548 2675 At
585 2634 652 2675 cum
691 2617 819 2694 quisque
848 2614 887 2674 de
921 2612 1059 2694 quolibet
1086 2611 1180 2670 debeat
1217 2640 1218 2659 ι

282 2699 397 2778 optima
424 2717 636 2777 praesumere,
661 2707 691 2758 et
713 2698 846 2757 caritatis
869 2699 907 2757 sit
937 2696 1042 2757 omnia
1063 2693 1179 2767 credere,

282 2779 359 2841 haec
380 2782 448 2859 ipsa
470 2779 545 2840 fides
569 2781 607 2839 de
629 2780 729 2840 fratris
748 2779 885 2840 bonitate
908 2781 1022 2840 certior
1045 2785 1091 2838 est
1111 2777 1179 2836 omni

282 2864 426 2940 scientia,
450 2862 531 2942 quod
555 2864 674 2924 etiamsi
695 2864 803 2940 scires,
826 2863 876 2922 diu
900 2863 980 2922 scire
1001 2880 1063 2921 nou
1086 2859 1179 2940 possis,
1217 2862 1218 2867 ’

281 2945 407 3006 credere
440 2955 540 3006 autem
570 2965 692 3025 semper
722 2947 833 3027 possis.
884 2946 1018 3022 Ultimo,
1052 2939 1179 3020 numquid

283 3035 353 3107 post
375 3030 576 3088 iuramentum
598 3029 680 3089 nosti
703 3030 768 3088 eius
781 3027 1026 3088 conscientiam?
1049 3028 1107 3087 Gur
1120 3042 1179 3104 ergo

283 3129 344 3170 non
367 3117 432 3171 toto
447 3118 585 3191 tempore
605 3111 658 3171 tibi
672 3113 759 3189 iurat,
783 3111 832 3189 qui
848 3117 913 3171 toto
929 3118 1070 3190 tempore
1091 3125 1179 3168 causas

281 3194 441 3252 iuramenti
465 3193 517 3252 tibi
540 3193 697 3273 praestat?
1159 3199 1161 3204 ’

363 3276 448 3335 Haec
470 3275 547 3353 dixi,
581 3284 613 3336 ut
647 3276 820 3354 videamus,
855 3274 927 3353 quid
956 3277 994 3334 sit
1024 3273 1116 3335 verbo
1136 3270 1178 3331 [lei

281 3358 365 3419 nolle
387 3358 506 3436 cedere,
529 3366 560 3418 et
572 3359 742 3438 Scripturas
760 3377 815 3418 suo
839 3359 940 3417 sensui
963 3363 1077 3436 aptore.
1114 3353 1176 3428 Quo·

281 3442 374 3502 modo
388 3440 480 3521 ego²)
495 3461 614 3521 sperem
628 3441 707 3521 apud
721 3442 877 3501 Romanos
890 3439 1053 3520 pontifices
1068 3457 1131 3498 esse
1143 3438 1175 3495 ius

281 3521 851 3604 interpretandaeScripturae‚,quitarn
861 3521 1174 3601 manifesteScripturos

280 3608 311 3664 iu
332 3606 434 3666 alieno
450 3626 542 3666 sensu
559 3607 711 3667 tractant?
734 3607 802 3684 Vel,
825 3606 897 3685 quid
911 3625 974 3666 non
988 3605 1138 3665 obtineant
1152 3601 1173 3658 in

281 3695 358 3748 terra
383 3688 580 3772 Romani³]?
610 3690 684 3768 quid
706 3708 770 3749 non
789 3689 924 3748 audeant
945 3707 1052 3748 eorum
1073 3686 1171 3746 nomine

308 3795 342 3862 1)
366 3797 394 3848 ln
423 3795 465 3849 ed.
486 3794 565 3848 leus.
583 3791 777 3861 ignorantiae.
809 3788 842 3850 ‘tl
859 3787 896 3835 ln
919 3787 966 3836 ed.
985 3785 1188 3833 leaenas-

264 3871 360 3928 lenb.:
381 3886 466 3943 ergo.
510 3868 544 3934 3)
567 3865 640 3920 ibid.
668 3861 814 3915 additum:
832 3854 993 3921 postulasse.
