2709 4417
218 345 283 416 498
460 346 590 401 Defensio
606 345 677 400 Plril.
696 344 924 400 lislenchtlrocis

162 592 164 597 .
223 531 433 598 smolauoos
455 529 505 592 vel
527 548 665 592 summae
686 536 798 604 notae,
828 544 950 612 nempe
972 529 1133 612 Oceanioos,

222 616 372 699 quosdam
395 612 562 676 voluntatis
583 621 669 675 actus
693 620 812 675 tantum
836 613 950 695 recipi·

306 705 342 775 5)
367 698 514 759 Martinus
527 696 559 780 ι)
598 699 790 758 oecumenici
826 697 995 759 Pontificis
1043 701 1132 760 autori·

224 791 318 845 tatem
341 787 506 843 veneratur
527 800 564 841 ac
586 787 695 843 tuetur.
723 781 771 842 De
790 783 860 842 iure
882 781 995 842 divino
1008 779 1132 861 disputari

224 868 332 944 voluit,
355 863 436 945 quod
459 866 489 924 in
512 882 551 925 eo
572 863 686 944 probat
701 863 814 925 Eccius
838 884 879 925 ex
902 863 1031 925 Mache
1051 863 1090 924 'l'u
1107 884 1131 926 a

225 950 331 1009 Petrus
364 955 395 1008 et
427 967 519 1026 super
546 947 629 1008 hano
657 954 775 1025 petram
801 953 864 1008 etc.
918 946 1025 1022 Quem
1052 947 1131 1007 locun

225 1028 474 1110 quandoquidem
509 1029 548 1090 de
578 1029 660 1089 Petri
697 1032 831 1109 primatu
873 1037 1084 1110 exposuerunt
1109 1031 1131 1091 Β.

225 1114 341 1190 Patres,
363 1112 542 1172 academiae
554 1119 586 1172 et
607 1113 747 1190 eoncilia,
770 1113 879 1174 valere
900 1113 944 1173 ad
958 1114 1130 1173 autoritatem

226 1195 417 1255 oecumenici
439 1193 595 1254 Pontificio
619 1196 868 1257 constituendam
891 1195 1011 1256 Eccius
1039 1204 1132 1257 censet

225 1276 288 1337 aed
309 1276 387 1336 haec
408 1296 468 1354 qua
492 1273 661 1354 modestia,
698 1283 730 1338 et
759 1296 819 1356 qna
841 1276 906 1338 lide
932 1277 1057 1339 diluerit
1073 1277 1131 1338 lter·

227 1357 369 1435 dunel),
401 1377 451 1418 res
470 1360 539 1438 ipsa
561 1358 840 1421 declarabit-olim.
884 1360 1010 1422 Tamen
1032 1359 1133 1439 quaudo

227 1440 339 1500 Ecoius
366 1448 540 1500 sanctorum
567 1451 687 1521 patrum
715 1437 926 1504 autoritatem
947 1451 1012 1504 tam
1038 1443 1135 1504 fortiter

226 1525 321 1582 iactat
342 1531 374 1582 et
393 1523 425 1581 iu
448 1525 494 1583 eis
516 1542 602 1604 spem
627 1543 749 1585 omnem
771 1527 862 1606 ponit
884 1527 1051 1603 victoriae,
1079 1526 1134 1586 ride

227 1605 300 1684 quid
322 1604 445 1669 efficiat.

310 1689 443 1749 Primum
464 1707 527 1749 non
551 1696 598 1750 est
624 1688 709 1750 cordi
731 1688 804 1750 mihi
830 1691 1018 1771 cuiusquam
1039 1692 1133 1751 autori·

228 1772 283 1831 tati
306 1771 470 1851 quidquam
493 1771 654 1852 derogare,
676 1790 806 1833 veneror
827 1781 860 1833 at
874 1773 976 1835 adoro
995 1781 1041 1834 tot
1051 1773 1134 1834 cocle·

228 1854 293 1914 siae
320 1855 436 1915 lumina
468 1855 684 1916 celeberrimos
712 1849 850 1915 vindices
873 1855 1068 1917 Christianae
1094 1857 1135 1918 do

228 1938 355 1998 ctrinae.
398 1937 518 1997 Deinde
539 1948 613 2016 puto
636 1958 699 1998 non
723 1945 837 1998 temere
859 1937 938 2017 lieri,
963 1939 1060 1999 sicubi
1080 1958 1136 2000 seu·

229 2021 331 2079 tentiis
352 2019 383 2079 S.
406 2020 510 2080 Patres
530 2022 663 2099 variant,
699 2020 963 2100 quemadmodum
988 2021 1081 2100 solet,
1111 2031 1136 2082 nt

228 2101 329 2161 iudice
351 2102 506 2182 Scriptura
528 2105 588 2162 reci
611 2105 726 2179 iantur,
765 2122 827 2163 non
851 2106 1008 2183 ipsorum,
1037 2123 1135 2184 nempe

228 2184 416 2245 variantibus
432 2185 561 2261 iudiciis,
584 2123 811 2266 §cripturavim
834 2188 981 2266 patiatur.
1006 2185 1135 2259 Quando·

228 2267 351 2346 quidem
383 2287 459 2327 unus
487 2268 596 2346 aliquis
627 2275 658 2328 et
686 2268 816 2348 simplex
842 2268 1018 2349 Scripturas
1039 2288 1135 2329 sensns

228 2359 290 2426 est,
313 2358 346 2410 nt
367 2358 398 2410 et
419 2351 563 2411 coelestis
584 2353 711 2412 veritas-
720 2352 948 2430 simplicissima
970 2342 1034 2430 e'st,
1056 2371 1134 2431 quem

227 2433 349 2493 collatis
383 2433 543 2512 Scripturis
581 2453 598 2494 e
625 2433 679 2495 filo
707 2434 861 2512 ductuque
894 2436 1043 2494 orationis
1075 2435 1136 2497 licet

227 2517 361 2595 assequi.
416 2517 449 2575 ln
482 2517 543 2577 hoc
575 2518 657 2577 euim
693 2517 833 2576 iubemur
864 2515 1077 2596 philosophari
1108 2521 1135 2578 in

228 2599 390 2678 Scripturis
407 2599 517 2659 divinis
528 2599 571 2676 ²),
593 2607 627 2658 ut
647 2600 804 2659 hominum
817 2601 987 2660 sententias
1009 2600 1135 2660 decreta

228 2700 287 2760 que
319 2680 357 2741 ad
386 2683 468 2761 ipsas
501 2701 556 2742 ceu
585 2682 625 2741 ad
645 2681 773 2762 Lydium
807 2682 941 2761 lapidem
976 2684 1134 2764 exigamus.

228 2763 347 2824 Deinde
379 2773 412 2823 ut
445 2767 570 2825 omniuo
609 2765 647 2824 ad
680 2763 859 2824 iudicandas
888 2765 1062 2845 Scripturas
1091 2767 1135 2827 ad·

188 2856 191 2861 '
227 2845 352 2907 hibendi
374 2849 434 2906 sint
457 2847 486 2910 S.
500 2847 616 2925 Patres,
639 2850 734 2908 satius
756 2855 865 2908 estex
886 2848 934 2907 his
957 2848 1134 2930 locisScrip

226 2938 313 2991 turae
342 2931 526 2989 sententiam
559 2930 722 3010 colligere,
758 2930 808 2991 ubi
834 2930 897 2991 hoo
916 2931 1018 3009 ipsum
1042 2941 1135 3013 agunt,

227 3021 260 3073 ut
282 3019 441 3090 enarrent,
470 3031 560 3091 quarn
581 3014 635 3089 iis,
673 3013 722 3074 ubi
745 3013 796 3073 vel
817 3013 1060 3091 rhetoricantur,
1094 3016 1135 3075 vel

227 3095 387 3156 affectibus
410 3097 472 3155 suis
494 3115 679 3175 quocunque
701 3097 794 3156 modo
817 3096 989 3177 indulgent.
1033 3096 1135 3171 Quem·

226 3177 392 3238 admodum
428 3179 488 3239 hoc
522 3186 552 3239 et
586 3181 644 3259 ipsi
672 3180 735 3240 fere
757 3181 941 3259 experimur,
972 3183 1057 3258 varie
1087 3200 1137 3241 uos

226 3260 412 3340 Scripturam
435 3261 616 3342 intelligere,
639 3264 711 3341 quia
732 3261 989 3341 varieaffioimur,
1012 3265 1071 3324 iam
1086 3266 1137 3340 hic,

224 3344 285 3403 iam
308 3343 360 3403 ille
371 3344 484 3403 arridet
506 3363 623 3423 sensus,
645 3347 790 3423 quiaquo
814 3348 1042 3428 quemquami)
1068 3348 1139 3427 rapit

225 3425 369 3503 affectus,
391 3428 422 3486 iu
445 3427 476 3486 id
498 3426 663 3505 incumbit,
693 3430 722 3486 in
751 3446 789 3488 eo
811 3447 846 3488 se
868 3429 1030 3508 multiplici
1053 3432 1138 3490 animi

225 3510 414 3588 cogitatione
432 3510 576 3586 oblectat,
600 3518 631 3570 et
654 3517 686 3570 ut
701 3511 835 3593 polypus
849 3512 1024 3592 cuicunque
1041 3520 1139 3593 petrae

225 3591 408 3671 adhaeserit,
431 3594 495 3653 eius
518 3594 654 3655 colorem
676 3595 821 3674 imitatur,
842 3596 886 3655 ita
907 3615 976 3676 nos,
1000 3616 1140 3676 quorsum

224 3711 436 3721 --..—-.

294 3782 327 3852 1)
349 3783 380 3836 ln
400 3782 444 3839 ed.
464 3769 538 3837 den).
558 3783 712 3848 numerus,
755 3784 795 3846 Ἃ
809 3784 905 3833 xmus.
930 3784 1041 3833 discate
1060 3785 1142 3848 Scriq·

219 3860 300 3914 iuras
320 3859 446 3914 divinas.
489 3857 525 3922 3)
546 3854 612 3908 lloid
627 3869 637 3902 ·.
654 3864 810 3920 quemque.
831 3932 853 3961 l
926 3932 935 3946 Ι
