2709 4417
269 360 334 433 482
499 364 627 435 Epistola
644 362 714 418 Plril.
734 360 957 417 llelanchtlronis
1034 442 1038 447 1
1088 358 1093 361 ’

273 558 410 628 temere,
433 567 473 609 ne
496 548 568 627 quid
589 546 757 607 immodico
781 547 886 605 animo
910 545 1028 604 dictum
1048 543 1176 607 videatur.

275 635 314 694 m
336 634 421 692 utin
445 630 552 692 studiis
575 630 745 707 literarum,
774 647 812 688 ac
833 629 1031 708 potissimum
1052 628 1083 686 in
1103 647 1177 708 nego

274 719 318 777 tio
341 709 477 795 pietatis,
497 713 572 773 nihil
595 720 669 793 puto
693 730 795 790 neque
815 712 1017 791 priusneque
1039 710 1178 770 salutarim

274 817 443 878 congressu
465 796 606 856 familiari
629 795 789 855 doctorum
812 813 851 853 ac
870 793 1039 870 bonorum,
1061 792 1109 852 ubi
1128 811 1179 852 sen-

274 884 370 941 tentia
393 898 460 939 oum
484 880 651 955 sententia,
684 877 813 956 placidis
844 895 882 936 ac
913 875 1088 954 tranquillis
1113 876 1180 934 mini-

275 970 385 1041 mequ'e
420 960 625 1041 pertinacibus
653 961 778 1038 animis,
813 959 988 1035 confertur,
1027 957 1079 1017 ubi
1099 975 1180 1036 neque

275 1045 358 1104 vinci
379 1043 558 1103 indecorum
581 1049 643 1118 est,
665 1061 766 1120 neque
788 1043 914 1101 vincere
935 1039 1111 1120 plausibile.
1146 1039 1181 1099 ln

275 1126 328 1186 vix
350 1125 431 1184 alind
465 1144 578 1185 censeo
607 1126 809 1204 perniciosius
831 1123 1038 1203 popularibus
1059 1121 1117 1181 illis
1135 1120 1181 1181 dis

275 1207 509 1288 septationibus,
532 1207 583 1267 ubi
604 1226 667 1267 non
690 1212 794 1287 potest
804 1206 1005 1285 quantumvis
1028 1204 1116 1264 bonis
1133 1222 1182 1288 uon

276 1291 454 1369 obstrepere
475 1290 622 1349 victoriae
637 1309 722 1349 cura.
754 1289 820 1350 Scis
844 1296 886 1366 tu,
902 1306 998 1366 quam
1019 1286 1114 1345 mulla
1130 1305 1184 1365 pru·

277 1372 384 1433 denter
419 1374 449 1431 in
493 1372 573 1432 hanc
609 1373 792 1432 sententiam
828 1371 944 1432 scribat
976 1369 1185 1439 Nazianzenus

275 1474 367 1534 quam
391 1455 485 1515 multa
505 1456 578 1516 item
602 1455 748 1514 Erasmus
769 1461 883 1514 noster.

358 1538 421 1597 lam
445 1556 520 1597 vero
543 1544 729 1597 convenerat
752 1535 791 1595 de
812 1537 959 1614 notariis,
995 1534 1184 1612 nequeenim

276 1620 366 1680 aliter
398 1619 575 1700 persuaderi
597 1627 720 1699 poterat
740 1617 994 1696 Carolostadius,
1030 1618 1101 1695 qui,
1131 1635 1185 1675 mn

276 1705 407 1782 primum
429 1709 604 1782 susceptum
627 1709 674 1762 est
695 1707 864 1779 certamen,
885 1702 930 1762 ibi
952 1705 1059 1760 certos
1081 1717 1187 1777 quoqne

276 1786 393 1845 iudices
415 1784 569 1865 designari
588 1785 686 1845 voluit
706 1784 827 1865 Eecius,
849 1803 912 1844 non
936 1783 1097 1844 recusavit
1109 1781 1186 1842 Caro

277 1863 448 1929 lostadius.'
478 1869 584 1946 ltaque
612 1867 661 1927 die
684 1867 804 1928 XXVll.
833 1868 950 1926 mensis
970 1866 1055 1925 Iunii
1076 1883 1186 1944 congre

279 1947 404 2010 diuutur
436 1950 584 2010 lohannes
614 1949 725 2009 Eooiue
757 1957 789 2009 et
810 1945 1059 2010 Carolostadins.
1100 1945 1185 2006 Deli

280 2032 355 2092 bero
379 2032 503 2092 arbitrio
526 2034 716 2111 propositum
740 2039 802 2109 est,
837 2051 876 2092 an
899 2033 940 2091 sit
961 2029 1091 2109 aliquod
1111 2028 1184 2089 nobis
1219 2099 1221 2106 Α

278 2109 497 2199 αὐθαίρετον,
519 2114 633 2174 bonnm
656 2134 750 2193 opus,
772 2115 833 2174 boc
855 2121 916 2193 est,
949 2121 984 2173 ut
1006 2115 1066 2193 ipsi
1088 2112 1182 2188 dicunt

277 2217 316 2257 an
351 2196 389 2256 de
425 2216 562 2276 congruo
594 2217 767 2257 mereamur
787 2199 933 2276 gratiam,
969 2215 1042 2256 oum
1063 2197 1180 2271 facimus,
1215 2224 1221 2249 ι

277 2279 359 2356 qnod
383 2281 423 2339 in
457 2278 547 2338 nobis
578 2289 633 2340 est.
683 2279 761 2341 Utor
798 2282 879 2340 enim
913 2280 1055 2358 ipsorum
1088 2277 1176 2338 verbis

277 2361 344 2421 Hoc
365 2380 432 2421 curn
455 2363 505 2442 agi
528 2361 667 2441 deberet,
703 2362 774 2422 vide
810 2381 958 2443 quorsum
997 2362 1175 2422 contentione

276 2446 354 2522 rapti
385 2445 463 2521 sint,
497 2451 528 2504 et
557 2446 588 2503 in
623 2463 701 2523 quos
729 2446 875 2524 scopulos
896 2446 1094 2525 impegerint.
1131 2443 1174 2522 agi

276 2527 425 2605 debebat,
449 2527 519 2605 quid
542 2547 597 2607 per
618 2546 687 2587 sese
710 2529 786 2587 citra
806 2529 936 2609 gratiam
959 2533 1070 2606 posset
1091 2525 1173 2585 volun
1212 2540 1221 2596 s

277 2615 324 2668 tas
348 2617 463 2670 nostra.
507 2610 567 2689 lpsi
591 2611 802 2688 quaestionem
825 2611 886 2670 alio
908 2611 1049 2688 rapiunt,
1072 2616 1102 2669 et
1120 2626 1173 2686 qus·
1212 2621 1221 2659 Ι

276 2699 346 2751 tuor
368 2691 460 2752 credo
485 2694 647 2752 continuos
670 2692 788 2752 diesin
811 2712 849 2753 eo
873 2692 1059 2771 disceptant,
1082 2711 1118 2751 an
1136 2708 1173 2750 vo
1213 2683 1221 2740 l

277 2774 377 2834 luntas
399 2782 516 2834 tantum
537 2777 667 2854 recipiat
693 2775 807 2835 bonum
830 2795 925 2855 opus,
958 2777 1118 2854 ipsumque
1136 2773 1173 2833 be
1215 2784 1221 2823 ’ἑ

276 2876 348 2916 num
381 2876 458 2937 opus
487 2858 554 2917 sola
582 2857 696 2918 efficiat
724 2858 845 2938 gratia?
881 2859 914 2918 ln
937 2858 994 2918 has
1018 2856 1174 2937 Symplega
1215 2868 1221 2904 1

178 3001 183 3008 ,
276 2940 331 2999 das
354 2948 522 3020 coegerunt
544 2959 668 2999 causam
691 2942 819 3001 nonita
841 2941 970 3000 multum
993 2939 1174 3014 necessarias,
1216 2948 1221 2986 l

276 3028 308 3082 et
327 3022 418 3101 plane
443 3023 559 3082 alienas
581 3022 619 3082 ab
641 3024 780 3083 instituto
804 3018 1024 3084 Carolostadii.
1219 3083 1221 3089 ,

285 3125 288 3130 ·
357 3103 449 3164 Dedit
468 3104 594 3183 Ecoins,
632 3107 662 3164 in
697 3106 856 3167 voluntate
889 3117 997 3166 nostra
1029 3124 1090 3165 non
1123 3123 1175 3164 esse

275 3188 335 3246 vim
368 3189 547 3267 genuinam,
583 3207 643 3266 qua
674 3208 752 3267 opus
786 3189 901 3249 bonum
933 3188 1104 3268 producas,
1135 3185 1175 3245 sed

274 3271 438 3330 ascititiam
467 3277 599 3346 tantum,
632 3289 762 3350 eamque
795 3291 885 3350 qnam
917 3271 1061 3332 foeneret
1086 3270 1177 3349 gratis,

274 3351 304 3410 id
339 3352 420 3430 quod
452 3354 580 3431 primum
613 3352 773 3413 videbatur
801 3373 992 3434 oppugnare,
1037 3352 1178 3413 Deindes

156 3500 164 3505 ,
275 3434 491 3495 Garoloatadio
528 3442 671 3515 rogatus,
718 3437 935 3516 largireturne,
978 3442 1078 3497 totum
1116 3454 1178 3514 opus

274 3515 387 3576 bonum
411 3537 479 3577 esse
501 3537 520 3576 a
541 3518 624 3596 Deo,
658 3519 817 3598 respondit
839 3527 937 3580 totum
960 3519 1102 3598 quidem,
1129 3537 1178 3578 non

274 3606 375 3658 autem
398 3600 539 3663 totaliter.
572 3600 655 3660 Ecce
677 3609 790 3680 autem,
812 3609 845 3662 ut
866 3610 1008 3682 argutum
1030 3603 1092 3663 hoc
1112 3619 1180 3661 com·

273 3689 421 3766 mentum,
443 3683 572 3764 dignum
585 3685 748 3744 maiestate
760 3685 930 3762 theologici
944 3685 1091 3761 nominis,
1113 3690 1179 3744 adeo

266 3765 393 3852 λόγους
416 3767 565 3852 audiisse»
587 3767 687 3827 cuiuis
701 3765 805 3822 bodie
817 3765 956 3819 lloexnm
974 3772 1038 3818 een.
1064 3765 1194 3817 numan

264 3858 389 3922 fatetur
412 3855 537 3919 Eccius
566 3849 773 3912 uoluntatem
795 3841 909 3899 altae
934 3838 1087 3903 monens
1109 3835 1221 3887 &We

141 3952 149 3985 l
