2709 4417
221 332 285 402 272
455 335 549 392 Βοιοι.
569 337 596 389 b.
615 352 699 406 super
715 333 904 406 Proposition.

223 505 360 579 remittit,
381 504 516 583 etfacit,
538 511 571 565 ιιι
591 512 771 585 peccatores
793 525 856 567 non
879 507 942 567 sint
955 511 1067 585 peccat·

224 587 407 668 negantibus
429 595 531 650 autem
553 597 690 653 reservat
711 589 846 668 etfacit,
869 595 902 649 ut
922 589 994 648 iusti
1011 605 1066 652 nou

225 671 306 734 iusti.
350 670 482 731 Proinde
503 669 641 732 definitio
663 672 734 732 iusti
756 672 787 731 in
809 673 868 732 hac
894 673 959 733 vita
986 669 1066 730 esti

223 753 324 814 Iustus
346 755 444 832 primo
468 762 629 815 accusator
651 762 698 814 est
719 755 776 833 sui,
798 754 870 816 ideo
892 755 1008 814 institis
1020 751 1065 813 Ch

224 840 284 896 and
313 842 360 896 est
385 838 541 898 accusatio
571 839 634 914 sui3
664 856 755 917 qusm
783 838 845 899 cito
874 839 955 918 perit
989 854 1064 896 accu

224 920 280 997 sui,
302 920 404 978 statim
425 920 542 981 recedit
557 938 680 999 quoque
701 922 823 981 iustitia.
868 921 934 982 Hos
951 919 1065 980 confess

223 1001 360 1061 Christus
382 1004 512 1081 gestat
503 1023 535 1062 in
564 1003 717 1081 triumpho
744 1023 816 1063 suo:
852 1004 946 1064 lesus
968 1002 1065 1070 Nazar

223 1083 292 1144 Rex
312 1083 514 1164 ludaeorum
535 1085 646 1166 idest,
671 1086 893 1167 confessorum.
917 1086 988 1147 Hoc
1011 1093 1058 1146 est

225 1167 296 1227 bum
319 1166 432 1228 bonum
455 1176 486 1228 et
507 1188 610 1247 suave,
633 1168 716 1247 quod
729 1169 899 1248 Apostolus
924 1173 953 1231 1.
966 1167 1065 1228 Timot

224 1249 440 1311 iucundissime
463 1259 601 1311 resonat:
623 1250 738 1312 Fidelis
755 1271 867 1329 sermo,
889 1260 923 1312 et
939 1253 1025 1312 omni
1037 1269 1064 1310 a(

225 1333 342 1393 tatinum
363 1332 491 1414 dignus,
527 1336 600 1413 quia
618 1334 709 1394 lesus
733 1330 872 1396 Christus
900 1334 1017 1396 venit
1008 1353 1042 1393 in

225 1414 350 1476 modum
373 1423 552 1495 peccatores
575 1417 678 1478 salvos
708 1418 828 1498 facore,
863 1437 995 1498 quorum
1030 1435 1064 1496 pr

225 1517 285 1579 ego
309 1517 383 1558 sum.

308 1615 403 1695 igitur
423 1622 484 1676 stat
505 1636 575 1676 mea
597 1616 734 1677 secundo
755 1618 947 1697 propositio,
980 1623 1014 1676 et
1043 1615 1063 1673 css

224 1697 381 1776 quomodo
410 1706 570 1778 peccatum
599 1711 758 1760 remaneat
777 1709 848 1779 post
869 1701 1057 1796 baptismum

224 1782 255 1840 in
278 1782 362 1840 omni
384 1799 478 1860 opere
507 1781 591 1843 bono
618 1785 658 1843 sit
680 1789 840 1863 peccatum
867 1784 911 1858 (si
935 1781 1063 1842 miseric

224 1882 286 1923 non
308 1865 505 1938 succurrerit)
531 1867 677 1933 mortale
684 1865 841 1927 etnullum
865 1884 936 1925 esse
958 1858 1063 1924 natu'rs

222 1946 350 2009 veniale.
399 1945 501 2021 Quare
539 1949 647 2009 iterum
687 1949 857 2024 stabilitur,
892 1946 977 2028 quod
1013 1964 1062 2004 mu

226 2030 324 2110 magis
345 2032 462 2089 actus'
453 2033 617 2111 impiorum
645 2040 717 2092 sunt
736 2050 820 2092 mere
841 2032 931 2108 mali,
963 2037 995 2091 et
1017 2029 1062 2090 sic

225 2113 272 2171 nis
294 2120 381 2175 actus
403 2119 456 2173 aut
478 2112 577 2174 bonus
591 2113 627 2185 ²}
644 2121 697 2175 aut
717 2114 815 2175 malus
833 2120 944 2175 contra
965 2113 1062 2173 deteri

224 2196 340 2255 tionem
362 2196 485 2257 concilii
498 2197 753 2276 Constantiensis,
775 2197 806 2257 id
829 2204 885 2270 est,
906 2196 1062 2257 'I'homists

224 2295 300 2358 quos
322 2278 364 2339 ibi
386 2298 534 2360 regnasse
556 2288 692 2361 apparet.

308 2395 356 2455 nx
377 2396 424 2455 his
448 2399 540 2459 ctiam
564 2399 714 2476 infertur,
749 2398 875 2459 liberum
899 2397 1058 2459 arbitrium

226 2497 309 2538 mere
332 2481 487 2559 passivum
511 2483 541 2540 in
565 2483 649 2542 omni
686 2489 756 2542 actu
778 2500 851 2559 suo,
882 2482 935 2558 qui
957 2479 1039 2540 velle

225 2567 287 2638 tur,
322 2569 353 2622 et
384 2562 494 2624 frustra
533 2565 640 2644 garriri
670 2563 898 2625 distinctionem
920 2561 1061 2643 Sophiste

226 2645 334 2703 Actum
359 2644 472 2705 bonum
496 2665 565 2706 esse
588 2655 635 2709 tot
636 2667 686 2707 um
709 2647 821 2724 aDe0,
842 2645 897 2708 scd
920 2666 984 2707 non
1005 2652 1060 2705 toti

223 2725 279 2786 nst
301 2728 382 2787 enim
422 2734 505 2789 totus
528 2737 560 2789 et
588 2728 726 2791 totaliter
747 2751 766 2790 a
788 2730 871 2806 Deo,
906 2731 980 2808 quia
1003 2726 1060 2788 vol

150 2860 152 2865 ,
224 2810 323 2889 gratia
335 2807 367 2893 ³)
393 2830 455 2871 non
479 2813 537 2871 uisi
560 2817 692 2894 rapitur,
724 2813 868 2889 trahitur,
904 2818 1060 2872 movetur.

224 2899 338 2952 tractus
363 2892 575 2954 redundans'
566 2915 598 2954 ιιι
621 2896 778 2957 membra
785 2903 816 2956 et
845 2895 926 2955 vires
951 2913 1006 2955 seu
1029 2913 1060 2953 ar

225 2993 279 3034 seu
302 2977 438 3056 corporis
466 2984 514 3038 est
536 2980 601 3039 eius
624 2979 785 3054 activitas,
808 2985 840 3039 et
861 2978 947 3039 nulla
967 2977 1049 3061 slia3

224 3064 338 3118 tractus
360 3078 463 3120 serrae
486 3062 618 3122 secantis
638 3064 659 3122 li
683 3083 754 3124 num
777 3070 825 3124 est
846 3080 951 3122 serrae
975 3079 1058 3120 mera

223 3141 346 3201 sivusa
374 3150 510 3216 sectore,
544 3163 602 3204 nec
635 3083 682 3206 sil
710 3140 852 3206 tractum'
867 3164 955 3206 suum
980 3140 1059 3221 quid«

225 3233 418 3305 cooperatur,
441 3226 494 3286 ssd
507 3234 608 3288 tamen
625 3231 743 3289 tracta
736 3248 796 3288 iam
809 3230 839 3288 in
852 3227 969 3308 lignum
994 3244 1059 3322 ope

214 3308 356 3409 impulsa
377 3310 474 3390 magis
496 3330 587 3390 quam
609 3312 791 3392 impellens,
813 3330 891 3390 quse
915 3311 1044 3369 serratio

214 3390 289 3451 eius
313 3412 381 3452 cum
404 3402 554 3454 serratore
577 3393 703 3474 dicitur,
738 3414 805 3454 curn
835 3403 936 3453 tamen
966 3411 1049 3453 mere

224 3482 300 3536 atur
344 3475 406 3536 sed
422 3477 465 3536 de
487 3477 548 3537 hoc
570 3497 625 3538 suo
642 3485 788 3563 tempore
811 3477 912 3537 latius

256 3765 284 3835 ι)
304 3765 333 3820 ln
354 3765 478 3821 editione
498 3765 590 3834 orig:
609 3762 771 3814 multorum
785 3762 823 3814 ‘tt
836 3761 874 3809 ιιι
890 3760 935 3810 ed
951 3758 1015 3810 ιιι
1030 3776 1057 3810 2,

211 3838 306 3909 deest:
325 3852 380 3897 aut
398 3843 504 3898 bonus
526 3834 648 3903 attint
664 3834 801 3899 legitate
820 3829 952 3892 greum
