2709 4417
249 361 312 430 168
445 362 602 432 Disputatio
621 362 731 430 Lipsiae
748 322 844 414 habita
861 375 884 413 a.
903 359 968 413 xlx

250 547 428 629 temporalis
466 565 523 627 pro
561 553 692 626 peooato
722 548 856 607 oontrito
891 544 994 606 adhuc
1036 543 1145 626 debitur„
1183 552 1184 556 ’

251 640 282 693 et
302 651 365 692 non
387 630 515 692 solutae.
538 625 632 690 Sio'uti
643 629 706 690 Leo
728 629 894 690 modernus
915 628 1001 707 Papa
1022 649 1146 709 expresse

250 717 280 775 in
313 713 450 794 praefato
481 714 610 773 Decreto
633 712 755 788 delinit,
787 712 870 792 quod
893 711 997 773 sixtus
1020 713 1066 772 lV.
1090 721 1147 776 anta

251 817 320 858 eum
343 797 575 876 expressissime
597 796 671 856 feeit
691 801 831 876 tempore
851 794 978 856 iubilaei
999 796 1055 856 sui.

332 879 421 940 Unda
443 878 632 939 annnordara
653 897 717 939 non
738 898 882 958 possum,
911 877 996 958 quod
1026 897 1148 940 reveren·

250 962 306 1023 dus
327 963 418 1023 Pater
438 964 469 1022 in
492 963 554 1021 suis
576 962 814 1043 resolutionibus
836 962 928 1038 diait,
961 961 1149 1042 indulgentias
1180 908 1184 1017 i

250 1045 351 1106 solum
374 1044 462 1104 datas
483 1046 588 1124 pigris,
611 1044 694 1123 quod
717 1046 852 1105 etiamin
875 1045 1027 1105 Sermone
1048 1045 1149 1124 vulgari
1181 1066 1184 1127 p

250 1129 399 1195 affirmat,
422 1146 485 1188 oon
506 1127 680 1187 volentibus
700 1128 828 1206 implere
850 1147 988 1188 canones
1010 1129 1151 1206 poeniten·
1178 1134 1184 1197 l

251 1211 350 1272 tiales.
389 1210 430 1270 Et
450 1217 552 1270 tamen
580 1212 610 1269 in
633 1209 743 1270 eodem
767 1211 952 1271 resolutoria
983 1209 1058 1270 dicit
1076 1229 1150 1272 sano
1181 1212 1184 1269 ἐ

142 1360 145 1365 ⁴
251 1313 305 1354 nes
328 1293 566 1374 poenitentiales
588 1295 684 1372 pigris
705 1294 878 1372 impositos,
900 1293 983 1372 quod
1007 1295 1072 1369 viri,
1091 1294 1150 1354 alio
1182 1336 1184 1343 -

249 1378 322 1455 quin
349 1377 479 1450 strenui,
509 1395 632 1436 ornnem
660 1377 752 1436 vitam
781 1377 1003 1455 poenitentiam
1032 1384 1151 1456 agerent
1183 1396 1184 1431 ς

249 1459 338 1519 Unde
359 1459 588 1519 inlelioissimae
609 1466 714 1519 essent
742 1458 969 1539 indulgentiae,
1006 1461 1031 1518 si
1065 1468 1150 1520 esseut
1183 1502 1184 1517 r

254 1541 403 1602 bonorum
425 1560 553 1621 operum
575 1543 781 1604 remissiones.
1182 1550 1184 1597 l

303 1624 306 1629 ’
332 1624 492 1685 Soluturus
520 1625 560 1684 nd
591 1627 720 1703 primum
750 1624 923 1703 respoudit,
959 1624 1150 1704 indulgentias
1183 1642 1184 1647 ¹

250 1727 311 1767 non
334 1710 464 1768 attinere
485 1707 523 1766 nd
545 1709 715 1767 animarum
738 1707 888 1785 salutem,
926 1726 998 1767 eum
1028 1708 1149 1786 prolecto

249 1792 381 1849 maxime
401 1791 522 1850 intersit
539 1790 650 1850 salutis
671 1791 860 1862 animarum,
883 1809 922 1849 an
945 1790 1074 1850 salutem
1093 1809 1149 1870 pro
1181 1812 1185 1829 ·

248 1881 394 1933 moveant
419 1872 469 1932 vel
497 1873 677 1952 impediant.
725 1873 857 1932 Interest
889 1874 981 1932 etiam
1012 1871 1082 1932 fidei
1106 1892 1149 1933 no

252 1964 343 2034 strae,
364 1974 403 2015 an
425 1974 516 2034 papa,
539 1963 572 2014 ut
593 1955 705 2014 Christi
726 1956 874 2030 vinarius,
896 1973 1016 2033 poenas
1038 1965 1149 2035 peceato
1183 2004 1184 2009 ,

249 2037 368 2097 debitas
394 2038 476 2098 lanta
507 2039 800 2117 reeompensatione
828 2058 884 2118 per
915 2040 1025 2098 merita
1056 2039 1150 2099 Christi
1181 2036 1184 2049 ‘

248 2129 279 2181 et
301 2121 482 2181 Sanctorum
505 2123 603 2199 possit
623 2123 780 2180 remittere
801 2130 832 2180 et
853 2119 966 2181 delere.

330 2204 378 2263 De
391 2203 545 2283 Cypriano
569 2202 683 2264 obiecit
703 2203 787 2278 mihi,
809 2202 892 2282 quod
914 2204 1092 2264 occurrebat
1103 2203 1148 2282 Cy·

247 2287 385 2365 priunum
407 2287 545 2365 legenti„
567 2288 705 2364 quamvis
734 2306 796 2345 non
823 2286 916 2364 plene
939 2287 1012 2345 mihi
1034 2293 1159 2367 constet,

249 2388 287 2428 an
311 2370 389 2428 siout
411 2370 442 2428 in
465 2367 610 2442 Graecia,
639 2370 682 2426 ita
709 2376 740 2428 et
773 2370 805 2427 iu
828 2369 895 2429 aliis
917 2368 1092 2448 regionibus
1112 2389 1149 2427 eo·

250 2451 363 2512 alesine
385 2454 483 2511 maior
504 2470 575 2530 pars
599 2451 672 2510 oleri
688 2451 779 2511 firerit
798 2452 921 2512 inlecta.

330 2534 449 2594 Deinde
471 2534 510 2593 ad
529 2534 660 2594 eoncilia
681 2534 851 2613 respondit,
872 2533 1078 2613 indulgentias
1099 2553 1149 2594 nou

160 2670 163 2677 .
247 2634 316 2675 esse
338 2617 437 2679 bonas
459 2617 653 2690 Christiano,
682 2615 714 2675 id
737 2623 799 2691 est,
828 2620 878 2696 qui
903 2615 964 2676 lide
985 2625 1017 2676 et
1039 2618 1151 2676 oaritate

153 2720 156 2725 ·
251 2697 405 2761 Christum
428 2708 579 2777 sequatur.
602 2699 766 2760 Hoeeerte
786 2699 869 2760 diota
891 2700 1089 2759 conciliorum
1110 2700 1150 2758 de-

248 2783 335 2841 struit
356 2790 387 2842 et
407 2783 662 2862 indulgentiarum
685 2782 901 2861 largitionem,
931 2783 1001 2859 quia
1023 2801 1083 2841 nou
1104 2782 1152 2840 nisi

250 2863 361 2925 Christi
383 2863 525 2926 fidelibus
553 2874 584 2925 et
610 2865 749 2924 contritis
777 2870 809 2924 et
830 2865 979 2924 confessis
1006 2864 1063 2925 sub
1084 2883 1153 2924 oom-

251 2949 333 3006 muni
355 2949 454 3007 forma
475 2948 695 3008 noueeduutur.
718 2945 821 3021 Quare
836 2948 991 3006 oommnni
1014 2948 1153 3007 sententia

246 3028 457 3109 indulgentiae
481 3050 543 3091 non
566 3038 636 3090 sunt
656 3030 758 3090 bonae
780 3031 884 3104 malis,
925 3031 997 3107 quia
1028 3041 1152 3090 eas'non

248 3121 487 3191 consequuntur,
510 3113 564 3173 sed
588 3113 678 3175 bonis
701 3120 732 3172 et
754 3132 825 3172 vere
847 3112 1037 3173 Christianis.
1105 3119 1133 3165 ':·'

329 3196 398 3256 Nou
416 3203 556 3275 accepto,
579 3195 660 3273 quod
683 3195 842 3255 reverend.
866 3195 957 3255 Pater
977 3194 1091 3254 dietum
1109 3188 1153 3256 Be

249 3297 344 3337 neone
359 3278 409 3338 hia
420 3285 560 3356 usurpat:
583 3277 897 3355 Non-attendendum,
921 3279 998 3356 quis,
1022 3278 1077 3338 sed
1093 3275 1153 3356 quid

246 3359 384 3433 (linatur,
423 3363 723 3440 quoniammaxime
744 3362 774 3420 in
797 3362 851 3437 iis,
885 3380 964 3440 quaa
993 3368 1066 3420 sunt
1085 3359 1155 3432 fidei,

246 3444 405 3503 attendere
427 3453 550 3523 oportet
572 3445 662 3504 etiam
682 3445 750 3521 quis
771 3443 863 3519 dieat,
885 3451 917 3503 et
939 3442 1154 3516 eonsilium.}la

245 3525 352 3667 gitime
373 3535 593 3607 oongregatum
617 3535 665 3586 est
686 3526 725 3586 ab
748 3527 830 3586 omni
843 3526 1018 3587 Christiano
1042 3524 1155 3607 audien·

271 3627 331 3670 um.

327 3690 410 3752 Dioit
430 3709 570 3753 errorem
597 3710 664 3752 non
684 3691 917 3771 periouloaum„
939 3692 969 3748 ai
991 3691 1046 3748 hio
1064 3691 1156 3753 defin·

232 3775 408 3860 dulgentiis
432 3786 567 3840 erretur.
591 3776 636 3837 Ar
658 3773 739 3835 mihi
753 3769 1103 3859 nunnarinmn‘rhatur„
1117 3784 1182 3855 nuru

213 3863 405 3942 periculosi
427 3884 566 3928 errores
589 3863 724 3923 luerunt
743 3852 894 3922 induratu
913 3863 1083 3921 quisnam
1097 3842 1185 3899 othni
