2709 4417
448 358 483 412 de
502 349 681 414 Sacramenta
699 361 840 429 baptismi.
1035 356 1099 423 405

187 546 283 604 omnis
313 545 435 626 generis
472 543 670 621 afflictiones,
711 546 801 605 etiam
833 545 932 624 ipsam
960 550 1099 624 mortem,

187 646 236 706 per
257 626 442 707 baptismum
472 627 636 688 salutarem
667 646 704 687 ae
725 628 829 687 utilem
865 625 960 704 efflei,
996 633 1030 687 ut
1060 628 1101 687 sit

187 728 237 768 seu
260 711 511 787 instrumentum,
543 728 603 788 quo
627 710 795 790 baptismus
824 709 863 770 ad
893 708 1099 771 mortificatio·

187 812 251 851 nem
275 794 376 853 utitur.
419 793 527 871 Neque
556 794 636 853 enim
659 794 748 853 aliter
768 792 834 852 fieri
855 797 975 872 potest,
1008 811 1098 872 quam

187 882 213 934 rt
234 874 290 951 illi,
313 877 364 954 qui
385 875 539 955 baptismo
562 876 740 937 satisfacere
773 881 804 935 et
824 875 960 955 pereatis
976 875 1100 936 liberari

187 957 299 1032 volunt,
322 960 499 1020 moriantur.
543 959 623 1033 Quia
650 966 751 1019 autem
773 965 934 1038 peceatum
957 976 1020 1018 non
1041 959 1099 1017 nisi

187 1047 323 1100 soaetum
332 1043 474 1119 moritur,
495 1041 567 1102 ideo
580 1043 671 1102 etiam
694 1041 738 1118 fit,
760 1049 793 1100 ut
804 1059 886 1101 mors
911 1046 972 1100 tam
987 1041 1100 1100 eoerba

187 1127 212 1182 et
241 1122 395 1184 horribilis
429 1126 511 1184 sarni
534 1132 690 1205 appareat.
735 1122 846 1201 Sioque
868 1123 1020 1183 oernimus
1041 1123 1099 1183 Dei

187 1225 242 1264 ann
267 1206 508 1267 misericordiam
537 1213 598 1267 turn
623 1208 793 1286 potentiam
825 1225 863 1266 ea
883 1207 914 1265 in
932 1224 982 1283 re,
1016 1205 1099 1283 quod

187 1295 341 1348 recreatum
365 1295 464 1349 morte
485 1289 617 1365 tollitur,
649 1308 728 1367 quae
751 1308 832 1349 mors
853 1289 973 1368 peceati
995 1295 1099 1348 tamen

187 1377 227 1430 est
248 1371 364 1431 fruetus
386 1378 417 1432 et
437 1391 565 1448 meroes,
588 1373 667 1432 siout
691 1391 758 1431 eam
772 1371 883 1431 Paulus
908 1377 999 1431 voeat
1009 1372 1099 1434 Rom.

187 1457 207 1518 i.
232 1448 369 1596 ospoivra
390 1457 445 1538 τῆς
467 1449 630 1536 ἁμαρτίας
650 1451 811 1528 θάνατος.

277 1538 405 1597 nvenias
429 1542 530 1597 autem
558 1538 670 1597 multos
692 1538 822 1616 passim,
857 1538 907 1615 qui
930 1535 1044 1598 vellent
1066 1555 1100 1596 se

188 1625 276 1679 ustos
299 1638 377 1696 esse,
400 1638 500 1698 neque
521 1620 604 1680 aliud
625 1639 725 1699 aeque
739 1625 887 1699 expetunt
909 1637 946 1678 ao
961 1626 1097 1678 sanatam

187 1703 284 1761 ritem.
332 1703 446 1764 Verum
478 1722 540 1763 non
574 1710 622 1762 est
649 1703 711 1762 alia
739 1703 836 1782 magis
870 1700 1101 1780 oompendiaria

187 1785 238 1861 ria,
261 1803 323 1863 qua
344 1787 489 1845 iustitiam
503 1804 711 1865 assequamur,
735 1804 825 1863 quam
847 1804 903 1864 per
915 1783 1098 1863 baptismum

187 1869 307 1945 eiusque
327 1886 415 1946 opus,
433 1868 493 1928 hoo
514 1875 570 1944 est,
591 1887 647 1948 per
662 1886 784 1928 oruoem
807 1874 838 1927 et
850 1873 990 1927 mortem.
1013 1864 1100 1940 Quae

187 1969 246 2009 rum
269 1950 313 2009 illi
335 1949 472 2030 fugiunt,
506 1958 648 2031 apparet,
681 1951 763 2030 quod
792 1968 892 2028 neque
917 1949 1099 2028 intelligant,

187 2031 251 2110 {uid
274 2033 315 2092 sit
335 2034 448 2092 iustum
471 2052 555 2111 esse,
578 2052 678 2112 neque
702 2034 793 2093 etiam
816 2051 889 2092 vere
910 2031 940 2091 id
964 2031 1097 2111 oupiant.

260 2115 346 2175 Deus
367 2115 458 2195 igitur
485 2117 516 2174 in
544 2118 630 2176 varia
650 2117 870 2196 vitaegenera
892 2115 1025 2174 oonieoit
1045 2113 1098 2173 ho-

187 2198 288 2275 nines,
311 2199 342 2256 in
366 2197 473 2276 quibus
496 2217 529 2257 se
553 2200 681 2277 quisque
704 2203 862 2258 exerceret
882 2202 913 2256 et
934 2215 1020 2256 suam
1041 2195 1099 2255 fer-

187 2286 224 2340 ·et
247 2299 380 2340 eruoem.
422 2280 483 2340 Alii
504 2282 611 2341 vivunt
631 2283 662 2340 in
687 2282 841 2360 coniugio,
864 2280 916 2339 alii
936 2280 1098 2357 imperant,

187 2363 229 2422 ilii
254 2363 405 2442 imperata
425 2363 548 2423 iaciunt.
592 2364 686 2424 Porro
717 2363 748 2422 hi
777 2382 884 2422 omnes
913 2362 986 2420 satis
1014 2360 1098 2421 labo·

187 2464 244 2504 um
277 2463 315 2504 ao
350 2445 557 2505 molestiarum
589 2445 719 2520 habent,
758 2446 866 2523 quibus
899 2441 1100 2506 mortificetur

186 2546 262 2588 aro.
292 2527 332 2587 Et
354 2529 378 2587 si
400 2529 452 2607 qui
473 2527 616 2608 baptizati
640 2536 719 2606 sunt,
741 2529 799 2587 illis
823 2529 929 2602 otium,
951 2527 1098 2586 securitas

187 2617 209 2670 rt
230 2629 295 2690 pax
316 2609 499 2671 mundieeeu
522 2629 672 2671 venenum
697 2619 757 2687 est,
788 2609 870 2688 quod
892 2610 1003 2668 iustum
1028 2608 1098 2687 bap-

187 2694 260 2753 ismi
284 2712 362 2772 opus
383 2699 569 2760 remoratur,
599 2712 698 2771 neque
727 2694 807 2753 enim
831 2692 889 2767 illi,
926 2693 977 2769 qui
999 2691 1099 2751 otiose

187 2794 216 2834 re
239 2794 348 2835 seeure
369 2782 480 2856 agunt,
513 2784 566 2835 aut
595 2794 715 2836 oruoem
745 2782 775 2835 et
803 2780 931 2835 mortem
955 2773 1100 2849 tolerare,

187 2864 233 2918 aut
253 2865 417 2938 peceatum
440 2857 543 2918 odisse
565 2866 701 2938 possunt,
744 2859 812 2918 Hoe
833 2857 935 2936 potius
957 2854 1030 2914 inde
1051 2874 1099 2914 ae·

187 2940 263 3019 sidit,
287 2947 319 3000 ut
340 2940 421 3000 hano
441 2942 533 3001 vitam
558 2941 712 3001 ardentius
735 2940 993 3019 complectantur,
1015 2938 1099 2997 illam

187 3030 285 3083 tutem
306 3023 436 3083 futuram
460 3037 490 3083 et
512 3031 667 3084 aeternam
690 3023 844 3099 horreant,
868 3027 1004 3082 metuant
1021 3038 1098 3079 mor-

187 3125 252 3183 em,
275 3112 366 3183 atque
387 3114 583 3185 peecatorum
606 3105 873 3166 mortificationem
896 3103 1059 3183 refugiant.

264 3188 392 3249 Decimo
416 3190 562 3268 septimo,
592 3191 652 3249 iam
675 3207 749 3268 ergo
778 3189 803 3247 si
825 3187 982 3248 hominum
1006 3186 1099 3244 vitam

187 3289 217 3330 ro
246 3290 348 3331 mores
377 3271 552 3352 diligentius
581 3272 743 3347 intuearis,
778 3270 889 3330 multos
921 3269 1034 3348 passim
1056 3268 1100 3326 in·

187 3355 304 3430 reniae,
338 3354 388 3432 qui
410 3355 545 3430 ieiuniis,
574 3352 778 3429 orationibus,
803 3348 1100 3432 peregrinationibus

187 3443 212 3497 et
233 3434 384 3497 similibus
407 3436 550 3516 operibus
584 3456 643 3496 non
667 3435 706 3496 ad
729 3433 941 3497 mortificanda
962 3438 1100 3512 peecata,

187 3518 235 3579 red
258 3519 298 3578 ad
321 3518 554 3599 promerendam
576 3521 706 3600 gratiam
735 3527 765 3578 et
787 3514 971 3577 cumulanda
992 3515 1102 3575 merita

187 3607 315 3662 utantur.

265 3685 378 3744 Verum
400 3684 583 3744 ieiuniorum
607 3690 639 3743 et
660 3682 789 3743 aliorum
808 3681 949 3741 similium
973 3696 1100 3758 operum

187 3768 227 3824 iio
249 3785 319 3825 esse
342 3765 476 3827 debebat
499 3786 592 3848 usus,
614 3772 816 3829 nt‘veterem
838 3764 996 3826 Priamum
1008 3761 1115 3819 illam-

188 3864 227 3903 ne
246 3847 385 3908 innatam
419 3848 460 3910 ad
480 3851 690 3932 peooandum
726 3854 796 3916 uim
816 3851 1007 3936 premerent
1034 3848 1070 3900 ea
1087 3855 1138 3895 aa·
