2709 4417
509 337 666 393 tolutariis
685 341 819 408 arnono,
844 365 857 395 .;
879 380 882 387 .
1043 333 1105 403 201

209 522 304 585 alasiae
320 538 524 597 eonsensum,
541 522 627 583 entus
650 521 754 600 praxis
776 518 869 581 debet
889 519 1006 581 homini
1020 519 1105 582 Chri·

207 607 290 666 stiano
311 623 384 665 esne
403 622 460 683 pro
483 604 607 684 regula,
639 623 702 663 non
724 602 817 665 debet
838 601 936 665 tribui.
980 603 1041 665 Sed
1072 605 1105 665 iu

207 686 396 768 superioribus
410 693 568 749 ostensum
589 687 644 747 fuit
662 705 718 765 per
730 687 861 747 maiores
883 686 1023 766 oleriooo,
1045 685 1103 765 Cy-

206 771 343 851 prianum,
367 769 638 849 chrysostomum,
673 775 705 829 et
731 769 951 848 Augustinum,
984 787 1106 848 poenae

207 852 323 915 debitum
346 870 506 917 remunera
535 859 608 934 poet
635 851 768 930 eulpam.
810 851 884 913 ideo
918 852 1106 913 reverendus

207 938 280 997 Pater
309 935 405 998 aedat
424 935 455 997 S.
476 935 599 999 Petrum
633 936 803 1015 autoritati,
839 941 871 995 et
891 935 1106 995 eonsuetudini

207 1022 283 1082 uduo
304 1020 460 1079 eooleoiae
494 1018 706 1098 obtemperet,
738 1024 793 1079 eut
820 1036 873 1077 our
902 1016 936 1077 id
956 1017 1022 1088 fleri
1043 1037 1107 1078 non

209 1102 303 1165 debeat
324 1103 493 1163 autoritate
515 1101 816 1180 seoroeSoripturoe,
838 1100 1039 1161 oonoiliorum
1057 1101 1107 1161 vel

208 1191 366 1247 metarum
388 1185 522 1263 Petrum,
542 1189 689 1264 exponet.

510 1318 549 1380 M.
582 1318 786 1379 Lutherus.

277 1435 417 1498 Admitto
439 1438 477 1501 D.
498 1438 536 1501 D.
557 1436 640 1516 quod
662 1437 776 1497 habeat
805 1435 943 1496 ultimum
971 1434 1107 1513 verbum,

211 1520 268 1599 quin
288 1520 333 1579 sio
353 1520 430 1581 vult.
471 1521 583 1601 Arguit
602 1527 704 1580 autem
727 1519 868 1599 egregius
890 1520 928 1581 D.
940 1520 978 1579 D.
1000 1526 1109 1580 oootra

212 1602 435 1663 Gonoluoionem
457 1623 575 1681 meam,
611 1603 721 1663 volens
741 1603 887 1681 probaro,
908 1621 1042 1681 poenam
1063 1620 1108 1662 re·

210 1687 273 1764 quiri
294 1705 314 1744 a
333 1685 412 1764 Deo,
435 1693 466 1746 ot
485 1705 541 1766 pro
563 1687 662 1766 primo
683 1685 800 1745 inducit
812 1685 1008 1765 scripturam,
1029 1684 1108 1746 Gen.

210 1772 233 1847 3,
251 1766 298 1829 ubi
319 1775 481 1847 pennatum
501 1768 590 1829 Adae
606 1770 706 1829 'otiam
726 1768 854 1829 remissa
877 1769 969 1847 eulpa
987 1769 1110 1848 punitur

209 1853 235 1913 in
245 1852 429 1931 posteritate,
439 1870 514 1935 ergo
534 1871 636 1931 poena
652 1859 798 1930 remanet,
819 1857 997 1912 transeunte
1011 1852 1111 1930 eulpa.

210 1931 323 2009 Volo*)
348 1935 387 1997 D.
409 1935 447 1998 D.
469 1935 647 1996 obstrictum
670 1932 732 1995 hoo
753 1936 908 2015 exemplo,
930 1941 962 1995 et
982 1953 1044 1995 non
1067 1952 1112 1993 ro·

211 2016 301 2096 pliuet,
323 2019 382 2077 nini
404 2016 574 2095 ooussrmet,
597 2023 649 2078 aut
671 2019 854 2077 sententiam
869 2017 968 2077 oedat.
1012 2017 1044 2078 Si
1052 2018 1112 2076 iota

212 2098 302 2178 po'ona
320 2101 484 2180 requiritur,
504 2120 560 2180 pro
583 2107 730 2180 panentu,
768 2107 800 2160 et
819 2101 957 2161 similiter
979 2101 1110 2161 sentien-

213 2182 272 2240 dum
293 2191 340 2242 eat
361 2184 400 2243 de
422 2184 558 2262 qualibet
580 2203 699 2262 poena,
729 2191 761 2243 ot
782 2182 887 2261 infert,
917 2183 1016 2244 habeo
1039 2202 1110 2262 pro·

214 2268 342 2344 positum,
365 2265 450 2345 quod
470 2285 572 2346 poeno
593 2286 656 2327 non
677 2268 776 2345 possit
795 2268 908 2327 remitti
928 2286 983 2346 per
995 2267 1109 2345 Papum

213 2355 254 2408 aut
278 2349 373 2409 ullum
408 2350 632 2427 aaoerdotem,¹
650 2351 722 2428 quio
749 2350 849 2409 nullan
874 2348 974 2408 adhue
995 2350 1111 2409 remisit

214 2438 343 2507 mortam,
364 2430 484 2495 infinito
503 2452 621 2512 genero
638 2452 840 2512 poenarum,¹
857 2433 1046 2508 morborum,
1079 2438 1112 2492 et

215 2515 339 2575 similium
353 2516 552 2594 miseriarum,
574 2534 653 2593 quen
665 2535 773 2576 omnes
784 2535 840 2595 pro
865 2523 994 2594 peoaato
1011 2516 1109 2595 primo

215 2606 269 2657 sunt
286 2598 401 2663 illotae.
444 2599 484 2658 Et
512 2600 558 2657 nio
586 2598 727 2678 probatio
751 2599 788 2658 D.
811 2598 848 2658 D.
870 2599 1012 2677 probavit
1038 2616 1109 2658 oon·

215 2680 366 2743 elusionem
389 2701 488 2743 meam
512 2688 675 2743 contrane
696 2683 806 2760 ipsum.

277 2763 432 2845 Secundo,
449 2764 532 2844 quod
543 2764 669 2825 aDavid
684 2765 831 2825 translato
845 2771 1049 2843 pennatam
1063 2771 1111 2824 eat

215 2848 344 2909 uastata
357 2856 582 2927 tomonpoeno,
604 2849 696 2911 etiam
710 2867 766 2927 pro
779 2866 829 2907 me
839 2849 922 2926 iaoit,
943 2849 1063 2907 niantet
1078 2849 1110 2907 in

214 2926 348 3011 Sermone
369 2930 480 2991 eodem
504 2931 621 3009 vulgari
639 2937 807 3009 requenter
827 2930 900 2990 dixi.
944 2929 1023 3004 Quia
1045 2936 1111 2990 arat

214 3030 316 3091 poeno,
350 3033 442 3093 quam
464 3014 547 3074 Deua
575 3015 749 3092 requisivit,
784 3012 855 3073 ideo
878 3032 969 3073 nemo
992 3014 1110 3073 auferre

213 3098 302 3171 potuit.
346 3097 379 3159 Si
396 3097 433 3156 D.
447 3097 484 3158 D.
508 3116 571 3157 oon
584 3098 736 3159 intellexit
750 3116 808 3175 me,
832 3096 1111 3176 iegotdiiigentino,

213 3195 257 3258 ego
279 3181 360 3241 enim
386 3176 451 3241 dixi
472 3186 504 3241 nt
524 3180 612 3241 dieo:
652 3180 743 3254 Quod
766 3181 845 3240 huno
866 3198 999 3258 poenam
1024 3181 1110 3239 Deua

211 3280 261 3323 non
280 3265 430 3342 requirat,
452 3281 542 3341 quom
565 3282 647 3342 papa
669 3263 718 3325 vei
739 3264 833 3323 homo
854 3265 951 3342 possit
972 3263 1111 3340 solvere3

211 3361 286 3421 quam
301 3353 404 3407 autem
416 3346 617 3425 ipserequirit
631 3345 1110 3425 (scilieetimmediateloquitur)

210 3445 261 3490 oon
282 3429 497 3510 possit-homo
519 3429 652 3499 solvere.
881 3437 884 3445 '
1166 3480 1169 3493 .

277 3513 393 3588 Tertio,
415 3511 535 3573 induxit
554 3512 706 3591 glossam:
740 3512 821 3573 Deua
852 3510 996 3572 doliotum
1020 3510 1112 3587 delet,

234 3710 265 3774 2)
285 3711 316 3762 In
334 3711 376 3764 ed.
398 3713 498 3780 origin.
518 3710 563 3764 hic
591 3711 711 3781 margini
729 3709 900 3781 adscriptum
926 3709 1042 3779 iegitnrt
1061 3708 1113 3760 Ad·

199 3778 270 3828 duzit
293 3789 384 3831 tamen
406 3798 439 3833 ne
471 3783 543 3837 vesse
568 3785 723 3854 replicare,
759 3788 784 3839 ni
812 3786 947 3840 dominun
973 3785 1006 3835 D.
1023 3782 1129 3834 Daemon

199 3844 242 3894 luo
259 3850 334 3899 iusto
351 3851 546 3917 responderet.
