2709 4417
211 338 275 405 44ss
471 412 475 427 Ι
500 342 531 395 V.
557 341 662 398 tonaio
680 343 720 395 D.·'·
733 341 767 397 ii.
788 342 866 398 totu

214 526 393 607 praevidere
416 544 506 606 quam
531 545 597 588 nos.
641 527 672 589 Si
695 529 788 608 igitur
810 529 882 589 Deo
907 529 1081 607 credideris,
1097 536 1120 587 et

216 611 321 670 omnia
344 609 425 669 illius
447 610 572 670 arbitrio
595 610 791 691 deposueris,
821 619 909 673 certo
931 612 1025 690 fient,
1058 628 1120 692 quse

213 694 302 834 petis,
326 691 373 753 rel
398 712 452 773 per
474 693 634 770 miracula,
657 695 682 753 si
706 694 767 754 alia
788 694 875 756 nulla
898 697 940 755 sit
961 691 1055 772 ratio,
1075 713 1121 773 qua

235 781 298 835 ant

296 857 329 918 id
357 857 439 937 quod
464 859 494 916 in
527 858 642 937 populo
664 858 832 919 israelitico
847 860 885 937 ¹⁸)
911 861 1065 939 ridemus,
1082 860 1120 938 qui

215 959 283 1001 eum
305 940 373 1000 Deo
396 939 576 1001 credidisset
596 941 672 1018 fore,
695 950 729 1001 ut
750 961 784 1000 se
805 940 953 1003 liberaret
976 944 1017 1005 ab
1039 943 1121 1013 hosts,

214 1041 314 1101 neque
344 1031 444 1083 tamen
476 1024 525 1082 vie
552 1023 655 1103 aliqua
675 1031 854 1104 appareret,
897 1045 961 1105 qua
988 1027 1020 1086 id
1043 1026 1121 1099 seret„

214 1106 314 1166 subito
338 1125 372 1165 se
386 1125 470 1166 mare
491 1105 613 1166 rubrum
626 1109 754 1187 apemit‚
778 1126 815 1167 ac
837 1102 930 1189 dam,
958 1128 1022 1189 qua
1042 1116 1122 1169 trans·

214 1190 309 1265 irent,
343 1187 442 1267 dedit,
469 1190 575 1250 hostes
597 1200 699 1250 autem
723 1190 760 1249 ad
783 1209 877 1250 unum
902 1211 1017 1254 omnes
1039 1192 1123 1254 obruit

215 1290 253 1332 ac
270 1270 423 1332 demersit.

297 1355 347 1415 Sic
367 1354 465 1415 Iudith
489 1363 596 1415 sancta
617 1356 738 1434 muiier,
761 1376 829 1416 cum
853 1359 1046 1437 accepisset,
1074 1358 1123 1416 hoo

215 1437 376 1497 consilium
400 1440 519 1518 cepisse
542 1440 624 1498 cives
646 1439 815 1516 Bethuliae,
838 1459 882 1516 se,
906 1441 938 1500 ni
949 1441 1037 1501 Deus
1056 1442 1122 1499 intra

214 1522 347 1599 quinque
369 1520 434 1581 dies
451 1540 543 1601 opem
565 1522 666 1600 ferret,
688 1520 846 1582 dedituros
862 1522 946 1582 hosti
970 1525 1122 1598 civitatem,

214 1605 348 1683 graviter
362 1603 557 1683 reprehendit
569 1605 649 1683 illos,
672 1612 705 1664 et
715 1604 802 1666 dicit:
826 1603 962 1679 Quinam
977 1625 1034 1667 vos
1053 1606 1125 1681 estis,

215 1687 266 1765 qui
288 1688 411 1770 tentatis
433 1688 476 1747 ita
495 1686 683 1747 Dominum?
704 1687 773 1747 Non
795 1692 841 1747 est
864 1689 923 1748 iste
949 1707 1062 1763 sermo,
1082 1689 1124 1767 qui
1160 1683 1161 1704 ¹

215 1768 454 1829 misericordiam
478 1778 637 1849 provocet,
660 1770 715 1830 sed
729 1771 898 1849 potius-qui
920 1772 999 1831 iram
1023 1772 1125 1831 excitet
1155 1843 1157 1848 Ι

215 1859 246 1912 et
267 1852 398 1912 furorem
422 1853 579 1913 accendat.
624 1853 772 1913 Posuistis
795 1871 850 1913 vos
864 1860 989 1933 tempus
1012 1856 1123 1914 misera-

215 1936 307 1995 tionis
329 1936 451 1995 Domini
484 1944 516 1995 et
543 1938 574 1995 iu
604 1935 759 1996 arbitrium
790 1943 925 1996 vestrum
959 1938 1040 1997 diem
1064 1953 1124 1997 oon·

216 2018 354 2078 stituistis
378 2018 428 2077 ei?
450 2019 526 2078 Mira
547 2026 621 2099 ergo
644 2020 764 2078 ratione
784 2018 927 2079 liberarit
951 2021 1051 2100 ipsam
1073 2020 1123 2079 Dc

216 2102 325 2175 minus,
349 2109 381 2160 ut
403 2102 502 2180 capite
524 2101 713 2162 Holofernen
736 2103 898 2179 truncaret,
918 2111 952 2163 et
974 2104 1124 2183 repelleret

214 2184 257 2243 ita
280 2185 445 2243 exercitum
469 2184 621 2259 chorbe,
653 2184 750 2244 iudith
773 2186 801 2247 8.
846 2184 897 2244 Sic
919 2186 960 2245 ad
980 2181 1124 2266 Ephesi

215 2285 337 2346 quoque
359 2267 469 2326 Paulus
503 2266 591 2340 dicit,
630 2267 711 2327 hunc
746 2286 815 2328 esse
846 2285 963 2329 morem
994 2270 1070 2348 Dei,
1101 2277 1124 2327 ut

216 2352 318 2409 omnia
341 2350 547 2430 faciat10nge
569 2350 629 2409 alia
652 2352 786 2427 ratione,
818 2370 856 2409 ac
888 2352 997 2412 meiius
1029 2352 1123 2424 mutto,

216 2450 305 2510 quarn
328 2452 385 2493 nos
408 2434 457 2492 vei
481 2452 571 2493 orare
594 2432 641 2492 vei
663 2434 835 2515 intelligere
857 2437 1024 2513 possimus.

298 2515 349 2576 Sic
369 2518 461 2596 igitur
482 2517 658 2591 sentiamus,
682 2516 774 2597 longe
789 2536 845 2577 nos
868 2516 1033 2578 inferiores
1058 2535 1124 2581 esse,

215 2617 305 2676 quam
329 2600 378 2677 qui
401 2606 571 2659 statuamus
594 2606 646 2657 eut
668 2599 909 2677 praescribamus
938 2602 969 2660 in
994 2603 1125 2661 oratioue

214 2688 321 2741 nostra
342 2682 409 2741 Deo
445 2681 492 2741 vel
522 2695 657 2760 tempus,
693 2682 743 2741 vel
772 2682 889 2761 locum,
923 2682 973 2743 rei
1000 2683 1126 2754 modun,

125 2823 127 2828 .
216 2763 265 2823 vel
288 2782 501 2844 quamcunque
524 2764 614 2824 aliam
639 2765 910 2842 circumstantiam,
944 2767 1001 2826 sed
1035 2767 1126 2828 omnis

215 2846 420 2926 relinquamus
449 2847 571 2907 divinae
593 2847 673 2907 illius
697 2848 862 2926 voluntati,
898 2856 930 2908 et
953 2857 1126 2912 constanter

218 2929 392 3009 credamus,
415 2938 499 2991 certo
521 2930 597 3007 fore,
621 2939 653 2990 ut
672 2950 730 2990 nos
754 2931 906 2991 exaudiat.

626 3014 718 3075 Finis.

382 3179 418 3238 Va
454 3179 601 3239 Concio
636 3178 682 3238 de
711 3179 965 3240 Matrimonia

299 3319 417 3392 Primo,
447 3337 515 3378 cum
537 3317 620 3378 Deus
643 3326 779 3379 creasset
800 3318 913 3396 Adam,
945 3319 1078 3382 adduxit
1097 3319 1127 3379 sd

215 3402 300 3462 illum
323 3402 426 3463 omnia
448 3402 621 3462 animantia.
665 3401 749 3462 inter
772 3420 851 3479 quae
874 3420 942 3461 cum
965 3422 1033 3463 nou
1057 3407 1128 3464 inre

216 3487 329 3545 niretur
352 3483 516 3563 quodpiam
539 3483 581 3542 illi
604 3485 783 3563 conforme,
811 3486 910 3563 iuquit
931 3484 1037 3547 Deus:
1069 3486 1127 3547 Nou

216 3574 263 3628 est
285 3566 413 3640 bonum,
448 3566 528 3645 quod
552 3565 650 3625 Adam
673 3567 757 3627 solus
780 3568 838 3644 sit,
866 3567 976 3626 faciam
1003 3572 1032 3630 ei
1055 3569 1128 3629 adiu-

217 3652 332 3726 tricem,
355 3669 433 3729 quae
455 3657 561 3729 parata
583 3651 622 3708 sit
643 3648 683 3709 ad
705 3669 838 3718 manum,
874 3648 915 3708 Et
938 3652 1069 3713 immisit
1090 3670 1128 3711 so·

214 3794 379 3804 ..W-..Q
389 3792 490 3801 ...μ-...η
499 3793 504 3799 .
521 3793 632 3798 .--.-.--....

236 3911 238 3915 Α
286 3856 319 3924 *)
339 3852 435 3909 Exod.
456 3852 501 3907 tt.
