2709 4417
391 388 401 400 κ
449 358 518 432 Xlll.
536 363 571 418 da
588 367 726 432 potestate
743 361 844 430 Papae.
1053 358 1116 424 345

200 544 390 623 adulatores,
413 551 438 611 si
457 550 534 610 baec
555 549 715 626 persuasio
739 567 844 608 eorum
873 565 930 606 nos
953 546 1068 625 ceperit
1088 551 1119 605 et

201 630 359 707 averterit,
383 650 444 693 non
469 633 561 691 licere
582 630 701 691 scilicet
723 649 827 706 eorum
851 628 933 688 dicta
954 647 1021 687 cum
1043 627 1118 689 iudi·

203 711 248 770 cio
280 711 400 791 legere,
415 750 417 757 ι
435 722 466 774 et
495 715 539 775 eis
568 713 642 772 solis
676 711 922 792 interpretandae
944 711 1118 791 Scripturas

202 793 266 852 iura
286 813 442 857 concessa
464 816 540 859 esse.
573 796 659 856 Tunc
682 797 761 855 enim
783 795 1003 874 (utAugustini
1025 793 1119 854 verbo

205 875 334 957 utarJ1J‘
355 898 428 940 vere
448 882 514 940 sine
536 880 671 958 periculo
694 880 840 958 primatus
862 878 950 936 huius
970 878 1001 936 in
1024 875 1119 936 ecole-

205 962 247 1018 sia
270 960 395 1040 luditur,
418 962 472 1022 sed
496 963 612 1037 mirum,
634 963 658 1020 si
682 980 743 1022 non
767 961 833 1020 Deo
857 967 887 1020 et
909 959 999 1020 nobis
1021 959 1118 1018 illudi·

152 1088 159 1092 .
206 1048 257 1101 tur.
303 1043 583 1122 Absit,absitista
606 1044 787 1124 plusquam
811 1043 1001 1122 Babylonica
1024 1041 1119 1125 capti-

206 1126 291 1187 vitas.

315 1242 458 1322 Sequitur
479 1264 560 1304 nunc
582 1245 793 1324 oppositorum
818 1240 994 1301 dissolutio:
1031 1230 1033 1236 ’

288 1359 394 1438 Aiunt,
417 1381 507 1421 omne
529 1360 736 1420 iusiurandum
766 1360 938 1420 aDomino
966 1358 996 1416 in
1030 1377 1119 1417 evan-

203 1442 287 1522 gelio
311 1461 381 1503 esse
402 1444 597 1523 prohibitum,
620 1462 678 1504 nec
700 1443 738 1503 ab
761 1441 909 1521 apostolis
932 1447 1003 1519 post
1017 1440 1119 1499 Domi-

203 1546 289 1599 num,
315 1528 424 1585 necin
448 1527 586 1587 couoiliis
609 1527 737 1587 inveniri
759 1545 851 1604 posse
873 1530 1028 1584 statutum.

288 1607 344 1668 His
362 1609 471 1671 ictibus
488 1609 743 1687 insuperabilibus
758 1614 928 1688 prostratus
943 1604 1013 1684 quid
1029 1604 1121 1682 dicat,

205 1689 376 1751 audiamus.
420 1691 499 1766 Quid
523 1700 570 1751 est
601 1711 692 1773 ergo,
726 1691 808 1770 quod
833 1690 981 1751 Dominus
1018 1687 1121 1748 subse·

205 1780 336 1852 quanter
364 1772 470 1856 ait*):
514 1773 603 1848 Quod
636 1775 766 1854 amplius
798 1780 861 1848 est,
895 1792 914 1831 a
944 1772 1025 1831 malo
1055 1769 1122 1831 est?

205 1855 267 1916 lroo
290 1857 372 1915 enirn
395 1856 540 1936 amplius,
571 1864 605 1917 ut
627 1858 786 1937 exigamus
815 1855 943 1931 malum,
976 1873 1034 1914 nos
1066 1853 1121 1915 illo

205 1939 403 2018 permittente
425 1938 591 2019 compellit.
638 1939 727 2014 Quod
757 1938 893 1999 Christus
922 1936 1064 2018 prohibet
1092 1942 1123 1996 ct

205 2028 315 2101 negat,
351 2021 403 2082 hic
437 2020 568 2083 affirmat
600 2028 631 2082 et
661 2023 820 2101 praecipit.
869 2021 1006 2082 Christus
1034 2020 1120 2080 dicit:

206 2103 298 2178 Quod
322 2105 452 2184 amplius
474 2112 530 2182 est,
553 2124 572 2164 a
594 2106 673 2166 malo
697 2111 758 2182 est,
787 2105 818 2164 id
841 2111 913 2180 est,
936 2122 999 2163 non
1032 2100 1140 2163 debet·

206 2187 281 2247 fieri.
325 2187 473 2266 Loquitur
495 2188 574 2247 enim
599 2187 637 2247 de
659 2188 812 2266 pronitate
832 2185 961 2262 iurandi,
983 2186 1049 2246 sine
1070 2203 1121 2246 ne·

207 2270 353 2329 cessitate
376 2270 491 2348 fratris,
514 2270 575 2330 hoc
596 2277 658 2349 est,
683 2269 721 2330 de
743 2268 869 2330 libidine
891 2268 1021 2346 iurandi,
1043 2269 1122 2331 siout

208 2353 365 2412 mulierem
389 2354 606 2432 concupiscere
649 2352 797 2432 robibuit,
832 2353 883 2431 qui
911 2359 1013 2412 tamen
1041 2350 1122 2412 debi-

208 2442 270 2495 tum
297 2435 478 2514 coniugibus
499 2374 689 2496 reddentium
711 2455 772 2496 non
796 2434 959 2515 prohibuit.
991 2435 1037 2494 lta
1058 2433 1122 2493 libi-

207 2517 309 2578 dinem
332 2517 460 2595 iurandi,
483 2538 544 2579 non
567 2519 768 2578 iuramentum
792 2517 925 2578 debiturn
959 2516 1122 2599 probibuit.

207 2601 263 2660 Hic
286 2600 369 2678 dicit,
389 2600 450 2661 hoc
471 2600 601 2680 amplius
623 2603 706 2682 cogit
728 2620 802 2678 nos,
836 2601 865 2660 id
889 2607 950 2676 est,
972 2598 1037 2660 lieri
1060 2617 1121 2658 om-

210 2685 280 2743 nino
304 2689 437 2765 oportet.
469 2683 529 2744 Sed
542 2683 701 2743 audiamus
723 2684 784 2745 hoc
806 2683 929 2760 malurn,
954 2681 1034 2761 quod
1060 2680 1122 2741 nul·

209 2766 253 2826 lus
276 2767 309 2826 in
333 2765 434 2827 verbis
457 2767 608 2847 evangelii
633 2768 779 2847 cogitavit
801 2785 944 2845 unquam.

289 2847 403 2909 Nonne
425 2849 535 2909 malum
559 2856 614 2925 est,
636 2851 748 2929 inquit,
772 2849 810 2910 ab
834 2849 985 2909 ecclesiae
1007 2847 1122 2907 unitate

209 2940 237 2992 et
259 2951 278 2992 a
302 2930 384 2991 sedis
408 2932 598 3011 apostolicae
620 2932 795 2993 obedientia
817 2931 942 3008 resilire,
964 2937 996 2990 et
1018 2936 1125 2990 contra

210 3033 361 3074 canonum
384 3020 496 3074 statuta
516 3033 725 3095 prorumpere,
748 3015 830 3094 quod
847 3015 929 3075 multi
944 3014 1035 3073 etiam
1054 3018 1124 3094 post

210 3098 389 3179 praestitum
413 3105 634 3157 sacramentum
658 3097 947 3179 praesumpserunt?
989 3095 1057 3176 Ego
1072 3114 1123 3176 pu-

210 3180 323 3254 tabam,
348 3178 430 3258 quod
453 3180 514 3239 boc
535 3181 647 3240 malum
672 3188 754 3241 esset
775 3183 1041 3261 interpretaturus,
1062 3196 1123 3238 non

209 3263 338 3343 diligere
373 3261 541 3340 Christum,
576 3282 638 3323 non
668 3283 795 3344 pascere
829 3283 917 3341 oves,
950 3269 981 3324 et
1018 3260 1123 3319 barum

210 3345 416 3406 sollicitudine
438 3346 580 3425 exemplo
604 3345 714 3407 Christi
737 3347 870 3426 torqueri
899 3345 938 3404 ad
966 3342 1125 3405 iuramenti

210 3429 414 3488 exactionem.
462 3431 587 3505 Verum,
609 3428 687 3489 haec
708 3429 844 3489 Christus
875 3428 1004 3489 aPetro
1027 3425 1124 3504 requi·

210 3519 271 3588 rat,
294 3511 387 3570 hodie
409 3509 592 3589 curandum,
616 3531 654 3572 ne
676 3512 714 3573 ab
737 3511 912 3572 obedientia
942 3510 1022 3571 sedis
1052 3526 1124 3588 apo·

213 3594 342 3655 stolicae
364 3594 500 3653 resiliant
522 3595 669 3675 episcopi.

214 3749 492 3756 -2.-.·.-...->.---—..⁴-
508 3750 523 3757 ..
544 3750 601 3757 .-n-.-
613 3751 628 3756 ..-

256 3800 283 3858 ¹)
303 3797 416 3849 laedit.
439 3780 549 3863 priore:
574 3799 691 3853 abutar.

246 3866 275 3927 Ἰ
294 3866 389 3920 Marta
410 3868 436 3921 5.
