2709 4417
334 348 392 400 suis
411 349 520 418 Lipsiae
550 344 697 419 disputatis
717 368 740 404 a.
764 349 836 408 XlX.
1013 331 1076 419 241

191 555 223 594 ιιι
257 555 327 597 sese
359 536 557 616 reprobantia
583 538 716 598 eoncilia
752 540 872 598 interim
903 540 977 600 satis
1017 560 1074 601 nos

192 627 237 678 tos
259 618 408 697 reddunt,
442 626 472 679 et
493 616 614 680 liberos
629 619 669 680 ad
692 621 970 705 contradioendum⁸
986 626 1074 684 utris-

191 720 225 760 1e.
267 700 357 776 Quae
393 704 475 764 enim
496 702 553 762 sibi
580 702 746 779 dissident,
780 705 827 763 oui
860 705 1074 766 convenient?

191 789 254 862 tque
275 784 355 845 baeo
376 786 488 863 latius,
510 784 577 845 Deo
600 784 714 863 dante,
742 804 810 845 oum
832 787 943 847 Eooius
965 790 995 847 in
1017 808 1070 868 pu·

191 866 263 925 ioum
286 887 322 927 se
344 868 474 929 dederit:

235 949 360 1029 Verum,
383 949 522 1031 quando,
545 958 578 1010 ut
599 950 672 1029 dixi,
699 951 758 1010 hoo
778 952 988 1032 disputatione
1010 973 1072 1013 ma·

191 1038 341 1112 stempus
371 1040 419 1094 est
439 1033 611 1113 perditum,
647 1052 738 1113 quam
772 1038 884 1094 veritas
921 1037 1070 1113 quaesita,

191 1114 223 1174 lo
244 1117 493 1196 propositionum
516 1134 652 1176 mearum
677 1116 884 1177 resolutiones
917 1119 947 1177 in
971 1118 1070 1178 lucem

191 1215 241 1273 re,
270 1197 422 1275 confisus,
458 1199 604 1258 maiorem
633 1199 819 1279 cognitionis
847 1199 976 1259 fructum
999 1200 1070 1259 hino

191 1288 390 1357 oveuturum,
413 1301 505 1360 quam
527 1283 552 1340 si
571 1280 617 1340 bis
640 1283 754 1361 septies
778 1280 817 1340 ad
840 1283 920 1342 buno
943 1282 1068 1342 modum

191 1369 328 1440 putetur.
352 1363 464 1445 Quare,
486 1365 511 1422 si
535 1365 583 1423 oui
610 1363 717 1423 videar
738 1383 850 1437 errare,
873 1384 942 1445 age,
964 1365 1069 1424 ooniu·

212 1463 361 1524 errorem,
375 1449 408 1505 si
431 1446 506 1522 odit,
527 1452 580 1505 aut
599 1448 732 1507 reotiora
753 1446 874 1524 doceat,
897 1449 922 1506 si
945 1446 1053 1528 diligit.

227 1527 352 1606 Habes,
374 1531 414 1590 mi
443 1530 601 1588 carissime
623 1527 799 1608 Spoletina,
822 1529 980 1590 historiam
1003 1531 1067 1588 fere

191 1628 266 1686 am,
296 1631 367 1671 nam
389 1613 415 1670 si
437 1604 497 1690 qua
519 1611 580 1669 alia
602 1630 665 1671 nou
688 1611 771 1689 dixi,
803 1611 842 1671 ud
863 1613 1066 1671 reverentiam

191 1692 362 1753 ,iversitatis
383 1694 568 1773 Lipsiensis,
591 1693 664 1752 mihi
687 1695 885 1770 carissimae,
907 1713 970 1753 nou
993 1692 1066 1771 dixi,

206 1777 290 1854 regis
315 1776 456 1837 idumeae
477 1795 549 1835 ossa
567 1774 605 1834 ad
619 1777 737 1835 uiueres
756 1775 940 1856 redigerem.
963 1775 1065 1849 Quon-

191 1875 239 1915 sm
261 1859 320 1917 uisi
343 1861 452 1920 soirem
475 1859 535 1918 hoo
558 1858 631 1916 meis
652 1860 789 1937 pennatis
812 1859 962 1935 debitum,
991 1859 1064 1917 satis

191 1938 272 2016 ligne
293 1942 413 2022 ferrem,
437 1962 486 2000 me
508 1947 570 2000 tam
587 1941 740 2000 sterilibus
763 1943 895 2020 negotiis
919 1941 1064 2020 occupari

212 2021 430 2103 indulgentiis,
464 2025 595 2103 primatu
618 2030 649 2083 et
669 2023 854 2105 privilegiis,
877 2024 1007 2103 aliisque
1025 2022 1065 2082 ad

191 2105 275 2164 lutem
298 2106 373 2165 nihil
394 2107 578 2166 necessariis
601 2106 714 2184 rebus,
748 2108 857 2185 quibus
879 2106 918 2166 ab
940 2106 1063 2186 optimis

191 2193 252 2246 stro
276 2189 380 2250 seoulo
409 2189 516 2249 studiis
538 2207 654 2249 avooor
686 2187 942 2270 indignabundus.
985 2189 1063 2248 Num

206 2268 421 2333 illustrissimus
444 2271 589 2350 Prinoeps
611 2271 681 2330 Dux
704 2271 856 2352 Georgius
892 2271 1062 2351 prudentis-

191 2371 225 2410 ne
246 2353 352 2414 ambos
376 2374 433 2415 nos
455 2354 619 2414 verberans
643 2354 734 2414 dixit:
764 2355 834 2415 Sive
856 2355 916 2414 hoo
937 2355 977 2413 sit
996 2355 1062 2430 iure
1125 2418 1127 2423 ,

191 2435 260 2512 vino,
281 2436 347 2495 sive
369 2437 520 2517 humano,
553 2437 642 2497 Rom.
664 2437 806 2517 pontifex
834 2443 881 2496 est
908 2443 938 2496 et
960 2443 1063 2495 manet

191 2516 281 2576 snmus
303 2517 462 2597 Pontifex,
483 2520 526 2579 ita
548 2539 620 2580 vere
642 2518 728 2600 dixit,
751 2527 783 2579 et
804 2530 870 2579 nou
888 2518 997 2578 leviter
1018 2519 1062 2576 in·

191 2597 250 2658 ilem
271 2600 351 2661 hano
369 2609 504 2662 nostram
527 2601 765 2681 disputationem
781 2602 891 2680 insigni
914 2601 973 2660 han
994 2620 1060 2661 mo·

191 2682 245 2740 tutia
265 2685 391 2744 taxavit.
812 2756 814 2761 Ι

229 2764 393 2826 Persuasus
414 2786 490 2826 vero
517 2784 604 2845 sum,
636 2767 688 2825 ubi
716 2767 793 2826 haeo
820 2765 929 2825 viderit
950 2765 1060 2825 Eooius

191 2864 231 2906 eus
249 2847 447 2928 ueniamque
469 2850 581 2926 saotio,
616 2851 717 2909 statim
741 2849 960 2910 vociferaturos
981 2867 1059 2923 esse,

191 2949 210 2988 u
230 2950 369 2991 servasse
392 2951 439 2990 me
461 2932 586 3009 foedus,
615 2951 673 2992 neo
695 2933 891 2991 conventioni
913 2932 1060 3010 paruisse,

191 3012 200 3070 l
219 3021 427 3092 oautum‘est,
461 3034 500 3073 ne
523 3014 689 3093 disputatio
711 3015 885 3094 invulgetur
914 3021 986 3074 ante
1008 3011 1059 3071 de·

191 3101 256 3154 etum
288 3097 442 3174 iudicum,
480 3097 566 3176 quasi
602 3101 675 3157 ver'o
697 3097 790 3156 ullum
818 3104 939 3177 paetum
969 3095 1058 3155 nobis

193 3196 278 3256 quum
301 3181 492 3239 servaverint
525 3180 592 3260 ipsi.
635 3180 823 3259 Respondeo
852 3187 974 3252 tomen,
1009 3195 1057 3236 me

191 3263 336 3337 uvenisse,
358 3282 398 3322 ne
420 3281 475 3341 per
485 3282 542 3322 nos
557 3263 723 3342 disputatio
738 3264 897 3344 evulgetur
910 3281 956 3337 ea,
978 3278 1058 3338 quae

191 3363 233 3402 nu
247 3345 436 3405 notariorum
448 3354 579 3425 excepta
591 3352 648 3423 est,
658 3356 761 3406 oet-era
774 3367 847 3408 vero
859 3343 1056 3422 exemplaria,

191 3433 220 3485 nt
252 3428 485 3506 permittebatur
521 3428 646 3488 ouilibet
671 3429 728 3489 sibi
758 3431 865 3491 eadem
892 3423 1057 3504 colligendi

191 3514 289 3588 testas,
304 3512 371 3588 quis
394 3510 567 3589 prohibebit
587 3530 627 3571 ne
640 3511 795 3573 edantur?
818 3512 878 3573 Sed
901 3516 978 3585 esto,
999 3524 1058 3565 noo

191 3591 376 3670 sedantur,
407 3613 507 3652 meum
530 3595 641 3655 notarii
663 3597 821 3676 exemplar
848 3613 910 3654 nou
939 3589 1055 3667 edetur,

192 3673 265 3734 ohre
286 3676 330 3734 ita
350 3682 474 3736 servato
479 3684 583 3756 paeto.
607 3678 733 3759 Verum,
753 3699 794 3740 ne
815 3683 974 3761 praeterea
985 3672 1056 3731 sori·

191 3760 240 3844 ἔζη,
255 3774 328 3845 ‚11011
346 3758 466 3836 pepigi,
491 3761 557 3822 imo
572 3764 680 3844 palam
691 3770 887 3848 protestatus
898 3778 984 3836 sum,
999 3773 1073 3816 oum

191 3832 319 3891 nonbus
339 3846 482 3902 nostram
506 3845 699 3916 libertatem
725 3847 973 3948 conditionibus
992 3856 1091 3903 uexa-

191 3941 225 3977 014
237 3953 291 3991 θυι·
309 3947 335 3988 V·
351 3952 382 3992 Α.
396 3956 429 3995 au
444 3961 487 4001 ror.
506 3964 564 4009 ursa
584 3972 602 4014 ι.
620 3986 644 4026 p.
661 3977 723 4021 vor.
736 3981 787 4022 ιιι.
912 3956 964 4025 'lb
