2709 4417
240 352 284 427 ro
443 353 603 422 stuprata
620 312 729 422 marae
748 354 843 417 aesta
861 369 886 406 a
907 352 966 405 xix

345 490 349 498 .
624 488 631 521 ,
910 490 914 509 ,

242 560 297 611 sua
330 538 503 620 superbiam
527 539 721 608 Pstriarcbae
743 538 1077 618 Constantinopolitani
1105 542 1138 605 in·

241 623 408 704 fringeret,
459 641 530 688 uam
553 622 636 701 quod
657 623 792 702 suspicio
816 622 961 684 motionis
984 629 1037 689 aut
1056 643 1137 702 super·

242 706 312 769 biae
333 706 372 766 de
396 723 435 767 eo
477 705 627 769 uberetur.
665 705 755 767 Unde
786 709 879 773 etium
902 705 1031 768 Servum
1059 726 1139 770 serso

240 809 307 857 rum
327 809 362 850 se
384 789 498 868 primus
520 788 650 868 scripsit.
673 789 713 851 ut
736 790 817 868 quod
839 789 901 853 boc
923 789 963 848 sit
982 809 1099 868 verum,
1122 793 1139 853 si

242 878 303 935 tem
335 870 467 953 diligens
502 877 550 932 est
575 872 736 935 reverend.
767 873 858 937 Peter
883 872 1027 953 Gregorii
1053 873 1140 953 lector,

241 956 342 1036 potuit
362 957 393 1015 in
415 953 551 1015 eiusdem
574 955 715 1034 Epistola
735 957 839 1038 legere
871 957 968 1026 (sicut
989 958 1140 1036 transponi·

242 1047 289 1098 tur
310 1039 341 1098 in
362 1039 484 1098 Decret.
508 1040 615 1105 can2.
638 1057 667 1115 p.
691 1039 720 1101 6.
743 1039 782 1100 de
803 1046 934 1111 cetero),
959 1038 1010 1099 ubi
1024 1043 1139 1118 potesta:

241 1122 279 1183 tis
302 1139 376 1183 suae
398 1139 515 1181 memor
538 1120 724 1182 humillimus
737 1123 826 1184 Pater
848 1122 1022 1187 diuitiarum
1043 1129 1072 1182 et
1090 1123 1141 1202 glo·

240 1205 305 1269 riae
326 1210 523 1283 contemptor
553 1203 673 1265 scribit:
707 1206 796 1267 Alios
818 1206 1001 1285 episcopos,
1029 1213 1141 1283 praeter·

242 1306 333 1367 quam
354 1288 549 1360 Romanum,
581 1288 612 1347 in
640 1293 760 1366 purtem
787 1295 914 1352 vocatos
937 1287 1141 1366 sollicitudinis

241 1388 305 1433 uon
327 1372 358 1430 in
382 1369 605 1449 plenitudinem
626 1372 801 1450 potestatis.
836 1371 936 1433 Nemo
959 1378 1016 1448 est,
1039 1373 1087 1449 qui
1105 1371 1142 1433 lic

242 1452 380 1515 dubitare
395 1455 504 1533 possit,
528 1454 600 1530 quin
623 1452 749 1532 reliquis
761 1455 917 1534 episcopis
930 1460 1058 1596 perttenr
1070 1455 1141 1515 lton

241 1555 315 1598 vero
339 1534 481 1599 Pontifici
515 1535 738 1615 plenitudinem
772 1557 811 1599 ex
841 1556 981 1618 gramme
982 1538 1043 1598 tico
1068 1557 1141 1598 sensu

241 1619 315 1683 dure
336 1619 420 1680 velit.
449 1617 496 1679 Ob
519 1618 549 1678 id
572 1637 665 1699 rogo,
687 1620 847 1683 reverend.
879 1621 969 1681 Pater
991 1639 1051 1696 ea
1080 1640 1141 1699 quae

241 1703 410 1780 dictasunt,
434 1701 483 1762 vel
505 1721 560 1780 per
572 1701 651 1762 alios
665 1703 715 1763 vei
737 1723 792 1783 per
812 1723 871 1775 me
897 1722 960 1764 non
973 1722 1092 1782 semper
1104 1723 1139 1766 ve

242 1785 277 1846 lit
297 1786 425 1849 relicere
446 1785 479 1844 in
512 1784 701 1846 adulationis
721 1786 870 1864 studium,
909 1785 1140 1866 quippeuduluri

241 1888 304 1935 nou
325 1867 427 1944 didici,
449 1866 567 1928 adulari
590 1870 682 1939 etiam
705 1871 823 1932 nescio.

384 2033 478 2095 sexta
500 2032 549 2095 die
570 2033 645 2098 Julii
665 2035 752 2097 Horu
773 2034 1024 2119 septimanario.
1111 2063 1115 2076 ι

470 2197 659 2260 Martinus
683 2218 850 2260 exorsus
873 2207 942 2258 est

327 2363 492 2442 Postquam
514 2363 579 2424 heri
603 2365 803 2446 egregiueD.
827 2364 863 2424 D.
886 2382 949 2424 non
972 2314 1081 2458 partis,
1099 2363 1140 2426 sed

238 2445 346 2505 iudicis
359 2445 493 2507 officium
517 2465 667 2526 usurpans
681 2454 792 2510 contra
804 2447 1023 2512 conventionis
1037 2453 1140 2525 pactum

240 2535 272 2589 et
293 2528 435 2589 voluntat
422 2536 484 2591 tem
506 2529 701 2590 illustrissimi
716 2531 865 2609 Principis
878 2529 1014 2609 Georgii,
1038 2529 1141 2589 Patroni

240 2611 354 2691 nostri
384 2631 433 2673 me
454 2614 547 2677 toties
582 2611 721 2674 delinivit
745 2620 777 2675 et
807 2611 1011 2692 proclamavit
1031 2611 1139 2672 haereti

239 2715 318 2772 cum,
341 2714 410 2755 cum
433 2698 480 2757 sui
503 2695 596 2757 offleii
619 2697 727 2758 luisset
748 2697 848 2757 solum
871 2694 1013 2754 adductis
1033 2693 1140 2754 rationi

239 2777 295 2841 bus
318 2785 348 2838 et
361 2779 573 2840 autoritatibus
594 2778 745 2841 iudicibus
767 2779 950 2857 relinquere,
973 2796 1071 2839 essem
1082 2777 1139 2837 bac

238 2862 350 2940 relicus
373 2880 489 2940 necne,
521 2863 551 2922 in
575 2881 653 2940 quo,
686 2866 710 2922 si
745 2882 807 2924 non
830 2868 879 2921 est
899 2860 1016 2921 violato
1037 2860 1140 2940 publice

238 2943 325 3023 fides,
347 2943 480 3006 viderint
467 2945 540 3021 tbi,
563 2964 692 3023 quorum
715 2947 851 3006 interest.

316 2989 370 3087 'Au
392 3045 515 3089 causam
539 3030 670 3125 primum
692 3029 815 3107 obiecit,
838 3025 921 3105 quod
944 3043 1063 3086 errores
1076 3025 1139 3085 lluss

237 3109 505 3188 pestilentissimos
529 3112 708 3175 vocaverim
726 3075 1013 3185 christianissimos,
1036 3108 1138 3186 dequo

238 3198 335 3255 testor
356 3212 454 3257 meam
478 3195 697 3256 innocentiam.
720 3193 785 3254 Nec
806 3194 867 3254 hoc
888 3193 1003 3271 poterit
1024 3209 1138 3270 unquam

236 3275 378 3355 probare,
401 3282 440 3336 et
453 3277 627 3356 expostulo,
650 3283 684 3336 ut
704 3277 842 3356 assignet
862 3275 990 3337 eosdem
1002 3273 1137 3345 articulos,

236 3376 313 3437 quos
353 3366 423 3439 pest
411 3358 622 3419 tilentissimos
659 3361 834 3420 vocaverim
877 3358 1137 3433 christianissimos,

238 3447 295 3502 aut
313 3461 422 3503 vocem
446 3461 532 3502 suam
554 3450 690 3503 revocet

317 3524 460 3587 Secundo
473 3527 613 3585 oriminat
614 3546 657 3602 ur,
669 3523 753 3604 quod
766 3525 1015 3587 commiscuerim
1023 3522 1138 3585 Sanctus

235 3605 374 3669 Graecos
395 3627 463 3668 cum
487 3609 700 3671 schismaticis
737 3607 817 3682 Quid
846 3608 928 3668 aliud
949 3607 1079 3684 moeret,
1098 3603 1139 3683 qui

231 3708 295 3753 uon
317 3690 446 3755 liaberet
468 3691 550 3771 quod
573 3691 701 3768 diceret,
723 3709 793 3751 oum
812 3692 1014 3751 certissimum
1030 3691 1141 3753 situn-

212 3790 299 3851 pors
319 3777 498 3840 nouissime
521 3782 668 3841 vastatae
692 3772 992 3851 (tonabantinopolis
1000 3770 1115 3833 birsae
1111 3787 1148 3825 m·
