2709 4417
430 341 570 411 parandus
588 344 698 397 animus
716 342 753 397 ad
770 348 896 397 mortem.
1064 340 1126 407 461

204 530 284 589 riam
305 531 426 610 peccati
457 536 489 591 et
515 532 622 591 mortis
652 550 709 610 per
728 531 892 591 Dominum
922 538 1058 593 nostrum
1079 531 1125 592 Ie-

205 631 276 673 sum
298 612 461 674 Christum.

291 695 502 775 Duodecimo,
536 697 614 756 sicut
647 703 749 756 autem
783 695 821 772 de
855 706 985 776 peccato
1019 706 1051 756 et
1086 695 1126 757 de

207 786 311 840 morte
331 780 516 856 monuimus,
537 780 580 839 ita
602 796 725 858 quoque
747 778 786 838 de
805 779 923 840 inferno
947 788 978 839 et
999 788 1126 841 aeterna

206 860 409 925 damnatione
429 861 575 942 dicimus,
605 863 690 922 cuius
717 864 819 942 imago
842 862 991 940 quaedam
1014 872 1062 923 est
1082 865 1125 922 in-

206 945 364 1007 cludenda
383 946 415 1005 in
437 946 590 1023 animum,
618 964 680 1005 non
703 945 792 1023 talis,
818 945 915 1023 quahs
943 952 995 1005 aut
1015 965 1071 1025 per
1091 965 1125 1005 se

207 1036 267 1107 eat,
289 1036 345 1089 out
365 1028 463 1108 qualis
484 1030 516 1088 in
538 1029 591 1105 iis,
614 1029 665 1107 qui
687 1026 823 1088 &innati
844 1036 930 1107 sunt,
954 1046 1021 1088 esse
1044 1028 1124 1089 vide-

205 1118 264 1175 tur.
309 1112 388 1172 Nam
422 1113 448 1172 si
473 1118 504 1172 te
530 1111 583 1171 ilie
608 1113 718 1191 ingens
746 1130 809 1171 non
830 1111 1125 1191 praedestinatorum

204 1194 365 1257 hominum
387 1213 531 1256 numerus
552 1194 716 1255 sollicitum
736 1193 859 1271 habeat,
878 1194 1047 1274 periculum
1069 1201 1125 1273 est,

206 1297 247 1337 ne
269 1279 372 1339 statim
393 1278 447 1337 ilia
468 1278 615 1358 cogitatio
639 1283 669 1337 te
690 1277 744 1337 det
763 1279 962 1356 praecipitem
989 1287 1019 1336 et
1042 1296 1125 1338 ever-

206 1367 261 1424 tat.
305 1361 363 1421 Est
390 1362 482 1442 igitur
511 1362 539 1419 vi
562 1360 693 1439 quadam
714 1361 986 1441 perrumpendum,
1020 1367 1051 1419 et
1075 1379 1124 1420 oc

206 1443 352 1504 cludendi
380 1452 451 1505 sunt
478 1443 576 1521 oculi,
610 1463 649 1504 ne
676 1452 845 1523 conspectu
873 1443 955 1502 illius
984 1445 1124 1522 imaginis

206 1534 386 1588 terreamur.
429 1527 537 1606 Neque
566 1527 647 1587 euim
675 1525 753 1586 haec
784 1527 929 1606 cogitatio
963 1528 1123 1606 quicquam

205 1610 297 1671 nobis
320 1610 456 1692 prodest,
473 1612 530 1671 etsi
553 1628 620 1669 eam
643 1608 822 1689 permultos
843 1629 943 1670 annos
962 1610 1124 1670 nobiscum

206 1694 438 1772 agitaverimus,
460 1693 515 1754 sed
537 1693 719 1772 gravissime
740 1692 836 1753 laedit
855 1694 967 1772 potius.
1000 1690 1124 1773 Defiges

206 1777 299 1856 igitur
321 1777 430 1837 oculos
458 1777 489 1836 in
514 1775 683 1837 coelestem
711 1775 795 1836 illam
818 1775 929 1836 Christi
949 1778 1124 1856 imaginem,

207 1860 258 1937 qui
279 1865 459 1939 propterte
481 1858 640 1919 descendit
661 1857 701 1918 ad
721 1859 851 1938 inferos,
879 1878 947 1919 cum
969 1866 1051 1918 esset
1073 1879 1124 1919 an·

207 1948 258 2002 tea
280 1944 312 2000 in
335 1960 425 2002 cruce
447 1961 466 2001 a
487 1942 554 2002 Deo
579 1942 759 2020 derelictus,
783 1962 849 2003 non
871 1943 959 2002 aliter
980 1947 1073 2021 atque
1094 1943 1125 2021 ii,

208 2026 258 2102 qui
285 2026 442 2104 perpetuis
470 2025 579 2085 inferni
608 2025 790 2085 cruciatibus
818 2024 930 2085 addicti
952 2034 1031 2087 suut.
1074 2025 1125 2086 Sic

208 2109 288 2167 enim
312 2106 505 2168 exclamabat
526 2110 556 2167 in
579 2126 684 2168 cruce:
706 2109 790 2169 Dens
812 2128 907 2187 meus,
928 2110 1011 2169 Deus
1028 2128 1123 2184 meus,

207 2208 301 2270 quare
324 2210 373 2250 me
393 2191 591 2269 dereliquisti.

288 2271 327 2335 ln
348 2273 407 2332 hac
428 2274 539 2335 Christi
559 2275 695 2354 imagine
717 2275 818 2354 vides,
840 2274 922 2353 quod
945 2283 976 2334 et
997 2282 1124 2354 peecata

205 2358 314 2417 omnia
335 2359 395 2417 sint
416 2357 554 2435 devicta,
587 2364 618 2417 et
639 2357 877 2442 praedestinatio
902 2356 940 2417 de
964 2366 993 2417 tc
1017 2356 1124 2417 confir-

205 2447 291 2500 mata
314 2448 345 2500 et
366 2439 550 2520 certificata,
589 2440 628 2500 dc
659 2461 722 2522 qua
748 2441 824 2501 elias
848 2449 948 2500 certus
971 2459 1123 2501 essenon

204 2530 341 2603 poteras.
385 2523 418 2584 si
445 2525 525 2583 enim
560 2524 641 2584 hoec
667 2543 717 2585 res
748 2530 778 2584 te
809 2524 975 2584 sollicitum
1003 2523 1124 2602 habeat,

204 2613 238 2665 et
262 2613 294 2665 tu
316 2605 444 2667 firmiter
464 2608 525 2668 ista
547 2607 670 2685 eredas,
704 2615 766 2667 tum
796 2615 826 2667 te
853 2606 930 2666 fides
950 2606 1002 2666 illa
1025 2626 1123 2667 serva·

205 2688 260 2750 hit.
289 2688 382 2749 Nulla
403 2691 495 2770 igitur
516 2698 600 2750 tanta
620 2709 669 2750 res
691 2691 826 2750 animum
847 2690 1010 2769 occupabit
1030 2697 1125 2769 tunm,

205 2789 288 2851 quae
316 2770 397 2831 hanc
417 2774 582 2853 imaginem
605 2774 766 2851 obscuret,
798 2779 851 2832 aut
872 2775 989 2853 eripiat.
1034 2773 1123 2848 Quod

205 2855 233 2914 si
256 2855 330 2933 quid
352 2855 405 2915 tibi
427 2855 529 2933 deest,
564 2874 691 2935 quaeres
712 2855 788 2916 illud
809 2875 872 2917 non
894 2858 925 2916 in
950 2866 994 2935 te,
1017 2856 1124 2917 sedin

205 2937 342 3016 Christo,
363 2945 395 2998 et
415 2939 482 2998 sine
505 2938 597 3000 dubio
617 2941 767 2999 invenies.
1016 2990 1018 2995 .

290 3019 350 3096 Qui
377 3022 470 3101 igitur
491 3022 642 3082 Christum
673 3029 705 3082 et
727 3022 858 3084 Sanctos
886 3025 950 3083 eius
978 3023 1018 3082 ad
1044 3024 1125 3083 huno

207 3104 334 3166 modum
355 3105 520 3181 intuentur,
542 3113 574 3169 et
594 3106 724 3185 gratiam
735 3106 803 3185 Dei,
825 3125 886 3185 qua
906 3107 1125 3185 praedestinati

206 3195 240 3248 et
260 3188 374 3248 servati
396 3194 481 3265 sunt,
514 3188 731 3249 commendant
752 3208 790 3249 eo
810 3190 956 3269 probant,
978 3191 1022 3250 ilii
1052 3207 1124 3267 quo-

206 3289 267 3351 que
304 3269 523 3351 praedestinati
566 3280 597 3332 et
634 3273 724 3332 electi
758 3280 838 3336 sunt.
899 3273 983 3333 Sicut
1015 3271 1125 3332 dicitur

206 3353 307 3415 Gene.
331 3356 384 3416 12:
416 3353 546 3433 Omnes,
576 3356 626 3434 qui
648 3355 702 3415 tihi
724 3356 922 3432 benedicunt,
944 3355 1124 3416 benedicen-

206 3443 256 3497 tur
277 3443 309 3497 et
328 3438 396 3516 ipsi.
425 3435 483 3511 Qui
504 3445 607 3499 eutem
630 3457 693 3498 non
714 3439 819 3500 initio
841 3443 958 3520 gratioe
980 3439 1122 3517 exemplo

205 3519 349 3601 haerent,
377 3520 484 3581 sedin
507 3540 542 3584 se
563 3540 711 3601 suamque
734 3524 827 3583 vitam
849 3522 987 3603 defigunt
1007 3523 1125 3601 coulos,
1220 3537 1221 3543 ¹

204 3605 238 3664 in
266 3604 328 3663 iliis
359 3604 513 3683 quoddam
537 3624 609 3686 erga
630 3607 730 3665 Deum
753 3615 784 3667 et
804 3608 935 3669 Sanctos
957 3609 1022 3667 eius
1044 3607 1124 3666 cxci-

205 3687 320 3749 tabitcr
341 3688 454 3767 odium,
475 3689 519 3748 ita
542 3697 575 3748 ut
596 3691 722 3750 omnino
744 3698 883 3771 pereant,
903 3690 935 3751 id
957 3690 1038 3770 qnod
1060 3708 1124 3749 om·

199 3772 276 3828 nino
297 3770 462 3849 diiigenter
482 3772 659 3837 cavendum
682 3782 751 3856 est,
775 3797 852 3839 narn
869 3775 972 3838 huten
991 3773 1134 3834 omnihus

192 3851 306 3909 rr'n'hus
327 3855 497 3938 annitatur,
522 3865 556 3920 ut
580 3861 612 3924 id
636 3861 772 3928 efficiat.
