2709 4417
383 376 387 383 .
443 349 462 386 s
484 333 607 389 iiotsriis
622 337 749 403 sxaeptu
1007 331 1069 399 145
1174 346 1182 375 ⁴

187 536 234 580 ue.
276 517 340 580 Sed
361 537 443 598 quae
463 522 537 580 tuno
557 523 605 579 est
625 517 687 579 ista
708 515 888 595 obstinatia,
920 517 946 577 si
968 517 1071 598 Augu·

187 604 262 662 iurum
285 601 442 680 eonoedit,
469 620 561 664 omne
592 602 732 662 meritum
753 600 805 661 bie
825 602 1014 680 eomparari,
1037 608 1071 661 ut

187 692 233 746 eat
262 685 394 765 gratiam
430 686 463 747 iu
493 684 670 763 animabus,
707 684 800 745 etiam
826 684 857 743 in
889 684 1068 765 purgatorio

187 787 266 829 ren.

195 789 340 930 glisque
362 850 446 913 valet
469 851 503 911 iu
526 850 701 930 praesentia
723 849 883 930 collyrium
912 868 1000 910 sunm
1028 847 1069 910 ed

187 952 259 995 nnes
271 935 463 1013 autoritates,
484 952 561 1013 quas
582 930 657 995 dieit
678 951 742 995 non
762 931 848 1012 loqui
869 931 908 1009 de
926 938 1068 1013 purgato·
1125 1000 1129 1013 Ι

187 1036 209 1096 r,
227 1035 298 1077 nam
320 1017 355 1078 B.
378 1017 566 1098 Augustinus
577 1015 653 1077 illud
668 1016 750 1076 idem
764 1015 850 1094 dixit,
873 1034 941 1075 oum
954 1014 993 1075 de
1005 1017 1068 1077 ani·

187 1099 257 1161 abus
285 1101 317 1159 in
338 1100 519 1181 purgatorio
541 1104 704 1174 tractaret,
738 1103 769 1159 et
795 1100 827 1159 in
849 1098 945 1159 lineb.
978 1105 1010 1159 et
1035 1099 1067 1159 in

187 1200 227 1244 tro
248 1182 289 1242 de
309 1201 384 1243 eura
404 1200 461 1262 pro
483 1182 611 1243 mortuis
632 1180 756 1262 agenda
776 1200 803 1243 e.
827 1186 855 1244 1.
886 1181 963 1241 liam
996 1188 1069 1260 post

187 1271 280 1327 ortem
303 1284 366 1327 non
387 1283 551 1345 possumus
573 1284 666 1345 agere
684 1263 769 1344 quod
790 1263 926 1344 prodest,
948 1263 1002 1324 sed
1023 1284 1068 1324 re·

187 1367 252 1491 tt?
266 1347 670 1509 &Substitit
691 1347 1068 1510 imitabili.

187 1532 240 1575 sse
261 1520 402 1594 possunt,
426 1514 498 1593 quia
519 1512 594 1573 nihil
616 1512 825 1573 mererentur?
868 1513 1007 1575 Reeurrit
1028 1512 1067 1573 ud

187 1615 224 1676 te,
251 1602 285 1657 ut
313 1598 346 1657 in
373 1597 438 1657 vitu
460 1596 638 1675 meruerint,
668 1595 751 1675 quod
780 1595 825 1656 eis
845 1603 918 1677 post
938 1602 1066 1657 mortem

187 1678 330 1758 adesset,
360 1697 455 1759 quare
479 1678 590 1739 frustra
610 1677 766 1739 nitebatur
787 1696 837 1739 me
858 1680 1007 1739 instruere
1029 1677 1068 1739 de

187 1781 238 1824 nsu
260 1781 343 1840 suo,
375 1781 467 1841 quem
489 1762 562 1823 satis
584 1761 664 1823 bene
698 1762 814 1842 aooepi.
856 1750 922 1823 Ne'o
943 1780 1068 1842 persua·

187 1844 289 1907 uneula
322 1865 379 1906 sua
399 1844 562 1925 quidquem
588 1846 736 1905 momenti
761 1843 855 1905 habet
881 1844 963 1925 apud
984 1843 1068 1905 cbri-

187 1929 293 2008 iunum,
316 1929 389 2009 quia
398 1927 534 1989 venialia
543 1946 606 1988 non
617 1928 809 1988 remittentur
825 1928 892 1988 sine
902 1932 1068 2008 augmento

187 2012 277 2075 stiae.
298 2010 414 2075 Probet
433 2011 495 2072 hoo
516 2009 703 2072 reverendus
725 2009 823 2075 Pater.
845 2010 937 2072 Nulla
957 2011 1067 2070 autori·

187 2100 215 2156 ta
234 2094 298 2157 boo
312 2101 369 2159 ,est
388 2093 535 2167 iuloitum,
556 2093 619 2155 imo
643 2099 690 2154 est
710 2092 841 2172 falsum,
870 2113 937 2154 oum
960 2111 1067 2174 peoea

188 2197 215 2239 m
236 2178 360 2240 reniale
374 2175 430 2238 Dei
455 2174 604 2238 offensam
625 2174 688 2237 iron
709 2174 802 2238 faeiat
823 2196 861 2238 ex
874 2177 932 2237 Dei
954 2176 1068 2237 miseri-
1162 2170 1175 2193 ⁶

187 2260 266 2340 rdia,
286 2280 352 2323 non
374 2279 452 2341 opus
474 2265 522 2320 est
541 2278 624 2320 nova
644 2258 744 2340 gratia
764 2260 796 2320 in
817 2261 882 2321 eius
904 2259 1068 2339 deletione,

188 2342 351 2422 dsutiioit,
373 2341 456 2422 quod
479 2342 587 2421 aliquis
609 2360 665 2422 pro
688 2362 726 2404 eo
749 2343 822 2403 satis
843 2339 985 2424 patiatur.
1118 2410 1121 2421 Ι

232 2423 327 2510 Quod
348 2445 423 2486 vero
445 2425 581 2487 seeundo
602 2424 674 2486 loeo
697 2432 825 2493 excusat
845 2446 878 2486 se
900 2424 939 2486 de
954 2443 1068 2502 errore,

187 2511 222 2572 ria
243 2529 308 2571 non
330 2509 421 2570 video
442 2527 534 2570 unam
556 2508 674 2568 literam
697 2507 859 2569 adductam
880 2527 936 2589 per
952 2509 989 2570 D.
1013 2507 1068 2568 Pn-

187 2611 228 2654 am
249 2611 306 2674 pro
327 2611 384 2652 sua
405 2609 488 2653 nova
508 2590 663 2652 doetrina:
685 2590 757 2653 ideo
780 2594 887 2653 merito
910 2590 1002 2652 debet
1022 2610 1067 2651 re-

186 2676 250 2736 itari
272 2681 426 2756 suspecta,
449 2662 517 2734 ourir
530 2674 735 2735 recentiorum
759 2675 974 2755 theologorum
997 2691 1065 2736 sen·
1120 2714 1124 2721 -

187 2760 247 2820 ntia
279 2764 326 2819 tot
354 2776 460 2819 saurae
489 2756 664 2838 Scripturas
692 2762 723 2818 et
744 2765 921 2819 sanatorum
944 2756 1066 2818 Patrum

187 2847 263 2902 tatur
283 2839 506 2902 autoritatibus.
527 2840 594 2901 Neo
614 2838 675 2900 hoo
696 2846 833 2920 exeusut,
848 2839 938 2921 uquod
960 2841 1068 2920 aliqui-

187 2944 211 2987 ιο
230 2926 362 3005 imponit
383 2925 484 2984 faeere
496 2924 660 3003 opiniones
681 2922 820 2985 Thomas
842 2924 891 2985 vel
906 2924 990 2987 Booti
1012 2925 1067 2984 sio·

187 3008 350 3069 ·artioulos
371 3006 459 3084 fidei,
494 3005 533 3067 de
554 3025 625 3086 quo¹
641 3006 713 3067 mihi
734 3026 797 3067 non
820 3013 950 3069 constat
998 3007 1066 3087 Ego

187 3108 216 3151 rn
229 3090 381 3152 Thomum
403 3089 456 3151 vel
478 3088 625 3166 Scotum,
646 3089 702 3150 sed
724 3090 893 3150 clarissima
916 3089 1066 3151 eeclesiae

187 3174 266 3235 ruina
285 3192 356 3234 oum
389 3191 478 3234 saera
498 3171 654 3252 Scriptura
682 3170 816 3251 adduxi,
850 3173 960 3235 viderit
989 3175 1066 3253 ipse,

187 3275 229 3318 uos
255 3256 458 3336 flreologistas
478 3256 608 3321 ineuset.

235 3339 338 3401 Tertio
367 3338 408 3398 ed
430 3337 638 3419 ¹Augustinurn
670 3338 744 3399 dioit
776 3337 814 3398 de
836 3339 921 3402 libris
944 3338 1066 3400 Maoba·

187 3440 307 3502 morum,
328 3423 485 3483 fortiorem
509 3421 697 3501 opponendo
720 3421 754 3483 Β.
776 3421 1011 3502 Hieronymum,
1033 3428 1066 3481 at

187 3502 355 3586 leronymus
374 3504 481 3566 nullibi
493 3510 588 3584 negat
608 3504 703 3566 libros
715 3504 970 3567 Maebabaeorum
983 3503 1065 3583 apud

187 3588 313 3651 telesiam
336 3607 406 3649 esse
427 3587 467 3648 de
482 3606 602 3649 oenone
624 3587 760 3665 Bibliae,
788 3589 860 3667 quin
882 3589 913 3648 in
934 3587 1065 3666 prologo

187 3688 215 3731 oo
230 3677 407 3732 constanter
427 3671 539 3731 asserit
558 3669 652 3731 fuisse
678 3677 862 3733 annotatum
881 3671 960 3732 inter
991 3668 1065 3730 (liri-

187 3769 246 3807 num
270 3753 458 3809 voluminum
479 3753 640 3818 bistorias.
662 3753 773 3834 Quare
802 3755 968 3844 opusouiis
986 3752 1084 3820 sre-

187 3845 206 3882 n
223 3829 255 3884 in
277 3847 345 3889 oan.
368 3831 460 3897 Rom.
475 3836 527 3900 15.
552 3837 628 3917 dist,
651 3863 722 3909 non
743 3844 864 3915 debuit
883 3840 1106 3929 aequiparari.

187 3929 229 3969 Μ
241 3945 292 3984 ors·
310 3938 335 3978 V.
351 3940 379 3979 Α
394 3945 427 3983 ια
440 3947 483 3987 rer.
498 3949 553 3994 msa
570 3956 588 3997 r.
604 3971 630 4011 p,
646 3962 707 4007 Vol.
722 3966 771 4009 m,
938 3932 982 3999 lb
