2709 4417
469 359 616 433 queneto
632 363 670 421 stt
687 359 830 419 erundum-
1062 350 1125 425 443

151 548 161 559 “
209 568 248 609 ne
272 548 324 613 vel
338 549 494 613 minimum
509 547 652 628 quiddam
675 549 738 610 suis
759 547 899 629 precibus
914 564 1022 607 omnes
1044 562 1125 605 cree-

209 640 298 693 turue
319 631 482 712 impetrare
503 639 640 712 possent.
942 671 952 699 t

293 714 398 793 Atque
419 714 469 777 bic
489 714 585 793 vides,
608 734 669 777 non
693 715 804 775 nostris
827 713 966 794 precibus
988 718 1041 771 eut
1062 708 1125 790 dig,

208 798 298 857 nituti
328 804 452 859 nostroe
479 805 637 878 acceptum
666 796 822 859 serendum
852 817 936 873 esse,
970 796 995 855 si
1017 791 1127 873 quide

208 879 278 939 Deo
301 881 511 960 impetramus,
534 880 588 941 sed
600 880 801 942 inexhaustos
814 880 942 940 bonitati
957 877 1024 956 Dei,
1047 894 1127 955 quse

208 972 335 1023 nostres
357 981 464 1043 preces
485 983 533 1025 uc
552 972 623 1025 vote
647 964 741 1025 multo
769 963 947 1040 antevertit,
980 979 1035 1020 sue
1056 978 1125 1039 pro-

210 1045 362 1105 missione
383 1053 415 1107 et
437 1046 598 1124 mundato,
627 1046 735 1125 quibus
763 1045 801 1107 ed
826 1044 973 1106 orandum
996 1063 1054 1103 nos
1076 1060 1126 1101 ex·

149 1192 152 1202 ,
209 1128 305 1205 citet,
350 1136 384 1189 ut
418 1128 467 1189 vel
492 1129 550 1192 huo
577 1131 697 1191 radone
733 1130 902 1206 discemus,
936 1146 1004 1187 eum
1035 1126 1129 1204 longe

211 1212 312 1291 magis
342 1230 398 1290 pro
431 1212 520 1273 nubis
548 1213 712 1274 sollicitum
740 1232 823 1290 esse,
856 1220 887 1272 et
908 1209 1128 1291 promptiorem

210 1291 250 1353 ud
275 1293 482 1374 largiendum,
512 1315 600 1374 quem
624 1315 681 1356 nos
703 1297 795 1355 simus
838 1294 887 1354 vel
915 1293 953 1353 ed
975 1292 1129 1373 sucipien-

211 1376 284 1437 dum
320 1376 369 1436 vel
403 1377 440 1437 ed
472 1377 645 1457 petendum.
690 1378 768 1452 Quin
801 1384 901 1440 sutem
939 1377 1006 1455 plus
1041 1372 1130 1434 offert

212 1457 304 1519 nobis
345 1459 511 1537 bonorum,
555 1480 646 1540 quem
684 1463 742 1540 ipsi
778 1468 885 1540 optere
922 1462 1015 1520 simus
1053 1457 1130 1532 susi,

212 1539 343 1603 deberet
372 1561 409 1603 ee
431 1541 596 1605 liberalite's
618 1544 676 1605 Dei
698 1564 754 1605 nos
778 1544 949 1605 accendere
971 1547 1002 1601 et
1023 1538 1129 1601 confir·

213 1642 317 1702 ruurs,
360 1632 392 1685 ut
424 1626 489 1685 sine
523 1627 583 1685 ulle
607 1627 809 1687 haesitatione
842 1625 1031 1687 confidenter
1064 1641 1130 1683 ore·

212 1724 328 1769 remus.

296 1788 452 1865 Secundo,
474 1792 533 1852 hoc
555 1809 687 1870 quoque,
712 1794 789 1855 sicut
801 1792 943 1865 diximus,
966 1790 1005 1849 sd
1027 1807 1131 1851 venem

215 1873 388 1933 orationem
403 1875 572 1952 requiritur,
595 1894 634 1933 ne
655 1873 725 1953 quid
744 1875 782 1935 de
796 1876 999 1954 promissione
1013 1871 1130 1933 vereois

216 1973 252 2017 sc
283 1953 385 2015 tidelis
414 1955 471 2017 Dei
505 1956 685 2019 dubitemus.
734 1957 791 2019 Ille
822 1959 902 2017 enim
938 1956 1130 2035 potissimum

216 2038 336 2099 ratione
358 2056 392 2097 se
414 2058 470 2099 nos
494 2039 703 2101 exauditurum
727 2042 876 2120 promisit,
898 2059 935 2100 ec
954 2037 1130 2099 mundatum

219 2120 324 2189 urendi
341 2119 434 2197 dedit,
455 2130 487 2181 ut
498 2123 572 2185 certi
589 2142 736 2201 essemus,
759 2129 790 2183 et
800 2123 926 2183 tirmiter
939 2121 1132 2183 crederemus

219 2204 294 2279 iure,
315 2210 350 2265 ut
373 2221 430 2264 nos
453 2213 536 2265 certo
560 2205 728 2268 exaudiret.
773 2206 856 2266 Sicut
878 2205 952 2267 dicit
974 2203 1078 2265 Metth.
1091 2204 1128 2265 21

218 2296 245 2347 et
257 2286 352 2347 Marc.
368 2291 401 2351 11
415 2305 422 2344 :
444 2287 521 2349 Dico
535 2287 636 2348 vobis:
661 2289 869 2367 Quaecunque
883 2295 1006 2350 orentes
1019 2287 1132 2366 petitis,

218 2366 331 2433 credite
354 2368 436 2448 quod
457 2371 623 2450 accipietis,
648 2381 678 2431 st
700 2380 788 2433 erunt
810 2371 904 2433 vobis.
938 2371 979 2431 Et
993 2369 1064 2430 Luc.
1078 2372 1130 2433 lt:

216 2451 313 2515 Petite
336 2460 367 2513 et
387 2453 553 2531 accipietis,
575 2456 728 2532 quaerite,
750 2463 781 2514 et
802 2455 979 2530 invenietis,
1003 2453 1133 2532 pulsate,

217 2543 244 2594 et
268 2535 425 2615 aperietur
447 2536 542 2596 vobis.
586 2536 693 2596 Omnis
715 2539 806 2615 enirn,
830 2540 879 2616 qui
904 2539 989 2616 petit,
1010 2535 1132 2614 occipit,

214 2628 243 2676 et
266 2617 320 2696 qui
343 2619 470 2696 quaerit,
492 2619 622 2697 invenit,
646 2626 675 2679 et
697 2621 829 2699 pulssoti
851 2622 1012 2698 operietur.
1057 2617 1132 2694 Quis

212 2707 318 2761 autem
342 2699 479 2761 exvobis
503 2707 597 2780 peter,
620 2721 713 2781 aquo
736 2704 760 2763 si
783 2702 862 2763 iilius
876 2703 999 2781 petierit
1011 2720 1132 2781 penem,

213 2802 287 2843 uum
312 2781 444 2862 lapidem
472 2783 557 2845 debit
577 2784 641 2846 itti?
680 2794 733 2844 eut
760 2787 784 2845 si
808 2786 937 2865 piscem,
971 2804 1042 2844 num
1075 2802 1131 2864 pro

213 2866 301 2945 pisce
330 2873 503 2944 serpentem
528 2866 611 2927 debit
637 2867 703 2927 iiiii
739 2875 790 2929 uut
826 2870 852 2929 si
879 2869 1001 2948 petierit
1029 2885 1131 2943 ovum,

212 2968 287 3007 uum
311 2949 447 3028 porriget
468 2949 513 3008 illi
535 2950 708 3029 scorpium?
732 2950 764 3011 si
786 2972 860 3030 ergo
885 2973 951 3027 vos,
974 2970 1041 3010 cum
1065 2949 1131 3011 sitis

213 3030 305 3107 maii,
328 3033 424 3091 noetis
448 3032 530 3095 bonu
553 3032 625 3093 dare
647 3033 717 3092 iiiiis
741 3037 863 3105 vestris,
897 3044 1011 3110 quanto
1035 3031 1131 3112 magis

213 3113 307 3173 Peter
337 3122 437 3176 vester
466 3114 608 3177 scelestis
637 3116 722 3177 debit
742 3116 885 3196 Spiritum
919 3126 1056 3176 sonetum
1078 3132 1131 3194 po·

213 3195 371 3257 scentibus
404 3216 447 3257 se.
489 3197 544 3259 His
564 3204 595 3259 et
615 3198 763 3261 similibus
786 3207 848 3258 tum
871 3197 1132 3278 promissionibus,

213 3288 279 3339 tum
312 3280 483 3358 praeceptis
511 3279 737 3341 confirmandus
768 3284 887 3342 errimus
910 3290 970 3353 cst,
1007 3287 1039 3339 ut
1060 3298 1130 3340 con-

192 3360 347 3423 'fidenter
369 3380 500 3440 oremus,
522 3365 606 3441 certi,
630 3365 733 3425 onmis
756 3384 834 3443 quoe
858 3367 986 3444 petimus
1003 3381 1060 3422 uos
1082 3380 1130 3422 ec-

213 3452 371 3524 cepturos.

300 3527 414 3605 Tertio,
437 3529 460 3586 si
484 3529 532 3607 qui
546 3537 646 3589 nutem
670 3529 810 3591 dubitent
831 3530 869 3589 de
891 3530 1050 3589 voluntate
1064 3528 1131 3604 Dei,

179 3674 185 3692 x
214 3630 284 3671 cum
310 3620 414 3687 oront,
448 3618 478 3671 et
499 3619 613 3673 temere
635 3620 739 3687 orent,
762 3615 826 3672 sive
847 3611 899 3673 fiet
922 3611 1003 3689 quod
1029 3618 1131 3690 postu-

215 3694 297 3765 lent,
328 3695 392 3753 sive
415 3713 493 3771 song
526 3694 569 3753 itti
592 3695 653 3754 duo
676 3702 805 3775 peccate
827 3696 1027 3756 committunt.
1071 3693 1130 3755 Pri-

211 3795 310 3849 mum,
348 3775 431 3852 quod
450 3777 588 3856 ipsorum
613 3778 690 3840 vitio
712 3778 847 3858 eccidit,
877 3796 939 3858 quo
962 3779 1066 3836 miuus
1083 3776 1137 3834 dx·

202 3855 278 3930 quid
310 3873 348 3913 es
382 3861 486 3921 oratio
516 3862 640 3946 velent,
678 3872 712 3928 et
745 3864 837 3947 quod
862 3864 984 3926 trustre
1000 3859 1170 3921 nunnus,
