2709 4417
221 350 284 422 18ss
433 360 829 430 Disputatioltpsieetmttt
846 379 871 418 a.
890 363 953 417 xm

219 545 327 626 gratia,
349 545 420 624 quia
439 545 617 606 naturaliter
637 545 703 607 odit
715 547 865 608 ¹voluntas
884 549 996 629 legem,
1017 556 1049 610 ut
1065 561 1118 613 suut

220 644 367 708 expressa
394 629 570 688 testimonia
600 629 693 689 Pauli·
718 629 758 690 ad
783 631 872 691 Rom.
904 621 1007 691 ct‘od
1035 628 1117 699 Galat.

220 713 308 774 Rom.
332 717 367 777 ὗε
405 713 469 771 Lex
490 713 624 787 intravit,
648 719 681 772 ut
702 713 871 774 abundaret
892 714 1053 794 delictum,
1072 716 1118 777 (la

219 796 271 855 lat.
294 799 328 858 5:
351 795 412 854 Lex
435 803 561 874 propter
583 797 842 875 transgressiones
864 799 967 876 posita
984 806 1039 861 est.
1063 800 1119 861 ldeo

220 878 254 941 Β.
279 878 466 958 Augustinus
489 878 528 938 de
549 880 620 958 spir.
636 880 733 940 θΗίῒ,
756 898 782 942 e.
806 883 846 944 3:
868 881 976 959 Neque
1000 883 1076 941 enim
1094 885 1120 942 li·

219 961 324 1022 berum
348 962 503 1022 arbitrium
526 969 597 1022 ante
620 963 750 1042 gratiam
774 963 941 1043 quidquam
962 965 1055 1042 valet,
1075 967 1120 1026 nisi

219 1044 258 1105 ad
280 1044 490 1124 peccandum,
512 1062 574 1105 non
596 1045 761 1105 autemad
778 1046 1024 1126 poenitendum,
1045 1055 1075 1108 ut
1091 1051 1120 1110 ll.

218 1129 255 1188 D.
278 1127 352 1188 dicit
385 1129 464 1204 (hoo
493 1130 573 1188 enim
596 1127 889 1211 Pelagianumest).
934 1131 1030 1191 Porro
1062 1132 1121 1192 dicit

218 1210 406 1292 Augustinus
431 1211 483 1279 ¹):
526 1210 566 1270 Flt
588 1226 657 1270 cum
678 1215 815 1292 eoeperit
836 1214 984 1293 'cognosci
1019 1232 1051 1273 se
1069 1235 1119 1275 non

217 1294 333 1367 latere,
364 1293 445 1373 quod
467 1293 640 1354 faciendum
662 1303 730 1372 est,
766 1297 824 1355 nisi
848 1295 979 1376 Spiritus
1013 1305 1120 1358 sanctus

218 1376 370 1437 diffuderit
391 1379 548 1437 caritatem
571 1378 602 1436 in
625 1377 768 1438 cordibus
791 1381 924 1453 nostris,
956 1398 1018 1438 non
1040 1379 1119 1460 diligi·

218 1465 274 1536 tur,
297 1478 359 1521 non
382 1461 553 1539 suscipitur,
575 1478 637 1519 non
659 1461 739 1520 bene
761 1463 880 1522 vivitur.
903 1462 946 1521 lbi
970 1462 1119 1523 clarissime

217 1541 292 1604 dicit
313 1543 522 1624 Augustinus,
557 1542 638 1620 quod
661 1544 713 1602 lex
742 1545 799 1604 Dei
831 1563 893 1605 non
917 1551 1021 1624 potest
1042 1545 1118 1626 diligi,

217 1627 276 1686 nisi
297 1635 426 1706 accepta
447 1627 545 1707 gratia
568 1625 697 1705 Spiritus
725 1629 834 1687 saneti.
878 1627 910 1688 Si
943 1636 1044 1687 autem
1070 1649 1118 1688 non

216 1708 350 1789 diligitur
371 1710 431 1786 lex,
454 1709 637 1769 eontrarium
662 1711 728 1768 eius
751 1716 911 1788 peccatum
940 1730 1004 1770 non
1027 1711 1118 1772 oditur.

216 1792 299 1872 Ergo
322 1791 513 1872 impossibile
536 1797 583 1851 est
604 1793 766 1870 poenitere
781 1799 855 1852 ante·
875 1793 1069 1854 dilectionem
1088 1796 1118 1854 le·

215 1876 272 1956 gis.
316 1875 384 1934 Hoc
406 1883 453 1935 est
476 1874 557 1953 quod
581 1875 690 1935 Roma.
712 1877 741 1936 4.
765 1875 934 1955 Apostolus
956 1876 1039 1935 vult:
1069 1877 1118 1937 Iex

214 1959 289 2018 iram
305 1964 456 2037 operatur,
478 1957 538 2017 hoe
551 1963 607 2033 est,
631 1964 781 2018 monstrat
803 1966 974 2038 peceatum,
997 1959 1049 2019 sed
1069 1979 1118 2020 non

215 2040 268 2100 d'at
302 2043 453 2121 gratiam,
486 2046 530 2099 ut·
558 2039 680 2101 odiatur
710 2049 891 2120 peceatum
924 2041 1000 2102 Ideo
1034 2050 1120 2102 manet

216 2123 325 2184 odium·
343 2124 421 2204 legis
444 2129 474 2183 et
503 2123 628 2183 dileetio
651 2125 792 2204 peceati,
827 2122 1051 2204 quantumlibet
1077 2145 1121 2205 per

214 2207 443 2286 increpationes
455 2207 625 2266 forinsecas
637 2213 691 2267 aut
711 2207 905 2268 intrinsecas
917 2208 1013 2267 homo
1026 2227 1121 2269 conou-

214 2291 306 2350 tiatur
328 2292 440 2350 timore
461 2288 580 2349 servili!
615 2289 701 2348 Nam·
733 2291 790 2349 etsi
824 2290 958 2350 abstinet
980 2290 1018 2350 ab
1040 2311 1119 2370 opere

212 2374 342 2453 peceati,
364 2392 426 2432 non
448 2378 553 2432 tamen
576 2371 730 2431 abstinere
750 2379 854 2451 potest
875 2373 915 2433 ab
937 2393 1043 2434 amore
1062 2394 1120 2454 pec

213 2457 281 2516 cati.
325 2456 392 2515 Hoc
422 2461 452 2515 et
473 2454 611 2515 Christus
629 2454 744 2514 dohan.
768 2457 795 2518 6.
825 2455 936 2534 docet,
970 2456 1020 2517 ubi
1042 2457 1120 2517 dicit:

212 2538 312 2598 Nemo
334 2539 418 2599 verrit
439 2537 478 2597 ad
502 2557 567 2614 me,
605 2538 663 2597 nisi
685 2536 882 2599 Pater'meus
905 2542 1034 2599 traxerit
1054 2560 1120 2601 eum.

214 2621 360 2682 Ooncedd
377 2640 461 2700 ergo,
487 2620 568 2699 quod
591 2619 651 2697 lex,
674 2620 848 2681 recordatio
861 2632 1068 2702 peccatorum,
1086 2625 1120 2682 in-

214 2705 308 2765 tuitus
337 2723 507 2783 poenarum
537 2710 668 2783 possunt
703 2708 817 2763 terrere
839 2705 1119 2784 peccatorem,'sed

214 2804 374 2865 nunquam*
391 2787 506 2845 iaciunt
527 2787 747 2865 poenitentem.

250 2878 264 2899 ”
295 2869 482 2949 Respondeo
511 2888 585 2948 ergo
615 2868 653 2929 ad
677 2869 883 2929 obiectionem
906 2871 1056 2950 primam,
1091 2871 1120 2929 de

211 2952 426 3034 filioprodigo
449 2953 520 3012 Luc.
544 2955 603 3028 15,
638 2951 688 3012 ubi
723 2953 838 3031 incepit
869 2955 1120 3031 poenitentiama

211 3036 426 3097 recordatione
464 3034 682 3115 magnitudinis
721 3035 847 3114 praemii
876 3034 1000 3097 dicens:
1031 3037 1120 3097 Abun-

213 3119 286 3180 dant
306 3119 436 3200 panibus
459 3119 637 3178 mercenarii
660 3123 718 3179 etc.
740 3118 837 3193 Dico,
871 3119 953 3197 quod
982 3121 1033 3180 hic
1052 3120 1119 3179 fflius

211 3201 358 3283 prodigus
379 3203 495 3282 incepit
516 3220 588 3261 vere
610 3200 648 3260 ab
671 3218 777 3260 amore
798 3201 942 3281 iustitiae,
966 3205 1038 3282 quia
1059 3223 1119 3264 eon-

212 3303 317 3344 versus
338 3287 370 3344 in
393 3305 427 3345 se
449 3285 597 3364 cognovit
617 3285 716 3363 primo
739 3283 864 3361 bonum,
890 3292 983 3346 etex
1006 3288 1118 3366 cognito

212 3367 294 3427 bono
316 3368 468 3428 intellexit
489 3387 575 3426 suum
589 3367 712 3425 malum.
731 3367 818 3426 Hanc
834 3374 935 3426 autem
957 3371 1118 3429 conversio·

212 3469 282 3510 nem
305 3452 352 3510 sui
373 3452 405 3509 in
428 3469 462 3509 se
482 3451 581 3530 ipsum
605 3467 666 3508 non
689 3446 796 3509 habuit
819 3468 858 3509 ex
880 3450 1045 3531 fragilitate
1066 3471 1118 3525 sua,

213 3536 266 3593 aut
298 3553 336 3594 ex
358 3533 468 3593 timore
496 3551 638 3612 poenae,
673 3534 751 3592 sicut
772 3530 904 3612 ipsemet
926 3535 962 3594 D.
987 3535 1026 3597 D.
1048 3535 1118 3604 dicit,

177 3678 180 3682 ,
214 3615 296 3694 quod
318 3617 410 3676 timor
431 3634 554 3695 poenae
570 3623 642 3694 post
664 3616 868 3694 praemiorum
890 3618 1118 3698 magnitudinem

452 3772 667 3785 w

221 3889 256 3957 1)
281 3893 311 3948 ln
337 3893 386 3953 ed.
410 3897 545 3968 origia:
565 3892 708 3962 Sequitur
730 3885 877 3952 ungasto.
890 3879 933 3930 at
949 3893 1019 3930 eum
1035 3884 1096 3930 ete.
