2709 4417
440 362 465 436 Ἰ
505 357 662 411 ancariis
682 365 806 426 excepta
916 376 918 385 ·
1071 352 1132 422 101

240 548 312 644 ducit,
341 565 454 626 respuo
487 553 612 627 propter
632 547 827 607 autoritatem
849 545 989 627 Gregorii
1016 551 1134 608 contra·

183 788 189 795 Ι,
235 651 363 773 mmlam
385 717 417 771 et
440 691 515 771 illud
538 719 672 788 transeo,
696 712 777 792 quod
789 712 902 789 Sixtus,
914 714 1021 773 Victor
1044 714 1136 792 scrip

230 814 281 856 scre
300 815 334 856 se
357 795 549 856 universales
565 796 741 873 Pontifices,
763 802 795 857 et
814 796 911 856 Leoni
934 795 1136 859 acclamatum

225 880 302 940 sitin
325 878 462 938 concilio
492 878 741 956 Chaledoneusi,
772 878 811 939 de
840 898 901 958 quo
937 878 1031 939 hodie
1062 879 1136 939 satis

223 963 325 1021 dictum
350 968 408 1020 est.
431 960 508 1021 lllud
533 962 751 1038 obervandum,
774 962 856 1039 quod
879 968 1043 1041 sequentes
1058 962 1136 1023 Pon-

220 1043 309 1106 tifices
343 1043 420 1103 dicit
451 1046 592 1126 egregius
615 1046 652 1106 D.
674 1047 712 1107 D.
745 1045 919 1105 humilitatis
945 1046 1074 1105 formam
1101 1045 1135 1106 in

217 1128 333 1188 Christo
364 1134 508 1207 secutos,
547 1128 603 1189 sibi
634 1136 823 1208 temperasse
851 1129 890 1188 ab
920 1129 981 1189 hoc
1002 1129 1137 1200 nomina,

216 1210 295 1290 quod
320 1227 380 1290 ego
395 1209 485 1269 aliter
504 1212 676 1292 intelligere
697 1231 761 1272 non
779 1231 918 1292 possum,
941 1230 1032 1291 quam
1054 1210 1137 1290 quod

217 1313 311 1354 causa
332 1292 514 1353 humilitatis
533 1296 590 1354 iuri
613 1294 716 1355 divino
739 1294 941 1372 detraxerint,
971 1293 1137 1354 mendaces

218 1382 248 1436 et
268 1374 485 1436 inobedientes
498 1377 572 1437 facti
593 1378 713 1453 fuerint,
736 1379 761 1437 si
782 1379 828 1437 ius
842 1377 977 1437 divinum
999 1383 1054 1452 est,
1076 1376 1138 1438 hoc

218 1467 277 1537 est,
298 1467 509 1538 praeceptum,
530 1461 624 1521 fuisse
646 1479 702 1521 eos
724 1460 912 1521 universales
936 1460 1107 1540 pontifices.

296 1544 466 1602 iunocentii
495 1545 706 1623 responsivam
731 1544 901 1623 Epistulam
933 1543 972 1603 ad
996 1541 1138 1623 Augusti·

220 1644 287 1683 num
313 1632 458 1704 repetens
491 1626 581 1703 dicit,
609 1634 746 1688 veterem
771 1646 886 1687 morem
914 1626 1008 1686 fuisse
1030 1644 1138 1686 consu-

222 1708 297 1766 lendi
319 1708 478 1769 Romanos
500 1709 679 1785 Pontifices,
716 1712 746 1768 iu
780 1709 827 1769 his
857 1728 936 1788 quae
963 1715 1033 1769 sunt
1054 1708 1137 1768 fidei.

224 1790 338 1869 Optime
359 1790 455 1866 dicit,
478 1804 509 1852 et
530 1793 647 1871 placet,
670 1794 848 1871 praesertim
869 1795 902 1851 iu
925 1793 1021 1852 latina
1041 1791 1137 1851 eccle

228 1875 278 1950 sia,
294 1873 347 1933 sed
369 1873 443 1952 quid
464 1873 535 1935 fidei
558 1883 588 1935 et
607 1875 778 1955 primatui?
812 1876 872 1934 hoc
899 1882 964 1953 est,
1003 1874 1074 1954 quid
1096 1873 1136 1934 ad
1149 1876 1162 1897 ⁸

230 1957 431 2035 propositum?

183 2082 185 2087 -
298 2039 448 2100 Gausatns
472 2045 518 2098 est
538 2041 640 2118 etiam,
663 2039 746 2119 qnod
769 2041 923 2120 exegerim
946 2039 986 2100 ab
1007 2058 1046 2100 eo
1069 2057 1138 2119 pro·

193 2186 196 2191 ,
233 2121 370 2183 lationem
393 2122 556 2182 solutionis
580 2122 619 2182 de
639 2124 747 2202 viginti
769 2125 876 2197 aunis,
906 2123 1067 2201 dupliciter
1087 2122 1138 2182 de

235 2203 282 2264 licit
302 2206 443 2285 egregius
465 2204 501 2266 D.
516 2204 563 2284 D,
586 2206 694 2284 primo,
718 2205 800 2284 quod
821 2207 888 2285 ipse
909 2206 964 2265 fuit
975 2224 1136 2286 opponens

237 2289 426 2365 seniquatuor
449 2286 524 2362 dies,
546 2295 578 2348 et
597 2288 657 2347 hac
670 2288 748 2348 hora
769 2289 981 2368 solumcoepit
1003 2307 1071 2348 esse
1092 2307 1137 2347 re·

183 2381 196 2445 )
237 2369 382 2447 spondens.
427 2369 547 2431 Deinde
569 2389 632 2431 uon
655 2373 763 2450 exegi,
792 2378 826 2431 ut
848 2370 992 2451 probaret
1012 2371 1138 2432 solutio·

183 2480 196 2535 ,ἦ
237 2471 298 2524 nem,
319 2453 374 2512 sed
396 2453 576 2513 translatum
598 2454 761 2533 primatum
779 2472 847 2513 cnm
869 2455 971 2516 Petro.

298 2535 466 2596 Excutiens
488 2555 522 2596 se
544 2538 635 2596 etiarn
658 2537 697 2597 de
720 2536 838 2616 Cepha,
861 2537 943 2615 quod
966 2537 1072 2596 Petrus
1093 2537 1137 2596 in·

183 2694 186 2697 .
238 2623 398 2695 terpretatur
419 2618 502 2698 apud
524 2619 713 2697 lohannem,
746 2619 847 2679 adhuc
877 2620 1014 2699 persistit
1035 2621 1064 2677 in
1088 2637 1138 2696 eo,

237 2700 300 2777 quod
321 2701 428 2762 Petrus
457 2703 551 2763 etium
580 2701 734 2781 significet
767 2711 858 2782 caput
879 2702 1006 2778 domus,
1050 2703 1137 2779 quasi

237 2782 359 2843 videlicet
389 2783 548 2844 lohannes
571 2784 698 2845 Graecis
727 2787 978 2865 interpretaturus
1006 2803 1137 2865 evange

237 2864 373 2927 liummon
395 2885 517 2947 graece,
539 2867 593 2927 sed
615 2867 774 2927 chaldaice
796 2869 976 2944 sitlocutns,
999 2887 1038 2928 ne
1058 2867 1138 2928 forte

184 2988 187 3005 2
237 2947 452 3029 intelligeretur.
535 2998 539 3005 ,
1094 2962 1099 2967 ’

299 3032 454 3108 Verbum,
476 3051 589 3111 pasce,
615 3034 659 3092 sic
680 3034 807 3111 accipit,
829 3040 863 3093 ut
885 3033 1136 3094 constitutionem

236 3115 396 3175 universalis
421 3116 552 3194 pastoris
575 3113 747 3196 significare
769 3117 851 3192 velit,
875 3125 906 3177 et
927 3115 965 3175 ad
988 3115 1048 3174 boc
1064 3114 1139 3175 Gre-

233 3198 345 3275 gorium,
357 3197 824 3279 Ambrosium,Ohrysostomum
837 3199 900 3259 heri
912 3217 975 3260 non
986 3197 1139 3277 allegatos

233 3278 345 3341 adduxit
365 3280 410 3359 ¹),
434 3280 474 3339 ad
496 3299 576 3359 quos
598 3300 657 3362 ego
675 3281 750 3341 nihil
772 3282 910 3342 dixerim.
933 3281 1040 3340 Dicam
1064 3298 1138 3360 ergo

231 3379 309 3439 uunc,
332 3365 356 3422 si
380 3363 422 3422 fui
446 3362 576 3441 oblitus,
606 3372 637 3424 et
658 3365 747 3424 simul
769 3384 895 3444 oppono
918 3362 1140 3447 regulam-divi

230 3442 394 3525 Augustini:
418 3445 508 3520 Quod
531 3449 667 3507 omnium
678 3450 858 3526 scriptorum
881 3447 962 3508 dicta
977 3438 1140 3506 iudicanda

229 3542 290 3587 sunt
310 3548 364 3608 per
385 3527 520 3588 divinam
540 3528 735 3609 Scripturam,
758 3533 843 3591 cuius
866 3538 914 3591 est
936 3532 1033 3590 maior
1054 3534 1138 3589 auto

228 3611 307 3689 ritas,
334 3630 425 3690 quarn
455 3612 701 3692 totiusgeneris
721 3614 844 3674 humani
876 3615 1046 3693 capacitas,
1077 3628 1156 3672 non-

250 3842 279 3900 1)
294 3841 327 3891 11
345 3842 388 3894 ad
409 3846 483 3914 orn'g.
503 3847 600 3907 deest:
620 3853 758 3915 adduxit.
