2709 4417
264 339 371 428 396⁰
551 361 571 416 1.
590 360 694 415 conen
712 359 747 414 n.
767 358 801 413 u.
821 358 900 415 nuru

267 570 335 612 cnm
359 550 415 611 toti
438 569 476 610 ex
501 552 532 610 et
559 549 588 609 in
611 557 740 629 peccato
764 549 858 608 simus
889 548 970 624 nati,
1004 554 1107 607 natura
1131 568 1169 609 no

267 640 330 694 stra
362 639 524 713 peccatum
558 640 629 709 est,
659 632 688 693 id
723 630 805 711 quod
828 630 989 711 Propheta
1010 629 1046 710 *J
1070 649 1172 711 quoqne

267 715 448 777 confirmat:
470 715 553 776 Ecce
574 717 605 774 in
627 714 837 794 iniquitatibus
860 720 1032 793 conceptus
1043 725 1133 789 sum,
1151 722 1173 775 et

267 801 299 859 in
321 800 459 879 peccatis
481 799 625 878 concepit
646 819 696 859 mc
716 805 814 859 mater
836 816 916 857 mea.
938 796 1008 857 Nec
1017 795 1104 857 aliter
1118 816 1174 858 con·

268 881 326 942 suli
348 880 420 942 huic
442 887 569 942 naturae
591 883 666 943 vitio
692 888 811 962 potest,
846 899 939 960 quam
971 897 1027 959 per
1053 887 1175 956 mortem,

268 983 337 1024 oum
360 969 426 1025 tota
447 984 508 1024 una
530 982 599 1024 oum
621 966 756 1044 peccatis
777 964 891 1026 interit,

349 1046 445 1107 Vides
467 1048 559 1128 igitur
567 1046 770 1108 Christianam
792 1047 887 1106 vitam
909 1044 987 1105 nihil
1010 1063 1080 1105 esse
1099 1044 1176 1121 aliud,
1219 1096 1221 1123 :

267 1146 359 1208 quam
380 1130 467 1190 initia
490 1129 641 1209 quaedam
663 1150 683 1190 a
703 1129 857 1210 baptismo
878 1127 1014 1189 feliciter
1036 1133 1068 1187 et
1087 1136 1176 1188 sancte
1219 1126 1221 1133 '

268 1211 434 1285 moriendi,
467 1211 567 1273 donee
604 1211 665 1274 hoc
698 1232 810 1292 corpus
830 1213 975 1272 intereat.
1018 1209 1093 1270 Vult
1109 1212 1176 1270 enin

266 1294 350 1356 Deus
372 1294 527 1356 hominem
550 1297 580 1355 in
603 1296 773 1357 novissimo
795 1293 846 1355 die
866 1311 1055 1375 resurgere,
1077 1299 1109 1353 ut
1127 1299 1178 1353 tun

268 1377 362 1457 plene
384 1397 483 1438 novus
505 1380 554 1440 sit.

350 1459 482 1535 Quinto,
504 1459 761 1539 quemadmodum
784 1467 887 1521 autem
910 1459 1136 1520 demersionem
1155 1460 1179 1517 in

267 1562 378 1621 aquam
390 1542 475 1604 brevi
484 1543 589 1624 perfici
602 1544 751 1622 videmus,
759 1544 802 1604 ita
811 1561 1020 1623 quoquemox
1033 1541 1179 1602 retrahitur

267 1645 307 1686 ex
329 1645 411 1705 aqua
431 1626 541 1704 infans,
566 1634 598 1688 et
617 1627 744 1688 levatur.
767 1627 883 1688 Verum
893 1624 1083 1708 significatio
1094 1624 1179 1701 huius,

267 1710 431 1788 spiritualis
454 1710 571 1770 scilicet
591 1711 794 1791 regeneratio,
818 1709 934 1770 donum
956 1708 1078 1789 gratiae
1100 1714 1129 1767 et
1145 1707 1180 1765 in·

267 1791 385 1865 stitiae,
419 1792 473 1852 illa
493 1794 524 1852 in
547 1792 701 1873 baptismo
724 1792 847 1871 quidem
869 1793 1042 1872 incipiunt,
1066 1808 1126 1851 non
1145 1795 1180 1850 ta·

267 1894 337 1934 men
366 1876 448 1955 prius
476 1875 613 1954 perfecte
635 1895 673 1936 ec
694 1875 927 1954 consequimur,
958 1891 1052 1952 quam
1084 1873 1180 1933 moria·

266 1978 351 2032 mur,
372 1959 435 2018 imo
459 1977 527 2017 cum
550 1959 580 2021 in
603 1959 772 2019 novissimo
794 1957 844 2017 die
864 1957 945 2018 haec
966 1975 1042 2016 caro
1064 1956 1179 2016 resusci-

266 2039 398 2117 tabitur,
427 2047 490 2100 tum
513 2040 635 2101 demum
658 2047 801 2120 coeptum
825 2059 902 2120 opus
932 2039 1079 2100 absolvet
1099 2039 1180 2113 Deus,

266 2129 296 2182 et
317 2122 403 2183 liberi
426 2130 593 2203 apeccatc
617 2130 648 2183 et
669 2130 768 2184 morte
789 2123 918 2202 aliisque
941 2121 1034 2182 malis
1056 2139 1179 2201 resurge·

266 2225 350 2280 mus,
387 2212 418 2266 et
445 2207 476 2265 iu
499 2213 656 2267 aeternum
679 2207 835 2280 vivemus,
865 2213 927 2266 tam
957 2204 1021 2264 hoc
1051 2222 1178 2284 corpore,

266 2307 358 2368 quam
380 2289 471 2348 etiam
496 2291 597 2349 anima
619 2288 796 2370 purificata,
820 2295 881 2348 tum
906 2287 1033 2347 demum
1056 2287 1178 2367 perfecte

266 2389 284 2432 e
304 2371 447 2451 baptismi
470 2371 556 2432 sonte
577 2372 762 2448 levabimur,
793 2377 824 2431 et
843 2389 1061 2444 renascemur,
1083 2387 1176 2449 perpe·

266 2461 319 2514 tuo
341 2455 370 2513 in
394 2455 483 2514 coelo
505 2455 623 2515 victuri.

347 2536 425 2596 Nam
453 2537 528 2614 hoc,
565 2537 646 2616 quod
670 2537 842 2597 demersum
871 2536 1021 2595 infantem
1051 2553 1090 2593 ex
1110 2551 1176 2612 aqua

265 2619 425 2679 retrahunt
446 2619 657 2697 catechistae,
686 2619 761 2679 nihil
783 2617 864 2680 aliud
893 2624 956 2697 est,
986 2636 1080 2696 quam
1101 2618 1124 2676 si
1143 2615 1175 2675 di·

267 2708 351 2769 cant:
374 2702 456 2762 Ecce
477 2703 537 2762 iarn
560 2702 702 2763 demersa
724 2710 795 2763 sunt
816 2709 868 2761 tua
888 2705 1036 2780 peccata,
1059 2717 1114 2760 nos
1132 2700 1175 2777 igi·

266 2790 314 2844 tur
336 2791 366 2845 te
386 2786 417 2844 in
441 2787 566 2845 nomine
587 2786 644 2846 Dei
667 2786 856 2865 excipimus,
885 2792 918 2844 ut
940 2801 1033 2860 eum,
1056 2782 1106 2862 qui
1126 2783 1174 2841 ian

265 2868 295 2927 in
319 2874 477 2928 aeternum
500 2869 582 2928 etin
604 2870 801 2929 innocentem
824 2868 1009 2946 migraturus
1032 2865 1173 2924 sisvitam.

267 2949 318 3010 Sic
347 2951 427 3011 enim
451 2951 553 3031 angeli
575 2952 632 3011 Dei
660 2952 691 3010 iu
710 2951 880 3012 novissimo
916 2948 968 3008 die
991 2966 1100 3008 omnes
1120 2947 1175 3026 pios

266 3032 438 3113 baptizatos
461 3033 651 3095 Christianos
673 3033 861 3113 producent,
889 3038 920 3092 et
950 3038 1015 3091 tum
1039 3049 1109 3090 vere
1127 3029 1176 3088 hoc

266 3113 333 3192 flet,
365 3114 448 3195 quod
479 3123 510 3176 et
530 3115 700 3196 baptismus
733 3124 765 3178 et
786 3114 981 3177 catechistae
1003 3111 1173 3193 significant.
1219 3150 1221 3187 ;

266 3197 533 3273 Quemadmodum
564 3199 636 3259 dicit
669 3199 806 3260 Christus
834 3198 941 3258 Matth,
964 3197 1021 3259 24:
1064 3195 1176 3256 Emittet
1219 3196 1221 3203 '

265 3281 395 3362 angelos
419 3299 507 3357 suos,
545 3289 576 3342 et
602 3283 660 3362 ipsi
688 3280 921 3363 congregabunt
941 3280 1062 3340 electos
1085 3279 1175 3338 eiusa

266 3373 397 3441 quotuor
415 3364 534 3439 ventis,
563 3385 582 3424 a
604 3366 730 3425 summis
753 3365 910 3425 coelorum
945 3381 1045 3442 usque
1067 3361 1106 3421 ad
1125 3368 1175 3420 ter·
1219 3392 1221 3399 ·

265 3465 366 3508 mmos
390 3466 510 3508 eorum.
1219 3454 1221 3463 '

348 3529 463 3606 Sexto,
496 3529 584 3590 huius
607 3548 731 3609 quoque
752 3530 895 3610 baptismi
923 3534 1016 3608 typus
1039 3527 1094 3586 fuit
1114 3525 1167 3585 diln

265 3613 347 3671 vium
369 3612 445 3673 illud
467 3612 568 3691 Noha,
591 3633 651 3692 quo
674 3620 756 3674 totus
779 3611 909 3672 mundus
930 3612 1033 3691 periit,
1058 3610 1175 3688 excepto

295 3878 325 3948 ⁸)
348 3877 430 3936 Paul.
454 3877 502 3934 51.
