2709 4417
386 368 389 373 ·
489 353 507 404 b
523 333 643 405 datariis
662 352 785 421 excepti.
1010 331 1079 429 ,177

242 525 290 598 De
318 534 486 619 Gregorio,
520 538 577 598 etsi
609 538 739 599 historia
770 558 831 599 non
860 538 1009 599 habeatur
1036 559 1079 615 re·

191 629 267 701 epta,
299 627 402 682 tamen
425 621 538 682 famam
559 620 633 682 dicit
662 641 725 682 non
757 623 934 702 permittere
963 623 1079 703 negari.

191 706 257 765 ico:
279 703 394 764 Famae
416 711 532 765 temere
554 723 646 765 nemo
668 703 784 780 credat,
806 711 838 766 et
858 712 991 767 nausea.

238 786 380 867 Tandem
402 786 442 846 ad
463 786 494 846 id
507 787 612 866 redeo,
634 787 716 866 quod
731 787 939 868 indulgentiae
955 789 1017 849 sint
1032 793 1078 849 sa·
1159 815 1166 829 ·

191 869 356 950 factoriae,
378 879 409 930 et
422 889 484 929 non
498 871 695 932 remissiones
709 870 859 932 bonorum
873 880 1009 950 operum,
1024 869 1078 931 sed

191 972 340 1028 renerum,
362 952 501 1013 fortassis
515 952 727 1014 contendimus
748 955 779 1013 in
791 955 972 1033 aequivoco,
995 954 1078 1035 quod

191 1035 397 1096 tisfactorium
419 1036 457 1096 D.
474 1037 511 1096 D.
534 1037 685 1116 appellat,
717 1039 788 1117 quia
816 1037 999 1117 permittitur
1022 1038 1078 1096 vir·

191 1125 218 1178 te
242 1119 514 1200 indulgentiarum,
536 1125 569 1179 ut
591 1137 653 1180 non
675 1120 854 1199 satisfaciat,
878 1126 909 1180 et
923 1119 1078 1199 haeoper·
1177 1154 1183 1166 ·

191 1203 263 1262 [ssio
287 1221 350 1262 non
373 1202 589 1263 satisfactionis
613 1221 668 1282 pro
691 1203 896 1264 satisfactorie
918 1203 1076 1264 habeatur.

191 1303 223 1365 go
247 1284 486 1346 satisfactorium
507 1285 641 1365 appello,
665 1286 747 1365 quod
770 1286 877 1366 implet
896 1286 1077 1347 satisfactio·

191 1388 238 1448 rm,
262 1387 326 1428 nou
349 1369 471 1431 omittit.
555 1424 560 1451 ,

239 1450 382 1511 Adduxit
403 1452 495 1511 etiam
517 1450 713 1511 autoritatem
735 1450 817 1512 Esai.
840 1454 897 1526 61,
922 1449 972 1510 ubi
995 1448 1077 1510 Chri·

191 1553 220 1593 1s
244 1533 348 1595 Lucae
369 1534 388 1595 4
411 1533 517 1613 legens
541 1552 580 1593 ex
602 1533 702 1611 lsaia,
740 1533 828 1594 dicit:
865 1531 993 1613 Spiritus
1014 1532 1076 1592 Do·

191 1617 231 1676 ini
253 1635 346 1697 super
377 1635 448 1692 me,
478 1634 515 1676 eo
543 1615 625 1695 quod
649 1618 771 1676 unxerit
804 1635 867 1694 me,
901 1614 1077 1696 praedicare
1110 1615 1116 1628 ¹
1166 1666 1168 1671 ,

191 1701 289 1778 ‚ptivis
324 1698 565 1779 indulgentiam,
605 1699 655 1758 ubi
686 1699 822 1759 Christus
865 1698 1076 1758 remissionem

191 1784 253 1861 xit,
283 1781 401 1843 addidit
423 1781 650 1862 Theophilum,
673 1783 725 1860 qui
748 1782 884 1863 exponit,
908 1780 991 1860 quod
1014 1781 1077 1840 uni·

191 1885 227 1926 ae
249 1865 432 1926 tenebantur
453 1870 514 1924 eta.
548 1864 649 1924 donec
686 1866 770 1925 venit
800 1866 850 1943 qui
884 1862 1077 1944 praedicaret

191 1949 284 2028 rptivis
306 1948 560 2028 redemptionem.
582 1945 672 2022 Quod
694 1944 748 2007 illa
767 1948 914 2008 autoritas
938 1946 1011 2006 nibil
1033 1946 1075 2006 fa·

191 2039 219 2091 at
239 2030 278 2091 ad
300 2050 375 2108 rem,
397 2033 466 2110 ipsa
486 2030 581 2090 verba
603 2039 634 2090 et
654 2031 877 2109 consequentia
899 2036 1000 2090 textus
1022 2028 1074 2089 de-

191 2121 285 2191 erant,
306 2115 378 2193 quia
399 2111 536 2175 Christus
563 2113 677 2173 ibidem
707 2113 783 2173 dicit
804 2111 865 2191 *Jr
888 2110 988 2177 Hodie
1021 2113 1074 2171 im·
1137 2162 1139 2169 .

191 2205 240 2257 eta
260 2203 308 2257 est
330 2196 486 2277 Scriptura
506 2195 584 2255 haec
604 2197 636 2257 in
658 2195 780 2257 auribus
796 2197 915 2258 vestris.
944 2194 1072 2273 Deinde,

191 2281 228 2339 ria
249 2281 384 2359 loquitur
406 2279 445 2338 de
466 2298 539 2338 vero
562 2298 644 2339 anno
658 2278 790 2356 iubilaei,
806 2278 936 2355 hocest,
958 2277 998 2337 de
1009 2276 1074 2358 ple·

191 2362 294 2423 tudine
317 2363 485 2443 temporis,
508 2360 546 2421 de
568 2380 685 2422 corona
707 2363 778 2422 anni
800 2361 1020 2443 benignitatis,
1044 2368 1075 2421 et

191 2465 220 2506 un
241 2444 280 2506 de
301 2443 534 2506 remissionibus
555 2463 735 2524 poenarum,
757 2444 811 2504 sed
835 2443 873 2504 de
894 2443 1074 2504 remissione

191 2535 376 2605 senatorum,
410 2526 449 2586 de
476 2546 536 2607 qua
559 2535 624 2587 tota
646 2527 802 2608 Scriptura
823 2527 976 2607 loquitur,
1005 2544 1073 2585 cum

191 2611 305 2672 ibilaeus
331 2610 547 2671 Bonifacianus
571 2615 656 2671 tanto
682 2619 752 2690 post
767 2617 906 2691 tempore
929 2610 1074 2689 coeperit.

191 2714 231 2754 em
256 2693 340 2774 quod
362 2700 456 2774 neget
476 2694 582 2773 augeri
604 2695 712 2753 merita
733 2693 845 2753 relictis
867 2694 976 2768 veniis,
996 2699 1075 2751 tran

191 2797 228 2857 u,
257 2777 329 2856 quia
351 2795 414 2836 non
435 2795 490 2856 per
511 2776 572 2835 hoe
594 2775 780 2853 confutatur,
803 2775 884 2855 quod
907 2772 1073 2854 aliquando

191 2861 321 2921 ecuniam
342 2859 472 2920 eandem
496 2858 604 2918 volunt
625 2878 807 2920 consumere
828 2860 860 2919 in
882 2858 1042 2919 conviviis.

238 2943 285 3004 De
306 2942 448 3004 iubilaeis
461 2940 623 3001 celebratis
636 2941 719 3019 dicit,
741 2943 815 3001 satis
838 2960 982 3021 magnum
1005 2958 1074 3000 esse

191 3027 263 3106 apuli
285 3044 494 3101 consensum,
516 3024 600 3102 quod
622 3024 660 3085 ad
684 3024 890 3105 indulgentias
913 3022 1020 3083 fideles
1042 3023 1072 3081 in

191 3117 225 3170 ito
246 3108 322 3170 orbe
339 3107 509 3186 confluunt,
532 3116 664 3188 excepta
686 3117 788 3168 tamen
811 3108 898 3168 ltalia
920 3115 952 3166 et
965 3106 1073 3179 ltoma,

191 3191 309 3252 residet
329 3189 487 3272 quomodo
508 3190 584 3252 alias
605 3193 722 3272 possim
736 3192 867 3270 probare
889 3207 1072 3250 consensum

191 3273 300 3334 lelium.
343 3274 545 3354 Respondes:
576 3275 652 3336 Eum
674 3293 860 3334 eonsensum
883 3292 942 3353 ego
964 3272 1098 3357 proba·¹

191 3375 222 3416 tm
242 3375 311 3421 esse
331 3355 485 3433 fidelium,
518 3359 567 3436 qni
590 3377 624 3418 re
647 3357 799 3436 patefacta
822 3364 853 3417 et
874 3357 1001 3417 veritate
1029 3355 1073 3414 in·

191 3438 383 3520 algentiarnm
406 3442 548 3520 exposita
568 3440 675 3519 fideles
708 3440 747 3500 ad
769 3437 984 3500 confluendum
1010 3457 1074 3497 mo·

191 3531 250 3585 eret.
293 3522 383 3583 Nunc
415 3541 489 3583 vcro
521 3523 680 3584 confluunt
713 3525 913 3604 ignorantes,
949 3518 1075 3599 quidet

190 3624 270 3682 nare,
292 3625 362 3665 oum
384 3607 483 3667 maior
504 3625 574 3685 pars
597 3605 704 3668 credat
724 3626 759 3667 se
780 3625 843 3667 rem
867 3603 1071 3665 necessariam

191 3694 199 3747 t
216 3689 398 3748 meritoriam
418 3687 530 3752 facere.

923 3982 973 4049 Ὠ
