2709 4417
267 339 332 408 294
499 338 592 393 Resol.
611 338 640 390 L.
658 351 742 405 snper
761 335 958 403 Propositione

272 544 382 588 mense
403 525 484 585 Maio
507 543 536 584 a.
560 524 641 588 1519
663 520 877 600 composuisse
905 526 999 600 atque
1022 517 1171 579 confecisse

269 609 390 670 videtur
420 605 723 667 Resolutionem
757 623 879 682 super
912 601 1170 682 propositione
1217 604 1218 667 ζ

270 712 337 754 sna
359 691 480 751 tertia
502 689 672 765 decima,
705 705 765 766 qua
787 685 870 746 dicta
897 705 955 746 sua
976 684 1016 745 de
1036 690 1171 764 potestate

270 793 370 855 papae
394 772 548 852 probaret,
570 770 600 830 id
623 769 706 849 quod
724 770 807 829 cerni
819 774 925 849 potest
946 787 1038 848 quum
1062 786 1099 827 ex
1117 785 1170 846 pro

271 857 388 930 oemio,
420 853 501 934 qnod
525 853 584 931 „ad
606 852 788 913 Lectorem“
809 850 960 912 Lutherus
989 851 1104 931 primae
1123 848 1171 909 edi·

271 940 347 1000 11111
382 938 470 997 huius
500 936 779 997 Resolutionis
819 953 894 994 suae
923 933 1094 1013 praemisit,
1121 938 1170 992 tum

272 1043 310 1083 ex
333 1019 533 1100 probatione,
556 1038 646 1097 quam
668 1019 699 1077 in
721 1016 1053 1079 Resolutionibns
1075 1034 1171 1094 super

271 1101 621 1185 propositionibus
658 1101 741 1160 suis
775 1100 942 1179 Lipsiae
976 1099 1169 1179 disputatIs

272 1189 303 1247 in
339 1186 459 1246 tertiam
489 1183 638 1244 decimam
673 1183 864 1262 conscripsit.
907 1181 997 1242 Hanc
1030 1179 1168 1241 Resolu-

273 1270 422 1331 tionem
464 1285 556 1347 super
584 1267 797 1345 propositione
829 1283 885 1325 sua
922 1264 1002 1325 XIII.
1026 1283 1092 1324 eum
1122 1263 1167 1322 ian

273 1357 344 1412 ante
381 1350 624 1429 Disputationem
662 1349 784 1429 LipsIae
816 1346 987 1408 institutam
1019 1347 1050 1406 in
1080 1344 1167 1425 vulgus

273 1432 405 1495 edidisse
423 1440 551 1512 apparet
569 1451 607 1491 ex
624 1431 766 1511 epist-ola,
788 1449 879 1509 quarn
892 1429 943 1490 die
965 1436 1054 1490 sexto
1077 1429 1166 1488 mensis

271 1517 354 1577 Iunii
376 1535 402 1574 a.
428 1517 506 1580 1519
530 1513 567 1574 ad
582 1515 756 1574 Iohannem
767 1513 904 1594 Laugum
928 1512 1023 1588 dedit,
1045 1511 1092 1571 ubi
1108 1511 1166 1570 haee

273 1600 428 1678 leguntur:
462 1597 543 1657 Edo
566 1599 638 1657 iarn
661 1597 922 1677 probationes
944 1614 1064 1675 snper
1088 1593 1167 1655 odio·

273 1682 467 1742 sissimam
491 1681 982 1760 propositionemtertiam
1005 1677 1166 1738 deciman

272 1768 399 1844 propter
415 1762 575 1837 Invidiam,
598 1781 678 1842 quae
695 1763 755 1823 hoc
771 1762 845 1843 agit,
866 1782 905 1823 ne
916 1763 951 1823 Li
975 1762 1040 1821 siae
1051 1759 1168 1819 admittar

273 1847 313 1906 ad
325 1843 573 1925 respondendum
589 1844 757 1922 (deWette
768 1845 828 1925 I,p.
841 1846 902 1909 282
915 1783 987 1906 cubi.
998 1843 1169 1921 Seidenrann,

274 1929 323 1989 die
344 1928 503 2008 Leipziger
524 1928 643 2008 Disput.
682 1948 711 2009 p.
735 1931 795 2006 373
829 1927 951 1990 WeIch.
972 1925 1129 1988 Introduct
1146 1925 1168 1986 in
1217 1940 1218 1947 ¹

222 2050 225 2059 ·
274 2021 348 2072 tom.
361 2030 433 2090 opp.
450 2010 537 2071 Luth.
554 2011 663 2091 XVIII,
687 2013 743 2089 633
766 2010 965 2075 Seckendort.
977 2011 1089 2071 Histor.
1100 2007 1170 2070 Lntb.

275 2093 607 2172 belsuarius).

358 2175 399 2233 Et
419 2175 500 2234 hanc
520 2176 753 2235 Resolutionem
788 2184 819 2236 et
839 2178 973 2257 reliquas
996 2173 1172 2236 tumultuario

278 2259 403 2338 negotio
418 2257 515 2318 editas
537 2266 647 2337 postea
661 2258 717 2318 sub
732 2259 874 2320 incudem
895 2264 1057 2320 revocatas
1079 2273 1174 2334 augere

276 2341 323 2400 vel
347 2340 511 2400 emendare
543 2341 653 2401 saltem
677 2343 852 2422 constituit,
888 2349 921 2403 ut
950 2341 1089 2422 digniore
1109 2339 1174 2398 facie

275 2426 304 2483 in
328 2422 483 2502 publicum
496 2424 601 2483 venire
616 2431 754 2504 possent.
798 2425 935 2506 Contigit
955 2424 1016 2484 hoo
1038 2442 1103 2482 oum
1124 2441 1175 2481 orn-

275 2506 362 2566 nibus
378 2505 628 2565 Resolutionibus
650 2508 681 2565 in
696 2507 843 2569 tredecim
858 2507 1087 2588 propositiones
1109 2523 1176 2564 oom-

274 2590 398 2668 positis,
427 2606 487 2667 quo
511 2590 602 2648 etiarn
624 2589 736 2648 factum
761 2597 826 2666 est,
859 2598 894 2652 11
914 2592 982 2670 ipso
1003 2583 1088 2649 ¹anno
1111 2588 1177 2651 1520

274 2670 394 2750 Lipsiae
421 2670 502 2750 apud
527 2670 727 2731 Melchiorem
749 2673 925 2734 Lottherum
954 2670 1178 2751 „Resolutionss

274 2752 477 2813 Lutherianae
496 2772 587 2832 super
599 2755 861 2834 propositionibus
874 2757 935 2816 suis
949 2755 1071 2836 Lipsiae
1093 2752 1179 2833 dispu-

274 2842 357 2895 tatae
379 2835 638 2896 emendatae“
660 2838 692 2896 in
714 2838 813 2900 lucem
834 2838 1003 2918 prodirent,
1026 2843 1088 2897 tum
1105 2854 1180 2915 prae

275 2919 377 2978 sertim
398 2918 591 2978 Resolutioni
619 2939 710 2998 super
730 2923 942 3002 propositione
964 2922 1055 2982 tertia
1075 2918 1183 2979 decima

274 3001 476 3080 compositae.
504 3002 582 3063 Huic
602 3003 683 3062 enim
702 3006 852 3084 prooemii
868 3004 948 3065 Illius
960 3003 1044 3082 Ioco,
1068 3001 1182 3081 quodin

273 3085 371 3162 prima
384 3084 593 3144 Resolutiouis
604 3084 740 3147 editione
760 3087 1013 3166 ,1111111111ιι
1036 3083 1183 3146 conditum

275 3165 448 3246 legebatur,
477 3166 699 3246 praefationem
722 3171 893 3250 praemisit,
923 3169 1045 3249 quade
1067 3167 1184 3228 Resolu-

274 3248 406 3308 tionibus
440 3251 501 3309 suis
519 3251 667 3332 augendis
701 3253 751 3313 vel
783 3252 982 3314 emendandis
1013 3253 1184 3333 agitatque

274 3331 335 3390 stili
369 3332 413 3390 sui
451 3334 628 3393 varietatem
660 3333 846 3416 linguaeque
879 3336 1021 3397 duritiem
1054 3340 1185 3396 exousat

274 3413 361 3488 Quae
384 3424 484 3473 tamen
508 3417 655 3494 praefatio
680 3437 773 3497 quum
801 3420 831 3479 in
865 3418 1085 3498 antiquissimis
1108 3413 1187 3476 editi·

274 3496 383 3556 onibus
407 3497 464 3555 nisi
487 3497 744 3563 Resolutioni
764 3521 881 3582 super
903 3500 1190 3582 propositione

275 3578 353 3639 XIII.
377 3581 545 3658 praemissa
567 3600 629 3642 nou
650 3585 841 3664 inveniatur,
871 3583 1038 3646 verisimile
1060 3588 1118 3660 est,
1140 3580 1190 3641 Lu-

275 3662 393 3720 therum
410 3662 490 3720 hanc
502 3664 733 3727 Resolutionem
746 3669 876 3748 primam
900 3666 1093 3744 emendasse,
1116 3683 1191 3726 eam-

270 3764 332 3826 que
354 3745 556 3808 emendatam
579 3749 613 3809 iu
625 3749 735 3810 iucem
748 3748 1022 3830 produssepaubo
1037 3754 1203 3820 postumo

258 3833 334 3917 Ipse
353 3830 593 3898 Resolutiones
639 3850 736 3919 super
770 3823 1047 3941 propositionibus
1076 3819 1219 3887 aab&
