2709 4417
248 356 312 424 228
495 359 589 414 Resol.
608 359 637 410 L.
657 375 744 428 snper
762 360 950 427 Proposition.
1020 322 1022 336 Ι

445 539 742 638 Resolutionss
771 542 956 639 Lutheri

245 728 729 826 snperPropositionibns
752 731 834 791 suis
857 729 1018 810 Lipsiae
1038 723 1129 810 dispi·

525 813 620 872 latis
641 811 886 873 emendatae

562 1090 565 1095 ’
615 1093 800 1155 lesus.

399 1258 402 1262 ’
507 1258 626 1339 optino
648 1262 681 1320 st
702 1259 821 1320 erudito
841 1258 918 1318 Viro
977 1277 993 1341 '.

245 1384 281 1456 [i.
294 1392 430 1473 Georgia
453 1391 622 1472 Spalatino,
648 1391 843 1453 illustrissimi
855 1393 1006 1472 Principis
1021 1390 1138 1452 Friderin'

244 1475 409 1552 Senoniae,
432 1475 582 1535 Eleutetis
606 1477 735 1555 imperii,
758 1475 958 1554 eiusdemque
971 1476 1078 1534 Vicarii
1097 1483 1139 1536 ele.

473 1577 491 1617 a
512 1556 627 1617 libellis
645 1565 676 1617 et
699 1559 806 1635 sacris,
826 1578 884 1618 suo
906 1558 939 1619 S.

324 1722 489 1782 Historiam
511 1721 649 1782 famosae
685 1723 775 1782 huius
797 1721 1035 1802 disputationis,
1069 1739 1140 1800 quau

242 1804 363 1888 Lipsiae
384 1804 560 1900 habuimus,
596 1805 712 1884 optime
735 1805 916 1885 Spalatine,
951 1805 1038 1884 cupis
1059 1822 1141 1878 nossa,

243 1907 280 1948 ea
302 1888 350 1949 vel
375 1889 507 1947 maxime
531 1904 641 1964 causa,
674 1888 759 1966 quod
787 1888 922 1949 audieris
950 1887 1074 1946 Eccium
1103 1904 1141 1945 nc

157 2010 163 2017 -
242 1977 354 2045 strum,
392 1977 422 2029 et
443 1968 597 2030 Eccianae
629 1970 775 2033 factionis
797 1971 916 2050 aliquot
936 1970 1103 2030 homines
1095 1989 1140 2027 rau

241 2054 292 2114 diu
315 2062 346 2115 et
366 2071 476 2112 secure
498 2052 693 2131 triumphare,
717 2055 921 2149 encomiaque
936 2058 1071 2112 cantare.
1090 2051 1141 2130 llgo

241 2155 316 2198 sanc
333 2124 465 2218 gaudeo,
489 2139 519 2195 el
539 2136 685 2214 gratias
676 2155 747 2215 ago
769 2138 796 2195 si
817 2143 879 2196 tam
902 2154 978 2196 vera
999 2142 1047 2195 est
1066 2135 1140 2194 victo

137 2286 161 2303 Η
241 2221 295 2296 ria,
317 2237 407 2300 quam
432 2236 543 2313 mpgna
565 2225 612 2277 est
633 2219 788 2279 iactantia
811 2218 890 2292 Quid
915 2221 997 2278 enim
1020 2217 1140 2278 Christis·

243 2304 300 2380 nia,
322 2302 501 2383 praesertim
524 2299 694 2380 theologis,
732 2303 829 2380 magis
851 2300 1052 2381 optandum,
1068 2318 1140 2378 quan

243 2393 275 2444 ut
294 2387 407 2446 veritas
430 2383 614 2462 triumphet,
637 2403 722 2443 error
742 2384 940 2444 traducatur?
964 2382 1026 2444 Sed
1049 2401 1141 2458 rursus,

241 2469 364 2546 quando
388 2485 520 2544 unquam
537 2464 672 2525 auditum
696 2474 744 2527 est
775 2487 795 2526 a
813 2467 940 2544 seculo,
978 2466 1058 2526 hano
1088 2483 1141 2524 esse

241 2551 370 2630 gloriam
384 2568 486 2609 veram
508 2554 540 2609 et
560 2547 711 2627 stabilem,
733 2568 812 2628 quae
834 2552 980 2628 seipsam
995 2546 1139 2627 praedicat

242 2641 366 2694 stante
388 2639 507 2711 tempus
528 2631 645 2691 iactat?
666 2631 779 2693 Nonus
798 2633 828 2691 iu
850 2632 1016 2692 hancannt
1036 2649 1139 2710 prover·

241 2715 291 2775 bia
314 2715 414 2777 edita:
441 2713 623 2774 Encominm
645 2727 718 2775 ante
739 2716 914 2775 victoriam:
949 2715 1066 2774 Rumor
1084 2721 1139 2772 ante

242 2799 382 2874 salutem,
405 2796 516 2857 deinde
538 2796 612 2856 illud
635 2798 730 2857 trivii:
752 2798 880 2877 Propria
900 2797 967 2857 laus
990 2795 1099 2871 sordet,
1117 2802 1139 2855 el

240 2880 360 2942 Laudet
379 2888 410 2941 te
443 2898 478 2940 os
500 2879 659 2939 alienum?
695 2880 772 2940 Tum
795 2879 950 2940 Christus:
973 2879 1006 2940 Si
1027 2879 1137 2960 glorian

241 2984 340 3025 meam
362 2981 497 3042 quaero,
528 2962 627 3042 gloria
650 2982 719 3023 mea
739 2963 814 3023 nihil
843 2971 899 3041 est,
929 2971 960 3022 et
980 2960 1138 3042 proverbio

240 3067 305 3108 rum
330 3055 419 3108 autor
439 3045 606 3121 Salomon,
629 3046 802 3106 haereditas
827 3046 975 3124 (inquit),
1004 3044 1138 3123 adquam

239 3131 269 3190 in
292 3131 443 3210 principio
466 3129 633 3206 festinatur,
656 3129 687 3188 in
709 3127 778 3189 fine·
793 3128 1010 3189 benedictione
1032 3125 1138 3187 carebit.

238 3213 338 3274 lustus
361 3214 441 3273 enim
467 3209 639 3293 (Scriptura
661 3210 752 3289 dicit)
789 3213 820 3270 in
838 3212 995 3291 principio
1026 3229 1085 3270 non
1104 3214 1138 3269 est

238 3297 387 3371 iactator,
417 3295 471 3355 sed
494 3303 656 3356 accusator
677 3296 741 3355 sui:
771 3294 952 3354 Pharisaeus
973 3301 1075 3354 autam
1094 3292 1138 3371 pri·

239 3398 289 3439 mo
332 3386 379 3439 est
407 3377 549 3438 laudator
577 3379 645 3454 sui,
676 3377 782 3437 'simul
821 3383 984 3438 accusator
1019 3377 1137 3436 omnino

203 3457 207 3468 '
239 3460 378 3524 aliorum.

321 3546 367 3605 De
389 3544 483 3605 Eccio
505 3549 611 3603 nostro
634 3551 736 3603 autem
761 3561 799 3602 eo
821 3542 938 3601 facilius
961 3540 1073 3616 eredo,
1092 3541 1137 3599 iac-

239 3636 321 3688 tasse
343 3648 411 3688 cum
434 3627 597 3701 victorias,
634 3645 695 3704 quo
718 3626 779 3685 iam
802 3625 875 3686 olim
905 3624 979 3684 mihi
1002 3632 1051 3685 eat
1068 3624 1138 3702 inge·

232 3711 317 3772 nium
350 3711 486 3774 hominis
507 3715 725 3803 perspectpm,
746 3715 784 3766 ιιι
810 3708 928 3785 gloriae
951 3707 1137 3764 miserrimum

224 3798 433 3898 mancipium,
456 3806 524 3858 tum
549 3791 662 3874 quod
657 3810 723 3850 ram
733 3789 837 3881 magis
857 3791 1004 3860 expertus
1025 3801 1107 3849 aum
1118 3799 1156 3836 ιι

213 3882 285 3947 lere
311 3904 388 3947 eum
413 3886 445 3946 in
472 3877 701 3963 disputatione
722 3870 828 3946 magle
849 3861 1011 3920 ιιιιιιιιιιιι
1030 3853 1156 3930 ιιιιι
