2709 4417
237 351 282 422 68
446 316 724 425 asspirans-Lipsiae
741 353 834 410 habita
852 373 875 410 a.
898 352 955 411 xlii
1009 387 1018 404 ,

238 540 437 618 notissimus,
469 539 615 601 Nicolaus
638 540 778 601 Ousauus
799 539 1024 603 Germanorum
1043 541 1131 605 doctis

239 624 332 683 simus
354 641 423 682 oum
446 623 581 702 pluribus
603 623 681 701 aliis,
703 630 736 684 ut
756 622 863 684 obiicit
882 623 956 685 mibi
972 626 1133 689 reverendus

239 706 343 779 Pater,
369 705 615 785 inquisitoribus,
638 714 798 786 praetereo
812 704 854 787 ¹).
870 705 1002 781 ‘Quare
1022 727 1079 770 non
1097 709 1133 771 ds

238 788 359 849 fuerunt
381 786 542 863 Bohemis,
565 789 615 868 qui
639 789 723 850 bona
742 788 928 867 scriberent,
951 789 1007 851 sed
1027 792 1080 871 ipsi
1097 792 1133 854 ds-

236 871 371 948 iuerunt,
400 871 451 950 qui
479 872 510 931 in
532 871 652 957 haeresi
675 871 821 948 obstinati
849 871 932 934 bona
958 892 1022 933 non
1048 893 1134 953 seque·

237 960 350 1014 rantur.
855 964 865 993 ‘

318 1035 365 1096 De
387 1035 506 1116 graecis
534 1035 654 1097 Sanctis
689 1035 820 1096 diximus
843 1039 986 1117 saepius,
1014 1038 1066 1100 sed
1091 1039 1135 1102 bos

240 1117 424 1180 horrendum
447 1118 589 1179 omnibus
612 1118 724 1179 christi
745 1118 885 1180 fidelibus
917 1140 987 1181 esse
1018 1121 1135 1201 arbitror,

242 1199 325 1278 quod
346 1199 534 1284 reverendus
556 1200 647 1261 Pater
668 1208 775 1262 contra
797 1210 859 1262 tam
882 1211 1021 1264 sanetum
1043 1212 1073 1264 et
1089 1205 1136 1266 lau·

242 1283 345 1344 dabile
366 1282 604 1344 constantiense
626 1283 799 1346 Concilium
822 1292 909 1346 tanto
932 1305 1081 1348 consensu
1105 1301 1137 1349 to

239 1367 296 1425 tius
310 1366 537 1426 christianitatis
548 1375 769 1447 congregatum
781 1387 844 1428 uon
858 1376 982 1429 veretur
994 1369 1097 1447 dicere,
1103 1390 1136 1431 ar·

238 1448 348 1511 ticulos
369 1448 489 1528 aliquos
507 1447 679 1509 Hussitieos
702 1450 945 1512 etVuikleiiicos
967 1451 1059 1512 fluisse
1078 1452 1137 1513 obri-

238 1532 441 1592 stisnissimos
464 1539 495 1592 et
516 1531 725 1612 evangelicos.

273 1612 356 1695 (Non
390 1620 439 1675 est
466 1634 588 1689 verum,
626 1612 709 1693 quod
741 1623 849 1675 contra
877 1614 1107 1678 constantiense

466 1696 638 1758 Consilium
661 1696 781 1757 locutus
803 1698 860 1758 sim
883 1698 933 1776 ³³).

320 1831 431 1892 Eccius
453 1838 561 1891 contra
583 1829 691 1913 offert,
720 1850 754 1892 se
785 1830 985 1912 probaturum
1007 1851 1046 1894 ex
1067 1831 1140 1897 dietis

236 1921 267 1974 et
288 1915 418 1995 scriptis,
442 1933 519 1994 quos
542 1933 604 1974 non
626 1914 726 1994 possit
737 1914 918 1975 universalis
932 1915 1064 1977 ecclesia
1073 1915 1140 1976 dam·

235 2017 329 2075 nare,
364 1998 443 2057 sicut
463 1998 597 2077 pessime
618 2005 725 2074 sonat,
755 1997 860 2076 inique
888 2015 958 2058 esse
981 1997 1142 2060 damnatum

234 2081 392 2140 articulum
428 2079 513 2140 illum
535 2079 737 2156 llussitiaum,
766 2078 806 2139 de
832 2082 1020 2142 necessitate
1050 2083 1142 2143 salutis

235 2163 324 2225 Rom.
354 2162 517 2225 ecelesiam
550 2162 617 2222 aliis
642 2163 845 2243 superiorem,
874 2162 914 2223 de
941 2183 1002 2244 quo
1032 2164 1141 2245 quidam

234 2246 316 2306 dieto
338 2244 468 2306 Bohemi
497 2263 559 2306 non
582 2246 733 2305 immerito
758 2245 931 2323 exsultant,
955 2253 987 2307 et
1008 2247 1069 2308 boc
1088 2267 1142 2310 ora

235 2327 367 2389 tionibus
390 2330 451 2388 suis
464 2327 544 2409 apud
557 2327 655 2388 Deum
668 2328 910 2410 postulaverunt,
928 2349 1033 2390 verum
1046 2349 1144 2412 magua

236 2412 386 2472 ecelesiae
417 2413 543 2472 iactura.
580 2410 671 2486 Quod
697 2412 793 2486 (sicut
813 2410 848 2472 B.
871 2413 1062 2493 Augustinus
1083 2412 1141 2474 alib'

234 2495 449 2572 ratiocinatur)
474 2495 499 2553 si
522 2492 616 2554 ullum
630 2492 823 2555 mendacium
844 2494 884 2555 ad
905 2514 1009 2556 sacras
1024 2495 1142 2577 Scriptu-

234 2596 284 2638 ras
305 2576 395 2637 fuerit
415 2575 593 2655 admissum,
616 2583 682 2638 tota
704 2578 761 2637 erit
782 2577 820 2637 de
841 2579 971 2639 veritate
1002 2586 1141 2660 suspecta

236 2660 281 2720 lta
302 2666 333 2719 et
353 2659 488 2720 damnati
500 2658 644 2720 Hussitae
666 2660 825 2721 reverendi
849 2660 946 2721 Patris
968 2661 1036 2722 fulti
1056 2668 1141 2743 patro

235 2743 316 2803 cinio
338 2742 446 2823 procul
467 2741 560 2803 dubio
577 2742 831 2816 (Mendacium*)
857 2751 905 2804 est
933 2744 1142 2824 impudentissi-

235 2830 333 2900 mum)
359 2825 467 2885 dicturi
493 2833 577 2885 sunt:
598 2824 633 2891 si
657 2826 821 2887 concilium
848 2828 960 2887 erravit
977 2829 1009 2886 in
1024 2827 1141 2889 hisduo·

234 2907 290 2968 bus
314 2908 447 2969 articulis
470 2906 745 2989 christianissimis,
778 2909 821 2969 ita
849 2910 913 2969 eius
936 2910 1019 2991 apud
1041 2929 1093 2972 nos
1116 2911 1138 2970 in

235 2991 302 3051 aliis
324 2991 459 3051 articulis
482 2990 639 3052 vacillabit
652 2993 817 3054 autoritas.

314 3073 401 3135 Unde
422 3074 452 3133 in
475 3094 508 3133 re
529 3075 611 3153 prius
630 3074 836 3135 condemnata
857 3075 931 3136 nolo
953 3075 1043 3156 plura
1062 3070 1138 3136 verbu

236 3155 408 3236 prodigere,
431 3156 469 3216 ad
493 3156 563 3236 quid
588 3157 746 3238 cogendus
769 3158 808 3217 sit
820 3157 1010 3218 Christianus
1032 3167 1081 3218 aut
1098 3154 1138 3217 ad·

236 3239 417 3315 mittendus,
450 3239 509 3299 hoc
541 3240 610 3300 dico
638 3241 801 3302 autoritate
828 3241 959 3301 Concilii
987 3240 1037 3301 vel
1066 3240 1137 3301 Rom.

165 3345 172 3358 ·
241 3320 397 3382 Pontificio
420 3320 495 3398 fieri,
518 3331 551 3383 ut
574 3325 727 3383 sententia
748 3324 1001 3403 sinesuspicione
1021 3322 1136 3385 haeresis

240 3403 362 3465 defendi
385 3424 447 3465 non
470 3406 576 3484 possit,
599 3424 677 3485 quae
699 3406 836 3486 alioquin
859 3407 935 3466 citra
955 3405 1028 3469 fidei
1048 3406 1137 3468 laesio·

240 3558 485 3568 m
490 3561 532 3566 ...-
538 3560 657 3567 ..η-...-

270 3644 300 3704 1)
323 3642 459 3695 Loesaher
476 3645 516 3696 its
533 3643 726 3697 excudendum
745 3647 873 3698 curavit:
893 3646 993 3713 Pater,
1013 3647 1137 3715 Inquisitu

233 3730 278 3767 res
295 3721 449 3782 praetereo.

262 3788 292 3851 'l
314 3787 345 3842 lu
367 3788 409 3842 ed.
436 3789 543 3860 origin.
567 3789 616 3842 bic
640 3789 672 3840 in
693 3787 825 3853 marg‘ina
846 3785 1146 3850 iucundissimarum

150 3928 185 3946 ι
211 3859 368 3917 lutherus.
