2709 4417
202 327 205 336 .
269 350 332 415 304
529 351 620 409 seor.
640 352 666 405 L.
688 368 771 421 super
788 353 983 420 Proposltione

273 536 348 595 oiter
377 553 415 594 ex
444 535 505 596 hoo
527 535 621 597 verbo
645 535 791 610 Motth.¹)
815 541 1015 612 statuuntur„
1040 553 1094 597 eur
1117 535 1174 597 mihi

271 637 334 678 non
357 617 448 677 lioeot
471 617 673 698 'frigidissimo
694 619 826 679 Decreta
852 619 1012 700 appellere
1035 617 1173 699 theologo,

272 717 342 761 oum
363 719 400 759 eo
422 719 536 780 negare
559 708 589 760 et
610 701 780 762 annihilare
807 701 899 762 lioeot
921 699 1060 763 iuristis?
1088 701 1172 761 Perse

271 790 402 879 quantur
424 784 551 862 primum
566 803 600 844 se
621 785 717 863 ipsos
739 786 863 846 meionis
879 785 1015 846 oriminis
1028 802 1106 859 reos,
1124 792 1171 854 sut

271 867 295 925 si
320 866 440 924 veniam
460 874 614 927 merentur
629 868 828 929 Deoretorum
851 875 1020 950 negatores
1040 873 1072 927 et
1091 885 1170 927 ousso

271 954 370 1026 tores,
399 949 466 1008 sine
488 958 618 1029 peceato
642 951 717 1025 erit,
751 952 809 1030 qui
823 951 1002 1013 inefficaces
1024 951 1126 1011 s'sserit
1147 957 1169 1010 et

235 1059 240 1070 ·
269 994 394 1111 frigidis
418 1031 618 1094 Decretorum
642 1032 853 1112 probationes.
895 1033 1006 1113 Neque
1028 1033 1103 1095 enirn
1122 1051 1166 1113 ego

272 1132 310 1175 es
333 1116 461 1194 negavi,
485 1116 562 1175 siout
583 1115 636 1192 illi
660 1114 714 1175 sed
738 1115 848 1196 frigere
871 1115 1043 1177 tontumsd
1063 1115 1166 1195 probeo

271 1195 342 1257 dum
364 1197 437 1276 dixi,
460 1199 538 1258 siout
551 1198 791 1277 reverofrigent,
813 1199 871 1258 nisi
889 1199 973 1278 quod
995 1198 1034 1258 ad
1056 1197 1165 1278 loeuple-

271 1279 395 1339 tondum
411 1279 513 1341 losum
524 1280 637 1355 velent
660 1281 803 1360 exemplo
827 1300 944 1359 eorum,
966 1299 1046 1360 quoe
1065 1282 1165 1360 pervim

273 1361 423 1438 dicuntur,
446 1364 506 1423 et
498 1383 529 1422 m
549 1363 680 1424 alienam
704 1365 887 1424 sententium
909 1363 1077 1426 trahuntur.

354 1444 435 1505 Nihil
458 1464 532 1526 eigo
554 1445 701 1525 probatur
722 1446 782 1507 hoo
804 1450 906 1523 textu,
945 1465 966 1507 e
988 1466 1050 1526 quo
1070 1447 1166 1525 ipsimet

272 1526 439 1588 discedunt.
483 1528 564 1588 Nihil
587 1530 651 1588 istis
676 1529 813 1588 Decretis
836 1529 999 1608 probatur,
1023 1548 1097 1608 quoe
1113 1529 1164 1607 ipsi·

276 1619 338 1669 met
360 1617 485 1690 negant,
508 1612 683 1690 neutrisque
705 1611 871 1676 confidunt.
916 1609 1165 1672 Etmoventursd

273 1693 333 1752 hoo
357 1696 430 1753 setis
455 1695 524 1754 forti
547 1695 683 1770 ratione,
706 1712 783 1772 quae
806 1693 999 1754 adversarios
1020 1692 1120 1753 reddat
1136 1694 1165 1751 in·
1208 1738 1210 1775 5

271 1777 382 1854 viotos,
405 1777 523 1836 scilieet
545 1777 612 1850 hoo,
636 1775 719 1856 quod
729 1776 865 1836 Christus
877 1784 925 1850 (ut
937 1779 1029 1837 etium
1043 1777 1075 1839 B.
1085 1775 1167 1835 Hiero.
1208 1794 1210 1801 ·

270 1858 381 1919 eodem
404 1859 474 1919 loeo
497 1857 643 1942 exponit)
669 1877 730 1918 non
761 1859 853 1919 tradit
870 1859 962 1920 Petro
985 1858 1101 1937 eleves,
1128 1856 1168 1918 sed

271 1942 422 2037 promittit
443 1941 598 2002 duntaxat.
641 1941 715 2002 ldeo
726 1942 908 2003 currendum
925 1961 996 2002 esse
1018 1941 1057 2002 od
1074 1941 1168 2016 loono,

273 2025 304 2084 in
327 2043 388 2103 quo
412 2023 504 2084 trudit
518 2024 632 2100 olores,
655 2031 687 2084 et
700 2031 772 2084 tune
786 2025 940 2085 invenitur
952 2024 1028 2087 illud
1042 2023 1169 2085 Johnnnis

273 2107 398 2183 ultimo,
421 2106 502 2185 qnod
521 2126 581 2166 non
605 2107 642 2167 sd
667 2107 724 2167 Pet
712 2114 805 2185 t,rum
835 2107 888 2167 sed
911 2109 950 2168 nd
974 2127 1081 2168 omnes
1101 2106 1170 2190 dioit:

274 2190 414 2269 Aeeipite
436 2189 528 2268 Spirit
529 2210 578 2250 um
601 2197 751 2267 sonetum,
774 2176 902 2269 quorum
924 2183 1111 2251 remiseritis
1118 2207 1170 2268 pee

272 2281 342 2332 ests
359 2279 416 2334 eto.
460 2272 507 2331 lix
530 2272 637 2351 quibus
661 2273 761 2333 verbis
776 2275 888 2416 tliquet,
911 2294 974 2334 non
998 2274 1106 2350 solum,
1125 2272 1171 2351 qui·

273 2356 349 2416 bus
342 2375 372 2414 rn
385 2353 478 2415 Petro
493 2357 599 2417 olaves
611 2357 787 2435 promiserit
798 2365 925 2436 (nempe
940 2359 997 2418 toti
1011 2357 1171 2431 ecelesiae),

273 2437 328 2498 sed
352 2439 444 2497 etium
473 2439 544 2516 quid
566 2458 621 2518 per
643 2439 746 2498 oloves
769 2441 937 2518 promissos
960 2439 1090 2519 intelligi
1105 2437 1170 2513 velit

273 2540 383 2600 nempe
405 2522 614 2581 remissionem
638 2529 670 2581 et
685 2523 888 2582 retentionem
910 2530 1114 2602 peecatorum.
1204 2517 1208 2525 ’

355 2603 515 2681 Secundo,
538 2603 620 2682 quod
643 2604 723 2664 idem
748 2605 874 2665 verbum
897 2605 1010 2666 Christi
1031 2607 1109 2665 mule
1128 2605 1171 2665 De·

272 2695 356 2747 orele
377 2692 485 2766 aptent
508 2687 566 2747 soli
588 2687 679 2747 Petro
702 2695 734 2747 et
758 2688 897 2748 Romano
918 2687 1070 2768 pontificis
1109 2688 1171 2748 Nom

272 2769 354 2849 opud
376 2769 406 2830 S.
431 2770 535 2830 Patres
558 2769 695 2830 Christus
718 2771 778 2830 hoe
800 2770 925 2831 verbum
943 2770 1061 2831 dixisse
1082 2771 1119 2830 ad
1138 2788 1172 2830 ee·

272 2853 396 2931 elesiqm
420 2857 451 2914 et
479 2872 585 2912 omnes
608 2854 770 2933 apostolos
797 2855 827 2915 in
851 2873 985 2935 persons
1005 2854 1089 2914 Petri
1108 2873 1173 2914 osse·

272 2937 355 2998 ritur.
401 2935 536 3010 Quorum
560 2937 673 3015 primus
697 2942 744 2996 est
764 2937 802 2998 D.
819 2937 1036 3018 Hieronymus,
1060 2936 1108 3017 qui
1127 2937 1174 2996 hoo

272 3019 344 3079 loeo
371 3020 588 3098 interpretatus
623 3019 747 3079 verbum
771 3020 851 3081 Petri
886 3020 976 3081 dioit:
1011 3020 1115 3080 Petrus
1146 3039 1174 3079 eu

271 3120 406 3181 persono
438 3103 574 3161 omnium
609 3102 821 3182 apostolorum
855 3102 1036 3178 confltetur,
1070 3103 1172 3163 disens:

231 3257 233 3260 y
271 3185 315 3244 Tu
339 3204 372 3244 es
395 3184 541 3262 Christus,
563 3183 643 3245 filius
667 3186 722 3245 Dei
746 3187 814 3246 vivi.
858 3186 898 3246 Et
917 3188 948 3245 in
971 3186 1033 3247 hoo
1055 3187 1175 3265 sequitur

271 3287 358 3327 suum
369 3265 420 3346 (ut
432 3267 530 3345 solet)
541 3267 716 3347 Origenem,
727 3270 777 3348 qni
791 3269 872 3329 idem
882 3269 991 3330 eodem
1005 3268 1077 3330 loon
1090 3269 1174 3329 sentit

354 3349 592 3431 chrysostomus
626 3358 744 3429 eutem,
778 3353 835 3412 etsi
862 3353 945 3412 hono
966 3353 1070 3412 looum
1093 3358 1175 3413 totum

270 3434 301 3492 in
325 3433 405 3493 Petri
427 3432 549 3493 laudem
571 3434 681 3513 ttrsha,
703 3435 807 3494 dicens
830 3454 900 3495 eum
923 3443 1017 3515 eaput
1038 3442 1069 3495 et
1090 3443 1175 3515 pesto-

184 3565 189 3575 .
271 3536 335 3576 rem
358 3518 472 3577 constit
474 3537 491 3574 n
495 3523 557 3576 tum
580 3517 731 3578 ecelesiae
752 3518 880 3597 futurae,
903 3520 1002 3579 ettoti
1026 3518 1175 3599 orbiproe·

195 3643 200 3655 .
271 3600 421 3695 positum:
445 3607 602 3659 tamenet
624 3602 794 3679 ipsevooat
815 3620 883 3660 eum
907 3620 942 3661 os
966 3603 1175 3682 apostolorum,

270 3681 352 3764 quod
377 3684 443 3744 vioe
468 3684 605 3745 omoium
626 3682 840 3763 responderit
853 3683 977 3743 diosus:
1000 3686 1105 3744 Petrus
1125 3704 1175 3745 om-

243 3908 244 3913 *
291 3865 323 3927 1)
344 3861 378 3916 In
403 3863 447 3918 ed.
470 3863 535 3918 an.
559 3860 714 3943 additum:
734 3855 778 3909 ts.
