2709 4417
497 367 516 406 a
533 292 797 426 hlotariis'excepta
860 336 872 373 ⁴·
1052 353 1094 421 δ’]

258 539 316 601 Sed
349 541 434 620 quod
464 541 651 603 reverendus
674 542 777 609 ,Pater
803 549 966 623 tantopere
999 563 1018 603 a
1044 562 1094 604 me

199 623 379 704 efflagitabat,
414 642 456 686 na
484 625 663 686 diverticula
685 644 880 704 quaererem,
915 625 997 706 quod
1019 646 1093 686 nun·

199 726 265 788 quarn
285 707 387 767 facere
411 727 478 767 sum
500 709 624 786 solitus,
654 709 754 788 ipsum
771 708 929 769 Oanonem
952 709 1092 789 legimns,

199 790 328 852 adducens
359 793 410 873 ΕΒ.
434 791 519 870 dist,
553 811 602 851 me
631 790 671 852 ad
697 790 758 852 hoc
789 791 874 852 ducit
899 790 1092 871 procardnm,

199 872 256 954 pod
269 873 394 933 Domini
410 874 598 935 Oenonistae
614 873 854 954 etTheologi1)‚
878 893 918 934 an
934 875 1092 954 episcopa·

199 976 227 1017 ‚ns
247 955 319 1017 ordo
348 958 389 1016 sit
419 959 545 1037 proprio
570 957 745 1018 charactere
767 958 896 1038 insignis
919 957 1091 1018 sacerdotio

199 1038 309 1117 rdditus‚
345 1039 385 1099 de
418 1059 480 1119 quo
513 1042 544 1100 in
571 1041 746 1120 praesentia
772 1040 856 1100 velut
876 1041 1091 1120 impertinente

199 1122 251 1182 ihil
279 1121 424 1183 decerno.
477 1123 546 1182 Hoo
573 1131 675 1182 tamen
709 1122 793 1197 dico,
826 1140 976 1203 apparere
1009 1123 1091 1200 mihi,

199 1206 260 1264 alvo
283 1223 406 1283 semper
428 1206 547 1266 meliori
575 1205 703 1281 indicio,
733 1224 795 1265 non
823 1206 916 1265 talem
943 1206 1036 1266 fnisse
1059 1207 1090 1264 in

199 1288 325 1349 nimitiva
352 1289 485 1348 ecclesia
514 1289 741 1367 confusionem,
765 1296 798 1348 nt
819 1289 983 1369 episcopus
1005 1308 1024 1347 a
1045 1308 1091 1348 sa·

199 1369 298 1431 ardote
326 1389 390 1430 non
418 1378 627 1451 separaretur,
659 1389 727 1430 cum
765 1370 927 1431 duodecim
955 1371 1090 1451 apostoli

199 1453 368 1534 repurgium
389 1453 467 1515 duos
489 1453 643 1514 excedant
665 1452 840 1533 discipulos.
884 1455 917 1514 ln
939 1455 1024 1513 cuius
1046 1454 1090 1514 rei

199 1537 381 1597 tetimonium
411 1537 445 1597 B.
473 1535 568 1597 affero
597 1538 778 1617 Dionysium
800 1536 990 1616 Hieronymo
1013 1538 1088 1597 anti·

199 1620 308 1698 priorem
350 1626 382 1679 et
413 1621 585 1699 primitivae
619 1619 771 1680 ecclesiae
798 1619 1004 1697 hierarcham,
1038 1620 1104 1698 qni,

199 1701 226 1762 ib.
260 1701 299 1761 de
332 1701 494 1762 Ecclesiae
520 1701 698 1762 Hierarchia
729 1704 809 1762 inter
831 1721 935 1762 sacros
965 1701 1089 1762 ordines

200 1786 384 1865 piscopatnm
418 1787 519 1864 ponit,
556 1791 587 1845 et
615 1803 789 1865 supremum
820 1784 1025 1863 hierarcham,
1059 1791 1090 1845 et

199 1885 235 1945 ¹no
253 1873 345 1947 pacto
367 1869 394 1927 is
417 1867 528 1928 debeat
544 1870 734 1945 consecrari,
763 1868 811 1927 oui
832 1869 1004 1928 assentiens
1025 1868 1089 1947 epi·

199 1969 281 2029 copas
312 1949 352 2010 ab
381 1951 450 2029 ipso
479 1950 630 2016 ecclesiae
651 1951 738 2010 initio
762 1968 925 2010 commune
947 1949 1088 2010 sacerdo·

199 2053 243 2091 ,nm
265 2033 452 2094 excelluisse
474 2035 593 2113 opinor.

249 2115 357 2175 Tertio
387 2115 514 2175 adduxit
534 2115 692 2175 (lenonem
721 2114 852 2174 Concilii
881 2114 1016 2174 Africani
1039 2117 1088 2178 99.

199 2195 306 2279 istin.²)
324 2217 391 2257 oen.
412 2201 438 2259 1.
460 2197 520 2258 Ubi
541 2192 712 2258 Concilium
734 2197 895 2276 prohibet,
919 2215 977 2258 neo
998 2198 1088 2258 Rom.

199 2279 349 2341 *antilioem
378 2279 491 2340 debere
512 2280 572 2340 dioi
594 2280 816 2358 universalem,
845 2286 876 2340 et
899 2279 980 2358 quod
1004 2280 1087 2340 Chri·

199 2371 232 2423 tus
252 2363 316 2423 hoc
337 2363 536 2443 prohibuerit,
558 2363 721 2425 Lucae22:
744 2363 846 2442 Reges
868 2364 1005 2443 gentium
1029 2369 1087 2425 etc.

199 2444 357 2526 'espondeo
400 2464 505 2505 verum
546 2464 631 2522 esse,
685 2444 856 2505 fastuosum
909 2445 1089 2505 universalis

199 2529 308 2608 piscopi
330 2547 445 2589 nomen
468 2528 561 2588 fuisse
582 2527 785 2608 prohibitum,
808 2546 871 2587 non
894 2527 975 2607 quod
999 2529 1089 2588 ltom.
1177 2549 1179 2553 ·

199 2611 311 2672 'ondfex
334 2629 470 2690 unquam
492 2630 511 2670 a
534 2629 607 2670 vero
630 2608 803 2671 Christiano
825 2609 945 2670 habitus
967 2611 1090 2670 sitnon

200 2695 282 2754 nmus
316 2701 349 2754 et
377 2713 513 2754 summus
535 2693 697 2772 Pontifex,
733 2693 787 2753 sed
816 2692 897 2772 quod
926 2696 1090 2774 episeopus

200 2778 367 2837 eculiariter
400 2777 559 2837 Romanae
592 2776 743 2837 ecclesiae
779 2795 840 2835 non
879 2777 918 2834 sit
950 2778 1091 2856 proprius

199 2861 318 2940 uinaque
334 2859 486 2920 ecclesiae
508 2860 682 2940 episcopus,
703 2858 757 2918 sed
774 2860 899 2939 primus,
923 2859 1005 2939 qnod
1017 2859 1090 2919 alio·

199 2943 242 3020 pin
273 2942 395 3002 debitus
425 2941 527 3001 honor
554 2943 708 3021 episcopis
735 2941 929 3001 inferioribus
956 2961 1019 3002 non
1041 2942 1113 3005 tri·.

199 3032 323 3084 tueretur.
366 3025 480 3083 Verum
508 3023 582 3085 nihil
610 3025 745 3085 criminis
768 3026 862 3100 inest,
892 3025 918 3083 si
940 3027 1090 3106 quispiam

199 3107 261 3168 lam.
291 3105 471 3167 Pontificem
503 3107 708 3168 universalem
740 3106 852 3167 dixerit
886 3125 942 3186 pro
982 3109 1091 3188 primo,

199 3191 283 3250 actim
303 3208 378 3250 vero
402 3189 521 3249 dicetur
549 3208 611 3250 non
633 3191 796 3269 episcopas
817 3190 1012 3266 universalis,
1036 3188 1090 3249 sed

199 3271 353 3332 universalis
384 3271 534 3333 ecclesiae
567 3274 747 3353 episcopus,
776 3272 871 3333 veluti
904 3281 951 3332 est
980 3272 1091 3333 Christi

199 3356 313 3419 acanus.
379 3353 469 3430 Quod
511 3356 661 3416 Dominus
707 3355 900 3416 ambitiosam
935 3355 1092 3436 redarguit

201 3438 384 3516 apostolorum
414 3440 660 3516 contentionem,
694 3439 791 3518 qualis
823 3440 903 3497 inter
935 3439 1091 3499 seculares

203 3573 422 3583 ————-—-—-·
428 3576 473 3582 .-
483 3577 501 3580 --
508 3577 540 3582 .--
548 3575 591 3582 ..—

244 3642 265 3707 1)
283 3646 309 3694 ln
329 3643 390 3698 cod.
410 3640 490 3711 MSo,
514 3647 561 3713 qui
580 3643 734 3697 Loeschero
753 3649 863 3711 praesto
883 3652 956 3710 erat,
984 3645 1029 3698 hic
1047 3645 1092 3698 cd-

283 3714 364 3766 ditnm
387 3716 504 3782 legitur:
534 3721 827 3784 commentantur,
856 3720 884 3770 et
906 3719 938 3771 in
967 3719 1094 3788 margine

270 3783 435 3848 adscriptum
455 3791 529 3838 erat:
548 3787 596 3839 alii
615 3795 861 3849 antevortunt.

214 3842 289 3905 2)]1)
310 3849 443 3905 oulen:
461 3851 499 3907 66
517 3854 584 3911 dist.
649 3898 652 3907 .
