2709 4417
217 345 259 417 28
293 369 299 377 ·
463 349 623 418 Disputatio
640 349 750 418 lipsiae
767 348 864 403 habita
880 363 906 400 a.
926 347 986 401 xix

218 544 316 613 tante,
344 538 422 597 sicut
444 543 474 597 et
496 537 717 616 triumphante:
741 537 772 595 in
798 554 860 616 quc
883 555 953 596 eum
976 533 1134 614 collaudo,

219 619 301 702 quod
323 627 355 680 et
376 620 404 680 in
427 621 488 681 hoc
499 620 536 679 D.
547 619 680 680 iohanni
699 619 729 679 in
745 616 981 699 Apocalypsi*)
1008 635 1135 678 consen·

220 703 271 764 tit:
316 702 385 762 Vidi
407 704 561 763 civitatem
585 709 723 762 sanctam
753 721 865 763 novam
895 698 1134 762 descendentem

219 792 276 846 etc.
297 784 483 865 Atpropius
507 784 622 844 adrem
640 783 839 858 accedentes:
863 783 894 844 Si
915 783 1048 844 ecclesia
1062 781 1136 840 mili·

219 874 286 928 tans
298 887 360 928 uon
372 867 427 927 suit
438 869 504 927 sine
515 867 692 943 monarcha,
703 867 816 930 vellem
827 866 941 944 audire,
963 865 1033 944 quis
1055 871 1139 924 esset

218 950 276 1011 iate
298 949 465 1011 monarcha
487 949 581 1026 alius,
603 957 656 1010 aut
675 967 808 1027 unquam
829 949 938 1009 fuisset
965 948 1025 1006 nisi
1046 947 1138 1011 Rom.

219 1032 376 1110 Pontifex,
398 1039 452 1093 aut
473 1051 551 1111 quae
572 1031 634 1092 alia
655 1033 754 1113 prima
775 1031 864 1092 sedes
884 1032 942 1090 nisi
964 1029 1057 1090 sedes
1079 1028 1137 1089 Pe-

218 1116 256 1176 tri
278 1120 311 1176 et
331 1116 397 1176 eius
427 1113 658 1175 successorum?
700 1114 794 1174 Juxta
820 1113 895 1174 illud
924 1114 958 1178 Β.
982 1111 1138 1193 Cypriani,

219 1198 270 1278 qui
292 1199 323 1258 in
333 1196 474 1277 Epistola
495 1199 523 1260 2.
542 1197 581 1257 ad
597 1196 720 1258 Cornel.
749 1197 837 1259 Rom.
866 1194 1054 1268 Pontificem
1068 1195 1134 1254 scri-

219 1279 313 1357 bens,
335 1287 442 1340 contra
463 1279 654 1340 Novatianos
685 1278 813 1339 subdole
833 1279 964 1339 Romam
988 1275 1133 1338 acceden-

220 1370 276 1439 tes,
298 1364 411 1442 inquit:
446 1362 521 1424 Post
541 1363 600 1422 isto
620 1361 720 1421 adhuc
740 1363 865 1443 insuper
881 1360 958 1422 cedo
977 1361 1131 1440 episcopo,

220 1444 278 1506 sihi
300 1445 339 1505 ab
360 1445 522 1505 haereticis
546 1445 722 1521 constituto,
744 1445 891 1524 navigare
905 1443 1030 1521 audent,
1054 1447 1085 1502 ct
1099 1443 1131 1502 ad

220 1528 304 1588 Petri
325 1526 501 1588 cathedram
523 1533 615 1606 atque
636 1526 801 1586 ecclesiam
821 1526 1035 1606 principalem,
1058 1524 1132 1584 unde

165 1674 168 1682 ,
220 1609 419 1671 sacerdotalis
443 1611 542 1669 unitas
565 1615 673 1669 exorta
696 1617 752 1684 est,
774 1628 793 1668 a
812 1609 1013 1668 schismaticis
1027 1613 1059 1666 et
1070 1626 1131 1685 pro

218 1691 296 1753 fanis
314 1692 417 1752 literas
431 1692 520 1768 ferre,
537 1689 651 1773 ncc**)
667 1691 804 1771 cogitare
816 1710 871 1751 eos
884 1710 953 1750 csse
967 1690 1132 1766 Romanos,

240 1793 346 1834 uorum
369 1772 445 1834 fides
466 1773 505 1834 ah
528 1774 672 1854 apostolo
694 1773 818 1834 laudata
839 1780 895 1850 est,
918 1771 958 1832 ad
977 1790 1057 1851 quos
1072 1790 1133 1851 pcr-

219 1793 292 1916 ddia
312 1855 426 1916 habers
448 1874 511 1917 non
539 1857 638 1935 possit
658 1874 827 1915 accessum.
870 1856 911 1915 Et
930 1855 1132 1933 Hieronymus

218 1937 299 1998 idern
322 1944 450 1998 testatur
470 1947 579 1998 contra
599 1937 825 1999 Luciferianos:
869 1936 1031 1997 Ecclesiae
1055 1936 1133 2013 salus

185 2019 188 2025 ’
218 2021 294 2097 (ait)
320 2021 351 2079 in
374 2021 483 2087 summi
505 2018 674 2080 sacerdotis
697 2020 845 2100 dignitate
873 2018 1005 2098 pendet,
1041 2019 1090 2078 cui
1112 2019 1134 2078 si

218 2122 280 2167 non
310 2121 416 2162 exsors
444 2103 594 2180 quaedam
626 2109 658 2161 et
686 2101 724 2161 ab
748 2101 889 2162 omnibus
917 2102 1056 2161 eminens
1087 2099 1135 2160 de

218 2191 266 2244 tur
286 2190 441 2265 potestas,
476 2190 522 2243 tot
548 2185 579 2242 in
600 2183 740 2243 ecclesiis
769 2183 938 2244 efficientur
960 2184 1136 2260 schismata,

219 2272 294 2346 quot
317 2264 504 2326 sacerdotes.

301 2347 342 2409 Et
370 2348 450 2427 quod
479 2347 531 2407 ille
559 2367 694 2408 summus
722 2347 867 2408 sacerdos
902 2349 942 2407 sit
967 2348 1136 2423 Romanus,

218 2430 315 2510 liquet
335 2429 417 2511 apud
439 2430 571 2490 eundem
590 2431 622 2494 B.
642 2430 862 2510 Hieronymum
885 2430 916 2495 in
939 2429 1058 2490 duabus
1076 2430 1136 2508 epi·

219 2513 305 2574 stolis
338 2512 378 2572 ad
406 2513 574 2572 Damasum
605 2511 737 2592 Papam,
771 2513 855 2571 cuius
888 2513 984 2572 ferme
1017 2511 1138 2590 singula

218 2594 313 2656 verba
334 2594 373 2653 ad
395 2595 563 2654 institutum
586 2595 711 2670 faciunt,
733 2614 836 2654 verum
858 2594 1017 2655 brevitatis
1035 2593 1136 2653 studio

217 2674 273 2753 illa
293 2678 463 2757 signemus:
498 2676 573 2736 Cum
603 2695 782 2738 successore
803 2677 964 2757 piscatoris
997 2682 1029 2736 et
1050 2675 1138 2736 disci·

218 2756 282 2839 puli
304 2758 415 2819 Christi
443 2758 563 2838 loquor.
598 2759 666 2839 Ego
689 2759 803 2818 nullum
820 2760 986 2838 praemium
1004 2776 1138 2837 sequens

219 2841 278 2902 nisi
293 2841 444 2901 Christum
465 2840 646 2901 beatitudini
669 2848 751 2918 tuac,
772 2841 802 2901 id
826 2848 882 2919 est,
905 2840 1072 2903 cathedrae
1084 2841 1138 2900 Pe·

219 2923 255 2985 tri
285 2925 465 2998 consocior,
493 2943 585 3002 super
605 2923 690 2983 illam
712 2923 831 2984 Petram
853 2923 1009 2984 fundatam
1041 2923 1138 2985 ecclc·

218 3007 296 3067 siam
319 3007 394 3066 scic.
436 3004 579 3065 Etinfra:
604 3005 785 3085 Quicunque
808 3014 908 3066 tecum
921 3025 984 3066 non
1009 3004 1138 3085 colligit

219 3087 272 3148 ille
294 3088 450 3166 dispergit.
495 3087 543 3146 Ex
560 3080 675 3165 'quibus
689 3089 817 3167 quisquc
831 3088 930 3148 bonus
947 3087 1138 3148 Christianus

218 3170 308 3230 facile
332 3170 466 3246 coniicit,
488 3170 636 3230 unitatem
652 3170 877 3231 sacerdotalem
899 3170 1020 3231 aRom.
1043 3169 1138 3229 fluere

218 3251 384 3329 Pontificc‚
407 3250 542 3313 stillam
566 3253 660 3312 tuisse
683 3271 805 3332 semper
827 3251 1003 3312 cathedram
1026 3253 1137 3331 princi-

241 3335 333 3412 alem,
356 3343 386 3394 et
409 3333 550 3395 omnihus
573 3334 641 3394 aliis
657 3335 844 3414 praelatam,
867 3346 898 3395 et
918 3334 1001 3412 quod
1023 3333 1078 3394 illa
1101 3335 1140 3394 sit

218 3354 318 3492 gerra,
342 3417 421 3477 sicut
433 3415 640 3497 Hieronymus
662 3415 746 3495 dicit,
770 3437 804 3477 se
819 3418 907 3494 scire,
930 3435 1023 3496 super
1046 3435 1137 3496 quarn

218 3499 345 3559 fundata
375 3501 415 3558 sit
437 3480 576 3559 eccleiin.
600 3498 659 3557 Vel
681 3499 867 3568 reverendus
889 3499 980 3559 Pater
1001 3500 1140 3578 assignet

219 3582 310 3641 alium
335 3581 534 3673 monarcham
557 3581 709 3642 ecclesiae
730 3583 838 3661 priscis
861 3580 1061 3661 temporibus.

211 3751 431 3760 -n———m—--n—-
440 3755 446 3759 .

249 3842 281 3913 ⁴')
301 3847 396 3919 ΑΡθΰ-
424 3846 472 3905 2².
518 3849 570 3917 ⁴⁸⁸)
596 3848 627 3902 ln
650 3844 700 3901 ed.
718 3844 802 3898 tens.
821 3855 870 3892 ne.
