2709 4417
397 388 424 437 ct
442 382 620 438 Sacramenta
639 382 832 438 eucharistiae.
1030 374 1093 446 437

187 582 334 645 uunquam
357 586 520 650 possumus
542 570 665 650 assequi
700 573 766 644 (est
791 568 872 629 enim
894 585 951 629 ceu
971 567 1093 650 quidam

187 649 289 729 gnitns
314 653 493 730 caminus),
525 657 626 712 tamen
649 670 708 712 nos
729 651 858 726 tolerat,
892 651 916 710 si
946 651 995 712 vel
1017 653 1094 712 scin·

187 731 273 791 illam
298 735 433 800 cantatis
454 735 485 795 in
507 734 596 796 nobis
616 735 754 796 relucere
774 732 888 795 videat.

258 815 441 878 Cavendum
463 818 553 898 igitur
575 823 634 892 est,
668 836 736 877 cum
759 837 797 878 ex
819 817 878 878 hac
900 824 989 898 parte
1009 817 1094 878 iuxta

187 916 286 958 mnes
311 899 494 976 laboremne,
516 920 556 960 ne
574 900 613 960 de
636 917 789 980 quoquam
812 899 988 972 iudicemus,
1012 900 1094 979 qnod

187 999 236 1040 ron
261 983 304 1041 sit
326 983 524 1044 Christianus.
567 983 669 1044 Habes
693 985 772 1044 enirn
796 983 970 1063 exemplum
985 982 1094 1043 Christi

187 1082 200 1122 n
225 1066 405 1146 evangelio,
428 1068 478 1146 qui
500 1065 579 1126 adeo
594 1066 726 1147 benigne
738 1066 955 1145 discipulorum
971 1085 1094 1125 suorum

188 1164 299 1206 rrores
321 1154 354 1210 et
375 1149 480 1228 lapsus
508 1149 633 1227 tolerat,
665 1157 697 1209 et
725 1169 781 1209 sua
802 1149 957 1227 sapientia,
973 1148 1094 1208 illorum

187 1229 326 1290 tultitiae
348 1231 429 1292 cedit
450 1239 481 1292 et
502 1233 604 1310 servit,
626 1251 727 1311 neque
740 1231 925 1292 condemnat
946 1251 1000 1292 eos
1012 1232 1094 1303 ideo,

187 1311 260 1390 ,uod
284 1315 346 1373 sint
366 1313 556 1390 infirmiores,
579 1313 634 1375 sed
655 1314 768 1375 blande
783 1315 876 1392 lovel,
898 1313 988 1374 etad
1010 1314 1094 1374 illam

187 1393 384 1457 ufir-mitatem
407 1399 566 1474 connivet,
600 1416 660 1477 quo
694 1416 771 1478 ego,
802 1398 915 1476 inquit,
951 1397 1011 1456 iam
1045 1416 1094 1470 eo,

187 1477 228 1538 llo
263 1497 321 1539 vos
353 1480 499 1541 assedere
527 1500 588 1541 non
611 1480 758 1560 potestis,
789 1481 862 1540 item
895 1478 933 1539 ad
958 1480 1092 1539 Petrum:

187 1558 269 1635 lund
303 1581 362 1643 ego
395 1563 488 1638 facio,
531 1569 563 1622 tu
602 1564 703 1623 nescis
726 1582 834 1639 ponne,
881 1563 960 1622 scies
992 1568 1093 1622 autem

187 1649 296 1705 »osaea
448 1652 454 1664 “

260 1725 313 1788 Sic
333 1726 426 1788 eflicit
447 1729 570 1802 caritas,
603 1735 637 1788 ut
662 1727 799 1788 Christus
827 1726 973 1788 iustitiam
997 1746 1094 1805 suam,

187 1809 337 1886 odicium,
360 1812 544 1889 potentiam,
566 1810 748 1886 vindictam,
776 1827 926 1890 poenam,
951 1811 1024 1870 item
1046 1811 1093 1870 ius

188 1911 282 1968 uum,
315 1891 397 1972 qnod
428 1900 491 1954 tum
519 1895 549 1954 in
572 1911 645 1969 nos,
681 1899 743 1952 tum
765 1893 795 1951 in
830 1899 957 1973 peccato
988 1898 1094 1954 nostra

187 1974 286 2053 rubet,
320 1977 445 2038 omnino
468 1976 614 2056 negligat.
658 1975 832 2036 Merebatur
853 1974 976 2054 quidem
998 1976 1093 2036 stulti·

186 2059 219 2118 ia
240 2063 348 2118 nostra
370 2058 613 2136 damnationem,
648 2077 753 2118 verum
776 2077 837 2119 non
866 2057 992 2119 damnat
1025 2076 1093 2135 nos,

187 2147 356 2202 commonet
386 2160 459 2221 nos,
495 2141 576 2221 quod
605 2141 851 2222 peccaverimus,
887 2140 968 2219 quod
1002 2140 1094 2201 stulte

187 2225 347 2304 rgerimus,
382 2243 444 2284 non
475 2231 578 2284 tamen
608 2223 678 2284 ideo
713 2223 824 2284 abiicit.
874 2222 969 2283 Vides
1003 2223 1095 2303 igitur

187 2326 239 2366 ron
274 2324 343 2367 esse
377 2307 533 2366 minimum
566 2308 646 2367 inter
677 2307 812 2367 caritatis
850 2304 966 2382 officia,
1000 2324 1094 2385 posse

187 2389 312 2449 olerare
337 2390 468 2469 proximi
491 2387 715 2466 infirmitatem,
747 2389 797 2448 vel
824 2390 854 2447 in
884 2387 959 2465 fide,
994 2388 1042 2447 vel
1064 2389 1094 2447 in

187 2471 314 2534 raritate.

262 2553 443 2632 Quanquam
468 2561 568 2614 autem
587 2554 697 2614 Christi
721 2553 895 2633 exemplum
917 2552 1095 2629 habeamus,

187 2639 229 2716 qui
251 2634 333 2698 adeo
355 2637 475 2717 placide
497 2656 619 2697 suorum
643 2636 861 2716 discipulorum
887 2642 987 2696 errata
1008 2634 1094 2695 tulit:

187 2738 241 2782 ron
264 2726 367 2780 tamen
399 2719 470 2779 ideo
502 2719 551 2778 vel
581 2718 741 2779 infirmitas
763 2720 894 2798 proximi
917 2718 966 2779 vel
989 2736 1095 2797 pecca-

187 2823 241 2863 um
266 2809 314 2863 est
327 2801 560 2863 defendendum.
597 2801 648 2863 Sic
660 2803 739 2862 enim
763 2802 802 2861 ad
814 2801 935 2861 Petrum
958 2800 1031 2860 dicit
1040 2800 1057 2835 ¹¹
1069 2816 1075 2866 t
1088 2819 1095 2858 :

187 2885 264 2947 lcies
285 2893 410 2965 postea,
434 2885 504 2964 qnid
527 2886 587 2945 iam
609 2886 729 2945 faciam.
774 2884 821 2944 Ad
842 2891 963 2963 tempus
987 2883 1096 2944 tolera·

187 2970 222 3029 rit
243 2969 309 3029 eius
321 2967 537 3045 infirmitatem,
558 2967 686 3048 perinde
709 2986 746 3027 ac
767 2968 792 3027 si
814 2967 859 3026 sic
881 2965 976 3027 dicat:
999 2965 1096 3026 Tuam

187 3051 339 3112 rtultitiam
373 3057 404 3110 et
435 3050 640 3111 infirmitatem
674 3050 757 3110 illam
791 3049 861 3109 fidei
897 3048 1035 3110 tolerabo
1067 3056 1097 3108 et

187 3152 305 3214 ¹curcum
328 3132 401 3212 tibi,
424 3132 517 3193 modo
541 3135 655 3194 sentias
678 3133 800 3213 longius
824 3130 879 3193 tibi
901 3131 1096 3212 progredien-

187 3216 253 3276 inm
276 3234 355 3292 esse,
377 3223 469 3295 atque
491 3235 543 3293 ea,
578 3235 656 3295 quae
678 3218 708 3276 in
732 3217 842 3276 teiam
866 3215 993 3275 haerent
1013 3213 1096 3290 vitia,

187 3298 374 3360 emendanda
407 3318 443 3358 ac
476 3299 637 3378 mutanda,
672 3319 712 3360 ne
746 3299 863 3359 otiosus
904 3316 941 3357 ac
973 3315 1096 3356 securus
1188 3351 1190 3355 ,

187 3401 265 3464 rges.

263 3464 335 3524 Non
347 3466 447 3545 igitur,
462 3471 624 3544 postquam
635 3471 857 3525 sacramentum
872 3461 1098 3541 sumpserimus,

187 3547 376 3629 negligentes
405 3554 458 3607 aut
490 3548 607 3608 otiosos
639 3567 708 3608 esse
742 3547 895 3607 convenit.
945 3543 1005 3605 Sed
1037 3543 1097 3604 hoc

187 3631 284 3711 potius
307 3628 521 3710 praestandum
544 3637 606 3707 est,
634 3639 667 3690 ut
689 3631 798 3690 caritas
821 3627 949 3692 subinde
971 3633 1098 3704 crescat,

187 3720 224 3792 ut,
247 3714 273 3773 si
297 3731 357 3792 qua
378 3714 408 3771 in
430 3733 464 3773 re
483 3712 604 3773 laborat
624 3714 798 3793 proximus,
820 3731 876 3771 nos
898 3711 942 3770 illi
963 3709 1103 3770 feramus-

216 3833 385 3840 -ffl-u—
389 3835 458 3841 ...-
461 3835 601 3843 ...η-μ...-

187 3834 254 3947 ῑ)
274 3879 373 3932 lobon.
395 3882 440 3939 13.
