2709 4417
237 336 289 437 86
455 371 609 442 Disputatio
628 340 892 442 Lipsiae³habita¹a
912 371 974 429 xlx

240 536 382 638 ditiosos,
403 564 435 635 et
453 534 573 638 piarum
594 553 638 640 ¹),
650 532 770 641 ebrium
793 534 981 641 odensiv'os}
1013 546 1135 645 quonian

239 643 271 705 in
300 659 511 722 quemcunque
546 638 686 711 ordinem
715 640 871 725 redegerit
901 638 973 705 illos
1003 646 1137 727 articulos,

238 745 302 789 non
322 731 453 805 possunt
489 723 549 785 dici
577 723 821 811 christianispimi
850 732 881 787 et
903 727 1086 809 evangelici„
1115 728 1138 799 et

239 809 377 889 quamvis
398 827 461 870 non
483 808 699 888 assumpserim
721 807 804 870 hunc
818 807 959 872 laborem
973 810 1140 874 defendendi

238 898 334 954 totam
356 890 508 972 synodum
529 891 561 951 in
583 891 783 953 articulorum
806 891 1081 974 condemnatione,
1100 892 1139 959 do-

244 994 366 1037 ceamus
387 983 488 1036 tamen
511 972 636 1053 aliquid,
659 981 690 1035 et
712 974 867 1039 brevibus.
921 1030 925 1045 ,

319 1093 489 1154 Articulum
507 1093 638 1172 primum
659 1091 776 1155 iudicat
797 1093 1006 1173 catholicum,
1036 1101 1067 1156 et
1085 1115 1141 1158 esse

240 1178 402 1259 Augustini
423 1194 491 1255 cap.
515 1178 543 1239 6.
576 1194 669 1256 super
690 1176 803 1238 Johan.
821 1176 925 1240 Dico:
955 1177 1048 1239 Forte
1072 1187 1143 1240 reve·

239 1260 350 1322 rendus
372 1259 462 1319 Pater
484 1258 658 1338 benigniter
679 1260 897 1339 interpretatur
917 1260 1087 1339 articulum,
1100 1263 1143 1323 sed

238 1345 378 1423 quiores
401 1361 462 1403 non
479 1343 630 1418 sermoni,
653 1342 708 1402 sed
732 1361 834 1404 sermo
856 1344 901 1404 rei
923 1350 972 1405 est
993 1343 1144 1424 subiectus,

169 1482 174 1491 .
238 1446 301 1488 non
322 1426 442 1487 fuerunt
463 1424 577 1504 stupidi
599 1425 723 1487 concilii
745 1424 934 1501 definitores,¹
965 1426 1079 1489 Verum
1098 1436 1145 1506 est,

238 1530 330 1571 unam
351 1514 489 1570 sanctam
512 1514 542 1567 et
563 1507 769 1569 universalem
791 1528 861 1571 esse
883 1508 1069 1590 ecclesiam,
1101 1511 1145 1575 sed

239 1592 322 1673 quod
344 1592 384 1653 sit
404 1598 613 1669 tantum-una,
635 1593 715 1669 sicut
735 1597 783 1652 est
803 1607 881 1657 unus
903 1613 1049 1654 numerus
1070 1612 1143 1685 prpe·

239 1675 459 1737 destinatorum
480 1675 519 1734 ad
540 1674 724 1735 Huseitioam
747 1674 995 1756 intelligentiam,
1018 1682 1066 1737 est
1084 1674 1142 1759 hee

238 1759 465 1836 retioissimum,
489 1775 549 1837 quo
570 1758 637 1836 ipse
659 1756 765 1835 voluit,
790 1759 960 1820 existentes
982 1760 1013 1819 in
1030 1767 1144 1840 peccato

239 1841 379 1918 mortali,
418 1840 502 1902 velut
523 1841 635 1901 amissa
657 1838 739 1919 lide,
777 1861 839 1901 non
862 1861 931 1903 esse
960 1843 993 1903 in
1015 1838 1143 1923 ecclesie,

241 1944 309 1985 oum
333 1931 434 1986 tamen
456 1942 585 2002 regnum
608 1921 766 1985 coelorum
788 1944 807 1985 a
829 1922 951 1987 Christo
974 1926 1010 2002 *)
1036 1944 1144 2009 oqmpp·

239 2015 321 2069 retur
343 2007 450 2069 decem
473 2003 666 2086 Virginibus,
689 2005 740 2067 ubi
763 2007 897 2087 quinque
919 1998 1143 2089 erant‘pruden-

241 2098 297 2170 tes,
318 2092 452 2170 quinque
473 2109 547 2150 vero
569 2088 682 2167 fatuae,
705 2108 774 2150 cum
794 2090 919 2169 reliquis
939 2089 1093 2173 parabolis
1111 2093 1141 2153 ei·

240 2173 309 2235 dem
346 2172 504 2254 proposito
530 2170 783 2235 deservientibus.
825 2173 935 2255 Neque
969 2173 1141 2255 Augustinus

239 2263 325 2319 tract
348 2259 397 2322 26.
429 2275 520 2336 super
540 2255 712 2317 Johaunem
746 2255 820 2316 iacit
842 2258 938 2318 iotam
971 2254 1011 2317 ad
1032 2256 1140 2327 Hussiti·

243 2359 311 2403 cum
333 2340 542 2420 propositum,
573 2339 822 2415 communionem
851 2336 1055 2403 eucharistiae
1075 2359 1140 2403 com-

240 2421 398 2501 mendans,
421 2421 542 2502 dequo
566 2421 690 2482 lectoris
713 2420 854 2483 desidero
877 2421 1036 2486 iudicium.

321 2539 367 2599 lta
387 2538 425 2599 de
446 2538 507 2600 alio
531 2537 604 2598 dicit¹
624 2538 770 2599 articulo:
792 2539 880 2600 Duae
893 2546 1032 2619 naturae,
1054 2540 1140 2603 muna

242 2630 272 2682 et
293 2622 436 2701 humana,
459 2642 536 2682 unua
559 2628 607 2682 est
629 2621 776 2683 Christus.
798 2621 881 2682 Nihil
902 2643 960 2703 pro
982 2623 1045 2685 hoc
1064 2623 1140 2684 addu-

240 2707 295 2783 xit,
309 2706 368 2765 nisi
390 2704 472 2784 quod
495 2707 534 2765 sit
557 2705 596 2765 de
618 2703 690 2765 fide.
720 2705 753 2765 lu
776 2705 935 2766 Athanasii
958 2705 1096 2787 symbolo
1114 2705 1138 2784 ²)

241 2789 330 2851 aliter
350 2788 489 2869 legimus,
503 2788 585 2849 Deus
608 2793 639 2847 et
659 2788 754 2849 homo
766 2807 844 2848 unus
864 2796 911 2849 est
926 2788 1073 2869 cbristus,
1091 2808 1140 2851 non

245 2873 343 2934 deitas
364 2877 396 2932 et
416 2871 597 2932 humanitas.

322 2990 357 3050 ln
378 2989 438 3051 alio
461 2987 610 3050 articulo:
633 2988 743 3061 divisio
759 2987 936 3063 immediata
957 2994 1142 3070 opernmetc.

241 3093 333 3154 quarn
361 3074 428 3153 ipse
456 3073 530 3132 mire
551 3073 584 3131 in
607 3090 655 3131 me
683 3075 856 3150 retorquet,
888 3077 920 3131 et
955 3073 1043 3151 quasi
1068 3092 1143 3133 ame

243 3156 335 3223 iudex
357 3157 464 3217 citatus
480 3175 567 3215 suum
581 3154 732 3235 collegam
746 3153 933 3214 exclamavit
943 3148 1143 3234 triumphadse.

242 3241 289 3301 De
311 3258 370 3319 quo
390 3258 447 3299 vos
470 3256 592 3316 omnes,
627 3238 678 3316 qui
700 3234 897 3321 interfuistis,
931 3238 1064 3321 potestis
1083 3237 1144 3298 dare

235 3323 461 3400 testimonium,
484 3339 573 3401 quam
595 3320 755 3381 verissime
770 3316 881 3381 dixerit
901 3320 1087 3382 reverendus
1100 3321 1145 3383 Pa·

244 3412 299 3479 ter,
321 3411 352 3466 et
375 3404 548 3485 encomium
570 3404 653 3483 prius
676 3403 788 3464 cecinit
810 3408 882 3463 ante
903 3402 1065 3464 victoriam
1086 3403 1144 3464 V'ui·

245 3487 430 3570 tembergae,
452 3488 514 3549 iem
537 3485 619 3549 alind
641 3486 750 3564 etiam,
772 3486 858 3569 quasi
879 3483 1000 3566 perdita
1021 3487 1144 3548 victoris.

266 3773 297 3840 l)
314 3773 348 3828 ln
370 3773 412 3829 ed.
434 3773 515 3830 Jem:
542 3740 684 3843 ipsarum.
719 3767 757 3834 ’ἢ
772 3740 809 3819 ln
825 3763 871 3816 ed.
889 3763 975 3828 orig:
993 3724 1046 3811 lux
1059 3737 1148 3810 lutum

210 3846 302 3906 tiano
322 3848 412 3905 aliter
434 3849 574 3920 legimus.

248 3921 282 3990 ⁴)
303 3920 412 3983 Matth.
440 3922 490 3992 25.
