2709 4417
206 390 215 410 ,
269 341 331 408 196
464 341 622 412 cispiaco
640 344 749 412 mpure
767 344 862 397 nsum
880 314 905 398 ι’.
924 345 986 396 xlx
1072 391 1076 406 x

270 537 347 591 tates
369 531 428 590 iam
453 547 613 609 expressas
632 529 769 608 oportuit
785 528 968 607 confutatas,
974 554 976 556 ·
992 535 1024 588 et
1044 528 1162 592 illamlt.

271 614 431 693 Augustini
455 631 522 691 cap.
544 615 573 675 3.
606 611 645 671 dc
677 613 748 690 spir
784 619 817 671 et
849 612 909 671 ιιι·
943 612 1020 672 Cum
1050 616 1212 707 cqeperit
1202 630 1212 679 ι

270 715 332 757 ncu
356 696 459 773 latere,
482 694 638 773 quomado
661 694 827 755 vivendum
850 702 907 771 est,
932 695 990 755 nisi
1013 696 1107 774 gratia
1125 695 1165 756 du·
1206 718 1212 737 ··

270 788 367 856 uetur,
390 797 452 839 non
466 779 638 857 suscipitur,
661 796 724 837 non
747 777 826 838 bene
843 779 963 840 vivitur
988 777 1090 837 Vadat
1108 797 1166 858 erga

271 880 339 924 cnm
353 880 409 922 suc
426 861 528 921 servili
544 863 663 937 timore,
687 861 737 939 qui
753 880 814 920 non
836 869 989 940 operatur,
1012 862 1070 919 nisi
1063 859 1167 920 odium

269 944 347 1024 legis
369 952 402 1004 et
421 944 494 1021 Dei,
522 953 552 1004 et
580 964 647 1004 cum
669 945 778 1004 iniuria
809 951 937 1004 vacatur
958 943 1122 1022 disponens
1140 945 1167 1003 ad

271 1029 412 1107 gratiam.

352 1104 861 1204 lnvenitetiarnaeqqivocatiouem
876 1127 1005 1222 getiae,
1018 1125 1106 1186 aliam
1116 1146 1168 1188 csse

272 1211 449 1287 caritatem,
477 1210 568 1270 aliam
597 1208 727 1286 donum,
757 1227 826 1287 quo
850 1212 979 1289 primum
1022 1228 1168 1275 movemm

272 1293 423 1353 Transeat
442 1256 520 1351 baec
542 1293 602 1351 dist
590 1293 715 1369 tinctio,
750 1292 824 1351 nibil
847 1289 887 1352 ad
908 1294 1116 1372 propositum,
1135 1304 1169 1353 est

272 1377 369 1436 elusio
391 1374 552 1436 verborum
567 1375 661 1438 Pauli
685 1375 879 1435 Clarissimus
901 1384 949 1435 cst
970 1382 1072 1435 textus
1092 1377 1169 1456 Pauli

272 1461 328 1518 nisi
356 1460 455 1538 gratia
490 1465 520 1518 ct
553 1460 661 1517 caritas
700 1458 792 1517 faciat
823 1477 880 1518 nos
913 1458 1044 1538 diligere
1078 1458 1167 1540 legen,

275 1542 326 1601 lex
350 1560 471 1621 semper
493 1543 567 1600 iram
591 1548 743 1620 operatur.
765 1538 834 1600 Hac
856 1541 969 1601 donum
989 1548 1094 1602 autem
1096 1561 1168 1638 ‚qua

272 1626 400 1704 primum
430 1643 607 1700 movemur,
646 1643 707 1683 nun
730 1623 843 1704 diliget
859 1625 983 1705 legem,
1006 1623 1060 1684 sed
1077 1627 1167 1732 caritas

272 1709 404 1787 spiritus.
509 1717 510 1722 ’

354 1825 478 1902 Tertio,
513 1824 666 1883 concessit
700 1825 839 1883 timorem
870 1843 940 1885 esse
969 1825 1167 1885 infructuosum

274 1909 340 1968 sine
363 1870 510 1984 caritatis,
544 1917 574 1966 et
595 1907 656 1966 hcc
678 1907 793 1965 nullum
816 1927 958 2003 negasse
981 1907 1168 1987 Respondeo.

195 2010 200 2035 ¹
272 1991 334 2052 Cur
354 2010 428 2071 ergo
451 1990 564 2050 docent
587 1989 790 2049 infructuosas
803 1992 1041 2091 poenitentias
1063 1998 1093 2050 et
1111 1992 1169 2050 resi·

273 2073 450 2133 attuntmihi
463 2074 648 2132 fructuosam
667 2068 819 2133 decenti?
807 2073 997 2152 lRelinquo
1020 2074 1098 2132 banc
1117 2093 1169 2132 esse

207 2152 211 2162 '
272 2158 402 2216 omnino
423 2155 598 2217 subversam
624 2175 691 2214 cum
716 2162 761 2215 tot
783 2157 938 2235 opusculis
963 2157 1131 2237 Augustini,
1148 2164 1170 2215 et

155 2282 160 2290 ι
275 2240 299 2304 si
321 2239 509 2320 Augustinus
534 2258 596 2298 nou
601 2238 753 2327 Ufaceret
788 2244 835 2298 tot
856 2238 1056 2318 fulminibus,
1085 2246 1169 2300 tamen

275 2342 352 2382 unus
374 2323 485 2382 Paulus
508 2293 664 2381 concludit
675 2340 801 2400 ,opera
816 2341 1026 2403 quaecunque
1047 2286 1116 2402 brute
1134 2341 1170 2381 ca·

273 2406 393 2465 ritatem
416 2424 484 2466 esse
505 2411 634 2485 peccata
655 2367 687 2464 ιιι
708 2403 895 2465 damnabilia
932 2418 963 2466 et
992 2405 1170 2500 indispuucn

274 2489 316 2548 tia
274 2487 375 2548 tad
397 2489 536 2567 gratiam.
565 2485 605 2546 Et
627 2507 682 2567 per
704 2487 781 2548 haec
801 2486 885 2549 dicta
905 2489 1003 2550 ferme
1024 2487 1064 2549 ad
1086 2489 1172 2549 amnia

194 2632 200 2641 ,
274 2590 330 2631 sua
358 2571 505 2650 replicata
538 2569 719 2650 responderi
741 2570 853 2651 potest.
895 2571 965 2652 lpse
989 2573 1109 2651 quidem
1127 2589 1170 2667 pra

263 2649 360 2714 'marc
383 2673 438 2713 suo
460 2652 542 2713 dicta
556 2653 730 2733 Scripturas
746 2652 869 2714 divinae
881 2661 1033 2736 temperat
1048 2654 1087 2715 ad
1107 2654 1172 2713 dicta

275 2737 415 2815 Panum,
448 2737 510 2796 imo
533 2736 625 2796 trahit
645 2736 685 2797 ad
706 2736 942 2816 intelligentiam
965 2759 1075 2817 suam,
1098 2756 1172 2816 quan

199 2862 203 2871 «
274 2819 366 2880 habet
386 2821 417 2878 in
433 2818 580 2898 Patribus,
603 2839 670 2880 cum
694 2820 797 2900 potius
811 2826 920 2881 ccntm
942 2824 1058 2901 scripta
1067 2822 1171 2881 Patrun
1202 2824 1212 2909 ᾖ

275 2902 409 2965 debeant
430 2903 569 2980 conferri,
592 2909 623 2962 et
643 2902 770 2993 iudicari
792 2902 830 2962 ad
854 2903 935 2963 dicta
957 2904 1137 2985 Scripturas.
1206 2906 1212 2937 '³

356 3016 482 3097 Quarta,
504 3039 567 3080 non
590 3022 703 3100 accipit
714 3021 797 3100 quod
820 3024 982 3102 assumpsi,
1005 3022 1173 3082 ncsdeberc

273 3104 375 3165 facere
396 3102 627 3162 laudabiliorem
650 3103 742 3163 illam
757 3106 997 3184 poenitentiam,
1028 3106 1090 3166 aed
1108 3105 1175 3180 dicit,

274 3206 332 3247 nus
355 3205 448 3267 posse
461 3187 551 3246 etiam
575 3185 687 3282 dignos
710 3187 824 3247 tructus
846 3190 1059 3268 poenitentiae
1079 3189 1175 3281 sapere

275 3271 301 3330 si
323 3289 343 3329 a
363 3272 473 3330 timore
494 3269 708 3347 inceperimus
751 3271 820 3330 Hac
839 3270 1067 3333 secundumB.
1090 3235 1175 3352 A'·ugu

203 3363 211 3381 ·
276 3354 387 3414 stinum
410 3353 455 3412 sic
476 3371 617 3448 θιιροιιο·
641 3351 673 3413 si
685 3362 813 3431 peccata
826 3356 961 3433 peccatis
975 3354 1187 3429 addiderimuq·

276 3455 395 3514 cum,u
398 3436 551 3514 tsacpias
573 3438 633 3495 iam
657 3435 770 3497 dictum
793 3443 856 3514 est,
881 3438 1030 3519 quidquid
1053 3447 1123 3499 ante
1141 3456 1177 3496 sa·

277 3526 378 3579 natam
413 3537 467 3597 per
492 3520 621 3598 gratiam
648 3520 839 3580 veluntatem
862 3520 916 3600 fit,
946 3522 1063 3582 fructus
1093 3522 1179 3581 naulae

276 3601 393 3662 arboris
414 3602 469 3677 sit,
505 3614 597 3680 quae·
611 3621 673 3662 non
696 3612 800 3682 potest
821 3602 921 3666 bonos
943 3606 1059 3666 fructus
1081 3604 1179 3666 lacere.

270 3683 356 3768 Ergo
378 3704 436 3768 per
458 3685 600 3748 timorem
613 3687 760 3747 servilem
777 3707 936 3764 nunqnam
954 3691 1130 3766 qcrucnitur
1147 3686 1179 3748 ad

263 3771 442 3836 caritatem.

344 3857 492 3940 Quinto,
533 3856 669 3918 innixus
700 3837 864 3932 (magaria
897 3865 996 3924 super
1016 3842 1213 3902 &affixum
