2709 4417
424 357 483 406 suis
500 352 608 421 lipsien
626 350 770 420 disputetis
790 368 814 404 u.
833 351 903 427 m.
1066 340 1133 415 Ἠ)

240 539 366 599 rumore
387 537 480 596 etiem
503 535 604 598 servili
625 537 719 616 ineipi
742 535 951 608 oontenderit‚
972 535 1022 596 vel
1043 536 1130 618 igno·

240 640 292 682 rens
315 619 363 679 vel
385 618 602 697 dissimulans,
636 618 718 699 quod
751 620 870 681 servilis
898 620 989 679 timer
1018 620 1050 679 in
1071 619 1131 680 hoo

239 706 284 764 vito
301 721 362 762 non
381 704 505 780 penitus
527 702 650 764 tollitur.
684 702 761 765 Ideo
785 705 877 764 etiem
900 701 1000 762 infuse
1021 703 1130 783 gretie,

239 804 298 866 ques
317 786 422 864 iuoipit
443 786 686 864 poenitentium,
720 787 861 849 timorem
883 785 1025 845 servilem
1049 803 1131 846 eom·

238 874 340 940 novet,
372 868 464 927 simul
487 887 618 947 operous
640 869 780 930 timorem
803 868 944 945 filialem,
979 887 1047 928 eum
1070 869 1132 928 sint

237 971 311 1030 opero
331 950 387 1010 Dei
410 950 578 1029 terribilis,
611 950 683 1012 dum
705 951 913 1013 vivillentnrus
936 950 1049 1011 oeeidit
1070 958 1129 1012 ete.

235 1035 272 1095 dn
289 1041 387 1093 sutem
410 1034 533 1094 emmae
555 1040 661 1095 essent
681 1042 783 1097 oense
801 1035 840 1096 de
861 1035 960 1097 solute
981 1040 1012 1094 et
1032 1034 1131 1114 gretie

235 1120 256 1177 io
273 1117 313 1176 eis
334 1124 509 1196 augeretur,
531 1116 596 1177 dixi
618 1135 666 1177 me
688 1119 823 1191 nescire,
844 1119 930 1179 iuxta
951 1117 1131 1196 disputatio·

233 1219 287 1259 nem
312 1218 411 1259 menni
443 1200 474 1258 in
495 1199 701 1271 resolutorie,
739 1201 870 1262 neednm
903 1202 970 1281 ipse
1005 1199 1130 1261 demon·

234 1282 321 1342 suono
346 1284 554 1360 eontrarium,
585 1284 629 1342 its
660 1283 762 1344 edhne
787 1283 889 1346 medie
922 1282 1036 1363 pendet
1063 1301 1130 1344 sen·

233 1366 319 1427 tende.
1142 1364 1144 1371 '

297 1482 342 1542 De
364 1481 560 1580 indulgentiis
583 1500 683 1561 poene
709 1481 951 1579 concordemus,
987 1500 1066 1561 quse
1100 1488 1133 1543 et
1199 1525 1202 1534 ·

231 1585 311 1662 prope
332 1564 362 1624 in
385 1566 478 1625 risum
501 1561 661 1639 obierunt,
701 1565 850 1644 siquidem
877 1575 907 1625 et
939 1567 1006 1645 ipse
1027 1565 1130 1645 palem

230 1651 253 1708 in
272 1647 377 1730 vulgus
401 1647 736 1789 quopueeoneionetus
759 1655 815 1727 est,
837 1668 900 1710 non
923 1667 992 1708 esse
1008 1646 1129 1727 quidem

230 1751 270 1792 eos
284 1737 468 1791 contemnen
493 1748 536 1808 es,
558 1749 617 1789 nee
638 1731 771 1790 temen
763 1750 792 1790 ιι]
811 1732 855 1791 eis
868 1729 1034 1806 fidendum,
1057 1749 1130 1810 quo·

228 1813 306 1874 nodo
331 1832 355 1873 sr
348 1813 498 1873 fuissent
509 1831 564 1892 per
576 1812 833 1956 indulpentiarios
846 1779 1052 1893 praediceted,
1073 1831 1132 1872 nee

227 1895 373 1993 llartini1)
398 1914 512 1956 nomen
528 1894 622 1956 hodie
634 1896 665 1956 ul
679 1916 713 1956 us
725 1897 803 1957 sorte
825 1904 940 1958 nosset.
964 1895 1025 1956 Sed
1048 1896 1107 1955 et
1098 1915 1129 1957 in

227 1980 342 2059 seipsis
364 1980 424 2039 iem
444 1978 500 2038 diu
514 1979 710 2055 corruissent,
733 1978 933 2041 morientibus
954 1997 1027 2058 pree
1049 1978 1130 2039 ieme

228 2061 635 2141 Commisseriis,s1populns
653 2063 800 2139 novisset,
821 2081 882 2123 non
897 2081 966 2123 esse
987 2062 1018 2121 in
1041 2061 1084 2120 eis
1095 2058 1127 2143 ²)

226 2144 377 2204 fidendum
403 2144 507 2224 ltaque
530 2162 619 2223 quem
644 2163 703 2225 ego
725 2145 791 2205 fore
812 2144 956 2224 putabam
980 2162 1129 2204 summam

226 2227 357 2308 disputet
348 2228 430 2288 1onis
454 2233 485 2288 et
505 2245 569 2287 rem
583 2246 717 2288 omnium
727 2228 1028 2308 periculosissimam,
1049 2226 1129 2289 odeo

225 2312 279 2371 sine
302 2311 433 2391 negotio
456 2309 654 2385 eonieeimus,
676 2317 709 2370 ut
730 2310 803 2371 nihil
825 2312 888 2372 lere
909 2311 1033 2390 segnius
1054 2315 1129 2370 troo

225 2394 395 2467 laverimus,
427 2393 489 2453 imo
511 2410 666 2471 nunquam
690 2394 841 2455 infelicius
865 2401 896 2454 et
917 2393 1056 2453 miserius
1077 2392 1129 2453 he-

224 2474 343 2536 buerunt
363 2474 583 2556 indulgentiae.

292 2591 398 2667 Quare
433 2593 509 2653 setis
533 2574 616 2653 drus
645 2594 754 2653 mansit
783 2612 884 2654 sermo
918 2611 1003 2652 meus
1026 2591 1064 2652 ds
1085 2593 1133 2652 ins

221 2672 376 2755 dulgentiis
401 2674 585 2735 verneoulus·
603 2694 671 2737 eum
693 2675 759 2750 liis,
792 2695 871 2754 qnee
892 2677 922 2735 in
945 2675 1131 2736 resolutorie

218 2765 241 2816 et
260 2769 372 2821 eontra
394 2756 572 2818 silvestrum
595 2758 625 2819 in
647 2758 810 2819 honorem
834 2759 966 2838 seripsi,
987 2757 1059 2818 lieet
1079 2757 1135 2818 vel·

217 2858 295 2901 more
318 2859 388 2914 suo,
412 2841 491 2900 vel'
483 2860 566 2901 iussu
588 2840 727 2902 innuenti
750 2842 799 2901 sui·
819 2861 880 2903 non
903 2842 1038 2920 potuerit
1058 2859 1132 2900 eunr

214 2922 457 3002 irreprehensum
479 2923 668 3002 relinquere,
696 2943 827 2984 museus
850 2922 932 3001 quod
954 2923 1128 3002 deciperem

211 3001 352 3067 homines
373 3005 475 3066 verbis
496 3007 593 3079 meis,
632 3013 664 3066 et
686 3007 777 3066 vitem
799 3025 911 3067 novem
944 3014 976 3066 et
996 3024 1132 3080 emeem,

211 3105 307 3166 quem
325 3088 422 3149 eDeo
445 3089 555 3166 requiri
578 3089 608 3147 in
631 3089 953 3168 peeeetorediserem,
975 3094 1036 3148 tem
1059 3106 1128 3167 pro-

208 3169 321 3231 fundus
345 3171 510 3266 theologus
532 3190 593 3230 non
611 3170 762 3232 intellexit
784 3171 942 3232 inoludere
963 3190 1054 3232 omne
1076 3188 1127 3249 ge·

207 3272 264 3313 nus
289 3253 372 3327 meli,
394 3254 487 3313 etium
511 3242 665 3314 mortisin
687 3253 892 3315 boemundo.
921 3254 987 3314 Nee
1010 3253 1128 3328 mirum,

206 3337 280 3414 quin
303 3355 366 3401 non
385 3334 582 3419 Scripturas,
616 3355 676 3395 nee
702 3345 806 3416 leopos
828 3338 915 3414 eius,
948 3336 1001 3397 sed
1024 3336 1126 3395 lumen

207 3427 358 3495 naturae,
381 3412 599 3493 Aristotelem,
620 3425 652 3478 et
672 3418 859 3480 illuminatos
882 3419 991 3481 eodem
1013 3417 1126 3478 lumine

207 3501 353 3562 doctores
376 3499 526 3563 duntnxet
544 3500 632 3580 legit
652 3500 691 3561 Et
712 3509 814 3562 teuren
836 3503 920 3562 velut
929 3499 1023 3562 Moab
1044 3519 1126 3560 erro·

208 3584 406 3663 gentissimus
434 3583 503 3662 plus
531 3602 731 3664 praesumens
762 3604 851 3665 quern
875 3590 1000 3665 posset,
1023 3582 1127 3642 omnin

224 3722 359 3729 —.-—-
366 3721 617 3730 ·-—-..„..-———-·-..
627 3723 640 3728 -

224 3809 308 3873 1).1n
327 3812 370 3864 ed.
389 3815 469 3873 len:
488 3817 615 3878 Lutlreri.
655 3821 692 3888 2)
715 3823 804 3883 loide
824 3843 887 3884 eu.
