2709 4417
282 376 347 451 214
531 387 623 441 Resol.
642 389 670 442 L
688 403 774 457 super
790 380 980 456 Proposition.

283 593 350 633 snm
372 572 512 650 reddere,
534 572 607 632 dum
624 573 697 632 mihi
719 579 751 633 et
764 573 924 652 ingenium
947 575 981 632 et
1001 567 1181 631 eruditionem

282 663 389 716 nescio
417 665 561 734 quantam
590 655 704 717 tribuit.
745 654 824 714 Nam
855 661 889 714 ut
918 654 982 715 hoc
1002 653 1102 747 etiam⁸
1115 654 1182 729 scias,

282 737 808 882 tdtz’tfltlttt'lltltt
830 737 1050 896 titlttlti
1073 734 1182 878 litt

282 913 315 963 et
334 904 516 983 Lipsenses,
543 903 623 963 adeo
657 903 823 984 (qnantum
853 903 937 962 fama
967 902 1055 980 cepi)
1086 906 1116 959 nt
1137 901 1179 960 nisi

281 986 377 1045 Eccio
397 986 600 1062 §subsidiarias
628 1005 705 1065 opes
734 983 928 1044 suffecissent
955 985 1030 1063 ipsi,
1053 982 1179 1042 fateantur

270 1068 406 1127 ,lilccium
469 1087 519 1127 me
540 1069 634 1127 inisse
655 1075 861 1147 prostratum,
894 1073 989 1144 atque
1011 1067 1055 1125 ite
1074 1066 1178 1125 victoria

280 1153 340 1209 ium
363 1150 403 1208 ab
488 1153 518 1210 io
540 1152 571 1209 in
592 1150 757 1230 Lipsenses
777 1151 886 1228 incipit
907 1151 1051 1230 migrare.
1087 1147 1177 1207 Rursus

281 1232 411 1306 dicitur,
443 1233 528 1291 illum
552 1232 747 1312 magnificum
769 1238 1017 1310 contemptorem
1039 1230 1176 1309 Lipsenses

261 1314 423 1373 hahuisse
445 1334 501 1393 pro
523 1314 612 1375 bonis
635 1316 760 1393 quidem
782 1313 974 1392 hominibus,
1009 1312 1111 1390 sedin
1130 1314 1174 1390 qui-

278 1395 336 1455 hus
358 1396 451 1477 longe
472 1397 559 1475 plura
580 1404 758 1477 sperasset,
788 1403 821 1456 et
849 1415 884 1456 ee
905 1397 1006 1459 solum
1020 1396 1131 1455 omnia
1148 1395 1175 1454 le·

279 1497 368 1541 cisse.

361 1594 408 1654 lta
442 1590 530 1655 vides
557 1614 671 1655 novam
696 1593 849 1674 quandam
883 1593 982 1653 Iliada
1010 1599 1042 1652 et
1062 1592 1175 1653 Aeneide

175 1689 182 1708 “
225 1688 229 1695 ’
283 1676 353 1736 illos
377 1684 511 1753 cantare,
533 1687 564 1736 et
586 1697 635 1736 me
657 1677 766 1737 saltem
789 1676 925 1736 Hectora
947 1683 979 1736 et
1000 1675 1128 1736 Tumnm
1144 1695 1174 1734 ar·

278 1758 399 1835 hitrari,
436 1779 498 1838 quo
528 1760 613 1818 illum
643 1759 794 1819 Achillem
825 1767 857 1818 et
885 1759 1027 1820 Aeneam
1057 1765 1174 1835 statuant

279 1843 338 1900 nisi
360 1841 444 1920 quod
466 1844 497 1901 in
519 1841 580 1902 hoc
602 1843 731 1902 victoria
752 1841 900 1918 fluctuat,
936 1862 976 1901 an
1007 1842 1069 1901 suis
1089 1841 1116 1901 id
1135 1839 1174 1899 lle

279 1925 344 1983 cius
374 1926 575 2003 praestiterit,
609 1944 649 1984 an
672 1924 876 2004 Lipsensinm'
892 1924 1007 1984 viribus
1042 1930 1073 1984 et
1092 1924 1173 2002 copiis.

276 2005 402 2066 Gemnm
426 2015 474 2067 est
493 2009 593 2086 ipsum
616 2006 717 2068 solum
739 2024 860 2086 semper
875 2007 1039 2085 clamasse,
1059 2007 1123 2066 illos
1140 2024 1174 2064 au·
1202 2000 1210 2034 ¹

278 2096 339 2148 tem
362 2108 484 2169 semper
505 2091 658 2167 tacuisse,
690 2096 821 2169 putasne
843 2108 971 2169 magnas
995 2109 1044 2149 me
1066 2089 1121 2148 illis
1141 2087 1173 2146 de·

278 2170 352 2231 bere
373 2171 509 2252 gratias?
875 2185 877 2197 '

360 2305 421 2366 Sed
442 2307 537 2367 redes
559 2306 598 2365 ad
621 2305 811 2385 Philippum,
845 2310 937 2383 quem
971 2311 1087 2365 tantum
1107 2304 1172 2364 abest

277 2394 311 2446 nt
332 2388 411 2447 ullus
434 2389 546 2448 Eccins
569 2388 642 2447 mihi
663 2388 794 2447 reddere
814 2389 915 2467 possit
935 2387 1134 2462 invidiosum,
1150 2392 1171 2445 ul

275 2471 306 2529 in
329 2473 412 2531 omni
431 2491 501 2531 mea
521 2471 715 2550 professione
737 2470 813 2530 nihil
832 2469 942 2529 ducam
965 2468 1171 2548 antiquiusPhi·

276 2551 350 2631 lippi
372 2552 502 2629 calculo,
515 2555 600 2613 cuins
623 2553 720 2611 nnius.
734 2551 879 2612 iudicium
896 2559 928 2612 et
951 2554 1098 2612 autoritas
1118 2551 1169 2610 mihi

275 2642 359 2694 stant
378 2655 435 2715 pro
458 2637 561 2696 multis
584 2634 705 2694 milibus
728 2634 922 2694 sordidorum
935 2634 1108 2696 Eeciorum.
1127 2633 1170 2696 lle·

275 2735 336 2794 que
359 2737 406 2777 me
429 2719 533 2798 pudet,
555 2717 801 2798 etsilllagistmm
824 2717 953 2795 Artium,
975 2717 1169 2796 Philosophiae
1205 2730 1210 2825 p

275 2806 306 2858 et
326 2800 528 2881 Theologiae,
546 2809 577 2860 et
598 2800 740 2860 omnibus
762 2794 962 2880 paeneEccii
985 2801 1079 2860 titulis
1099 2800 1168 2878 insig-
1208 2833 1210 2855 i

178 2937 182 2942 .
274 2901 361 2959 nem,
393 2885 418 2942 si
440 2885 527 2943 huius
551 2882 623 2942 mihi
644 2884 874 2962 grammatistae
902 2882 1081 2956 dissenserit
1106 2883 1168 2961 inge·

274 2965 373 3040 nium,
397 2985 467 3026 meo
489 2986 581 3026 sensu
604 2965 725 3044 cedere,
748 2964 831 3045 qnod
854 2970 885 3024 et
906 2967 1031 3044 saepius
1052 2965 1123 3043 feci,
1149 2969 1170 3023 et

161 3063 163 3067 ’
274 3047 411 3125 quotidie
433 3050 529 3126 facio,
561 3047 602 3108 oh
624 3048 759 3108 divinum
775 3048 922 3125 ‚donum,
951 3047 1035 3127 quod
1057 3047 1179 3127 Densin¹

274 3129 334 3189 hoo
354 3129 448 3190 fictile
471 3131 628 3190 vasculum
658 3130 770 3201 (Eccio
793 3130 917 3210 quidem
939 3126 1201 3210 contemptibileJ''

273 3211 359 3292 larga
390 3212 607 3273 benedictione
637 3213 757 3273 infudit.
799 3213 972 3292 Philippum
1001 3232 1063 3272 non
1088 3212 1169 3285 laudo,

272 3301 412 3355 creatura
432 3303 480 3356 est
493 3296 551 3355 Dei
573 3303 605 3354 et
626 3295 712 3376 nihil,
735 3295 790 3355 sed
812 3315 891 3375 opus
905 3295 961 3354 Dei
984 3297 1047 3354 mei
1068 3297 1097 3354 in
1118 3297 1168 3374 ipso

273 3397 414 3439 veneror.
458 3378 524 3438 Nec
543 3377 669 3436 Eccinm
693 3379 854 3457 vitupero,
888 3377 944 3437 sed
973 3395 1092 3437 crassas
1114 3378 1169 3436 ista

272 3461 470 3521 seminandae
492 3460 666 3520 discordiae
699 3467 731 3520 et
757 3459 892 3519 invidiae
915 3460 1116 3520 concitandae
1134 3476 1169 3518 va·

272 3541 367 3602 iritias
390 3552 456 3605 toto
480 3542 574 3603 corde
585 3543 723 3603 detestor
733 3542 968 3623 abominorqne',
990 3561 1067 3622 quas
1089 3558 1168 3620 neque

271 3625 502 3705 frequentiores,
526 3645 626 3706 neque
638 3627 836 3706 maligniores
858 3644 986 3705 nsquam
1002 3626 1075 3704 vidi,
1098 3641 1167 3704 quan

266 3709 295 3769 in
311 3709 421 3790 Eccio,
446 3710 556 3792 quihus
580 3716 613 3770 et
632 3728 737 3790 paene
755 3709 852 3766 tot'ius
869 3714 998 3765 nostrae
1016 3708 1168 3783 disputatio-

257 3796 308 3857 nis
331 3795 532 3880 farraginem
546 3791 765 3857 lermentavii.
779 3786 939 3846 hamhac
947 3803 1016 3840 una
1024 3786 1100 3840 sota
1111 3797 1195 3856 uaeas
