2709 4417
359 362 364 373 “
475 352 629 406 alictarlis
648 358 774 436 excepta
942 339 944 345 ’
1029 353 1075 420 99

188 544 271 616 ostra,
302 538 368 597 sive
391 536 514 617 Cepha,
537 537 603 598 sive
624 535 757 619 Apollo,
780 538 844 599 sive
866 537 995 618 Paulus,
1018 558 1083 601 vos·

187 630 256 681 utem
277 620 400 682 Christi.

236 705 299 765 Nec
323 703 409 764 valet
431 703 548 780 evasio,
570 702 762 781 quadicitur,
786 721 841 763 cos
857 723 919 764 uon
942 703 980 764 de
995 706 1075 784 prin·

187 789 320 867 ipolitate,
342 786 399 847 sed
422 786 633 866 singularitate
644 804 843 866 personarum
866 787 1075 867 contendisse,

187 891 222 930 rm
237 872 417 933 manilestus
436 876 537 929 textus
559 869 608 947 sit,
629 869 712 948 quod
735 868 773 930 dc
788 867 986 949 dignitatibus
1007 890 1074 950 per-

187 973 295 1016 rnarum
320 951 561 1029 contenderunt,
590 952 672 1031 quod
702 951 754 1013 alii
776 952 990 1031 praeferebant
1011 973 1074 1014 om-

187 1037 241 1099 ibua
261 1040 407 1113 Petrum,
430 1035 482 1095 alii
511 1035 655 1111 Paulum,
688 1034 741 1095 alii
762 1035 893 1115 Apollo,
921 1036 972 1096 alii
999 1056 1074 1098 vcro

187 1121 250 1180 ilum
273 1117 442 1181 Christum.
468 1117 673 1179 confirmatur
693 1137 748 1196 per
770 1118 845 1178 illud
867 1117 937 1179 Gal.
958 1122 997 1195 2,
1022 1120 1073 1181 ubi

187 1205 242 1263 mili
263 1203 469 1265 contentione
490 1200 607 1260 seducti
629 1201 770 1279 Galatae,
793 1207 920 1281 propter
941 1204 1075 1281 primite·

187 1306 215 1345 m
236 1287 317 1347 Petri
339 1283 598 1362 commendatam,
616 1284 743 1344 Paulum
766 1291 797 1344 et
818 1283 987 1351 docuinam
1010 1287 1074 1344 eius

187 1369 236 1429 slut
257 1370 465 1448 indigniorem
487 1367 684 1445 reliquerunt.
730 1367 845 1427 Contra
877 1387 957 1445 quac
978 1367 1074 1448 longo

188 1461 236 1513 xtu
258 1452 390 1533 probat,
411 1449 487 1509 nihil
510 1449 633 1515 adrem
655 1451 809 1530 pertinere
831 1450 912 1510 Petri
934 1452 1074 1511 maiesta·
1134 1512 1136 1517 ,

188 1555 215 1594 m
236 1537 286 1596 vel
310 1534 440 1595 aliorum
462 1533 685 1612 apostolorum,
708 1533 829 1612 dicens,
858 1552 892 1591 se
914 1552 1014 1612 neque
1035 1534 1074 1594 ab

187 1621 296 1693 imina,
331 1632 433 1695 neque
455 1635 509 1695 per
529 1615 685 1676 hominem
708 1635 777 1676 esse
802 1617 927 1675 missum
949 1617 988 1677 ad
1008 1636 1073 1694 eos,

187 1721 213 1761 rc
232 1701 349 1762 vidisse
364 1697 485 1777 quidem
499 1699 618 1758 Petrum
641 1718 700 1759 nec
722 1698 865 1759 didicisse
886 1698 925 1759 ab
947 1720 996 1778 eo,
1018 1699 1072 1760 sed

187 1787 258 1845 nnia
279 1786 348 1844 sine
370 1782 461 1841 Petro
484 1781 628 1842 habuisse
650 1788 681 1842 et
703 1781 873 1843 tradidisse.
1015 1786 1016 1791 ’

237 1868 269 1928 si
302 1884 379 1946 crgo
409 1865 556 1924 autoritas
578 1866 660 1925 Petri
692 1866 749 1924 luit
776 1866 951 1925 necessaria
976 1867 1074 1927 etius

187 1953 313 2030 irinum,
344 1948 402 2008 erit
422 1946 533 2006 Paulus
554 1948 668 2007 in‘hoc
689 1947 759 2008 loco
780 1947 943 2008 manifeste
963 1949 1074 2028 impius

187 2034 415 2113 zblcsphemus,
438 2032 544 2109 utqui
566 2031 644 2090 nolit
664 2033 757 2090 etiam
780 2031 879 2091 aDeo
901 2051 957 2111 per
977 2030 1074 2091 homi-

187 2136 229 2176 em
252 2117 330 2176 mitti
352 2113 462 2190 videri,
487 2120 517 2172 et
538 2132 662 2192 prorsus
685 2115 782 2174 reiicit
803 2116 998 2174 autoritatem
1020 2114 1073 2174 Pe·

187 2201 205 2257 i.
223 2199 325 2260 Tertio
342 2203 374 2258 et
393 2196 472 2255 infra
494 2196 613 2270 clarius,
636 2195 688 2255 ubi
710 2196 798 2256 dicit:
822 2197 893 2256 Mihi
917 2199 968 2275 qui
990 2197 1072 2257 vide·

187 2291 264 2344 antur
286 2280 339 2364 ¹),
372 2278 448 2338 nihil
470 2279 683 2358 contulerunt,
710 2287 743 2339 et
770 2279 876 2358 quales
906 2280 1072 2358 aliqnando
1139 2332 1150 2343 .

187 2368 284 2443 ierint,
306 2364 383 2423 nihil
405 2380 473 2421 mea
495 2361 600 2438 refert,
624 2363 707 2422 Deus
729 2364 809 2422 enim
832 2381 997 2442 personam
1019 2364 1073 2424 ho·

187 2449 248 2507 rinis
268 2467 331 2508 non
354 2445 475 2524 accipit.
514 2444 595 2504 Ecce
617 2445 667 2504 hic
689 2445 771 2504 clare
793 2445 874 2520 dicit,
897 2445 978 2524 quod
1002 2465 1074 2524 qua·

187 2535 227 2590 itas
240 2531 318 2607 Petri
342 2536 373 2589 et
394 2528 522 2587 aliorum
546 2528 757 2606 apostolorum
780 2528 855 2587 nihil
877 2548 933 2588 sua
953 2528 1074 2605 referat,

187 2614 242 2691 pod
274 2619 357 2673 esset
376 2611 589 2689 impiissimum
619 2612 741 2687 dicere,
775 2613 800 2670 si
834 2613 964 2689 qualitas
992 2612 1074 2672 Petri

187 2716 225 2756 ure
247 2697 350 2756 divino
381 2694 489 2753 luisset
509 2694 670 2754 servanda.
712 2694 830 2755 Eadem
853 2696 1009 2774 impietate
1031 2696 1074 2755 di·

187 2786 252 2838 eret:
291 2779 374 2838 Deus
403 2795 568 2856 personam
590 2777 723 2837 hominis
752 2797 814 2836 non
843 2779 975 2857 accipit,
1003 2798 1072 2837 cum

187 2881 210 2920 us
229 2862 371 2933 divinum,
395 2868 426 2920 et
446 2879 484 2919 ea
505 2878 584 2937 quae
607 2870 678 2920 sunt
690 2861 762 2919 iuris
784 2859 888 2937 divini,
911 2863 1003 2920 etiam
1017 2861 1073 2922 sub

187 2953 298 3005 eternae
322 2943 546 3004 maledictionis
576 2962 678 3021 poena
700 2944 875 3022 praecipiat
907 2944 1009 3018 Quare
1031 2947 1072 3004 vi·

187 3026 245 3088 letnr
263 3029 410 3108 primatus
432 3027 490 3086 iste
512 3034 543 3086 et
565 3028 718 3102 maiestas,
739 3025 788 3086 vel
813 3045 997 3106 quocunque
1019 3046 1072 3087 no·

187 3111 239 3171 uine
257 3116 400 3171 censetur
421 3110 501 3169 Petri
522 3127 656 3189 persona
677 3128 732 3170 seu
754 3110 906 3188 qualitas,
928 3130 990 3171 non
1013 3117 1072 3171 stc·

187 3195 282 3255 uiiure
303 3194 419 3256 divino.
1085 3194 1087 3198 ’
1103 3189 1121 3243 Ι

416 3395 420 3403 ,
536 3357 689 3423 Eccius.

238 3524 319 3585 Dum
339 3522 526 3584 reverendus
548 3523 639 3582 Pater
659 3530 767 3584 contra
788 3543 837 3582 me
863 3523 980 3583 inducit
1010 3530 1071 3583 tres

187 3603 211 3665 l·
228 3607 304 3675 Pauli
336 3608 533 3685 autoritates,
561 3605 675 3666 dudum
709 3606 747 3666 ab
776 3606 958 3666 adversariis
988 3605 1069 3666 sedis

187 3773 590 3792 ·—-—-—-‡---——-
677 3774 680 3779 .

187 3857 248 3914 ΗΠ
268 3859 309 3909 ed.
328 3862 391 3914 «ἴου.
412 3869 444 3932 et
456 3880 501 3933 cp.
528 3870 667 3929 isaach:
692 3875 874 3933 videbantur
894 3892 964 3934 essa
984 3871 1108 3945 alluat.

861 3953 930 4022 7*
