2709 4417
186 364 194 387 ·
266 336 331 409 270
515 341 604 414 Resol
625 342 655 399 L.
671 358 755 413 snper
772 319 965 414 Propositiolr..
1208 354 1210 423 p

268 528 329 591 hoo
350 529 430 591 enim
452 537 500 591 est
521 538 639 595 mutare
660 530 837 599 mandatum
859 530 934 609 Dei,
962 529 1019 595 sed
1047 531 1168 610 ignomit,

268 611 351 692 quod
375 614 472 673 minus
495 612 631 675 facimus.
675 613 756 682 Non,
777 621 879 675 antem
904 615 1039 695 ignossit
1059 620 1168 676 stetten·

270 693 365 772 tibus,
394 694 450 755 sed
472 695 686 775 operantibus,
715 697 891 763 timentibus
920 704 952 759 et
973 714 1041 757 oum
1063 695 1120 757 Job
1139 695 1170 759 di·

269 777 423 839 centibus:
447 777 584 841 Verebar
612 780 716 840 omnie
747 798 842 860 opera
869 799 955 859 maa,
986 780 1086 843 eniens
1113 796 1171 856 qno

267 861 350 919 uiam
389 878 451 920 non
491 863 591 940 parnis
627 861 825 941 delinquenti.
881 860 928 922 lili
956 880 1031 925 vero
1066 861 1173 938 donent,

269 942 352 1022 qnod
373 950 481 1022 pareat
502 941 707 1024 delinquenti,
734 944 805 1005 dum
828 944 943 1021 dieunt,
965 963 1032 1007 non
1053 943 1171 1022 requirit.

268 1024 351 1087 Cave
374 1045 466 1107 ergo,
498 1045 538 1087 ne
553 1039 649 1106 putea
671 1047 691 1089 a
712 1034 743 1089 te
764 1047 826 1089 uon
847 1027 961 1107 requiri
985 1033 1083 1088 totum
1105 1045 1174 1093 msu-

180 1163 187 1176 ,
268 1106 394 1186 datum,
429 1128 469 1171 ne
497 1109 575 1170 forte
596 1112 721 1190 ignores
751 1119 949 1189 toquentem
973 1110 1090 1177 debeas
1109 1109 1174 1185 Deo,

267 1210 306 1251 ao
325 1210 381 1272 per
401 1191 461 1253 hoe
483 1192 642 1272 superbias
664 1212 703 1253 ao
724 1193 844 1273 tepidus
868 1192 947 1270 lias,
970 1193 1101 1274 gratiam
1122 1193 1174 1260 eius

267 1274 444 1351 fastidiens,
465 1274 505 1335 ad
527 1294 617 1354 quam
640 1283 780 1355 tequam
803 1278 937 1339 maxime
958 1294 1072 1356 urgere
1093 1275 1175 1336 voluit

268 1355 412 1421 mandato
434 1356 489 1418 tibi
510 1357 701 1438 impossibili.
1024 1360 1026 1365 '

349 1457 382 1517 ln
411 1457 472 1517 fine
506 1459 615 1518 iterum
644 1458 756 1519 induoo
785 1459 956 1519 orationem
992 1457 1173 1528 dominicam,

268 1558 346 1620 quae
369 1539 437 1601 sola
458 1540 526 1620 plus
554 1549 585 1602 et
607 1542 715 1609 melina
737 1541 839 1607 erudit
863 1544 994 1609 animam
1029 1539 1068 1609 de
1092 1538 1172 1599 libero

267 1621 412 1700 arbitrio,
441 1626 538 1702 gratia
560 1632 591 1684 et
612 1632 757 1704 peceato,
792 1643 883 1703 quam
906 1642 1016 1684 omnes
1038 1623 1171 1682 reeentio·

268 1724 334 1766 rum
359 1705 574 1784 theologorum
597 1707 665 1766 libri
685 1714 718 1767 et
737 1708 875 1787 argutiae
896 1705 1143 1786 disputationum.

348 1803 406 1879 Qui
430 1825 503 1886 ergo
529 1815 607 1867 orat:
639 1806 850 1867 Sanctificetur
874 1825 990 1866 nomen
1012 1814 1113 1881 tuum,
1132 1824 1173 1884 pe

266 1888 302 1947 tit
322 1889 388 1947 eine
403 1886 506 1967 dubio,
529 1889 611 1970 quod
633 1910 697 1951 non
713 1889 823 1968 habet,
845 1890 1005 1950 nonenim
1027 1887 1107 1948 iistis
1121 1907 1171 1947 var-

266 1970 312 2031 bis
334 1970 416 2050 apud
441 1971 539 2032 Deum
569 1972 674 2033 ludere
703 1973 795 2051 iioet3
826 1973 851 2032 si
881 1971 1082 2052 nonhabet,
1111 1989 1170 2051 ergo

266 2055 412 2133 pollutorv
430 2061 477 2114 eat
498 2053 528 2129 1)
562 2056 792 2118 nominis-Dei.
835 2055 877 2115 At
905 2074 1020 2115 nomen
1040 2055 1097 2114 Dei
1123 2073 1170 2113 non

265 2137 467 2214 sanetifloare,
490 2137 544 2198 sed
560 2138 711 2218 polluere,
734 2139 805 2199 leve
824 2135 1062 2198 existimamus?

344 2240 391 2299 lta
413 2240 462 2319 qni
486 2244 566 2298 orat:
600 2237 739 2319 Regnum
764 2239 819 2298 Dei
842 2237 1005 2315 advenire,
1032 2237 1115 2316 quod
1133 2243 1168 2296 est

263 2324 378 2383 iustitia
401 2327 435 2381 et
455 2333 526 2402 pax,
551 2326 582 2380 et
603 2323 681 2381 intra
703 2341 761 2382 nos
788 2322 837 2401 (ut
860 2321 999 2383 Christus
1021 2328 1054 2380 et
1073 2319 1166 2379 Paulus

261 2406 405 2483 donent),
430 2423 533 2464 nonne
549 2403 713 2465 confitetur
735 2424 769 2464 se
792 2406 935 2465 iniustum
956 2412 992 2483 ,et
1006 2405 1119 2463 iustitia
1134 2403 1167 2461 in·

262 2486 439 2570 digentem?
482 2487 523 2547 At
543 2487 621 2547 haee
643 2494 734 2549 orant
760 2490 903 2549 nonnisi
937 2485 1088 2563 fllii'Dei,
1114 2485 1166 2544 insti

262 2580 293 2633 et
314 2572 421 2632 saneti.
516 2588 518 2593 ⁴
741 2585 743 2588 ’
1098 2573 1101 2578 ’

345 2689 413 2767 Ita,
436 2689 487 2768 qui
510 2687 600 2753 dioit:
623 2689 691 2753 Fiat
711 2687 853 2754 voluntas
871 2694 938 2766 tna,
960 2705 1067 2748 nonne
1087 2684 1166 2747 rebel·

263 2774 321 2834 lem
345 2793 379 2833 se
396 2772 465 2832 Deo
489 2790 556 2832 esse
581 2770 762 2831 confltetur?
785 2769 834 2831 An
857 2791 920 2832 non
941 2778 992 2839 est
1012 2777 1165 2850 pennatum

261 2857 319 2919 Dei
341 2856 529 2917 voluntatem
553 2874 616 2919 non
638 2853 729 2915 fieri?
772 2853 830 2917 Ubi
853 2873 935 2914 nuno
956 2853 1085 2917 liberum
1106 2851 1166 2911 erbi-

253 2939 371 3001 trium?
402 2939 451 2999 An
471 2958 531 2998 non
554 2938 605 2999 hio
627 2936 665 2997 de
687 2956 721 2998 se
743 2935 903 3018 desperat,
934 2935 974 2997 ad
997 2935 1095 2996 solam
1115 2952 1167 3014 gra·

262 3025 335 3085 tam
358 3021 503 3101 confugit,
525 3039 589 3081 non
611 3022 668 3083 nisi
683 3026 842 3100 pennatum
862 3019 919 3081 sibi
942 3018 1057 3096 tribuit,
1079 3023 1109 3077 et
1126 3018 1167 3076 im·

263 3105 422 3187 possibilis
445 3103 589 3165 mandate
597 3103 654 3165 Dei
676 3102 732 3164 sibi
756 3123 825 3165 esse
841 3100 1029 3165 confitetur?
1053 3100 1110 3162 Ubi
1129 3099 1168 3161 bie

261 3195 310 3250 eat
331 3189 447 3266 faeere,
471 3187 553 3267 quod
576 3189 607 3246 in
629 3206 663 3246 se
687 3194 750 3263 est,
772 3185 894 3266 quando
917 3187 987 3245 iusti
1008 3191 1115 3261 orant,
1144 3185 1169 3241 et

261 3281 440 3353 pensatores
464 3289 532 3331 sese
555 3275 603 3330 tot
625 3268 724 3329 modis
747 3268 959 3330 confitentur?
982 3270 1027 3327 lta
1049 3264 1169 3350 inomni

262 3375 317 3422 ore
336 3355 413 3414 haee
436 3354 534 3414 oratio
557 3351 699 3417 volvitur.
741 3351 782 3412 Et
809 3352 909 3413 adhue
937 3349 1078 3430 theologi
1109 3347 1170 3407 libe·

261 3458 326 3499 rum
356 3436 527 3513 arbitrium,
560 3443 738 3515 peceatum,
781 3437 910 3523 gratiam
940 3440 987 3494 tot
1015 3432 1121 3495 studiis
1146 3435 1172 3488 et

261 3519 491 3599 quaestionibus
515 3538 576 3580 uon
590 3520 781 3596 invenerunt,
803 3517 874 3598 quid
898 3517 1011 3577 faciant
1034 3523 1088 3577 aut
1109 3531 1172 3593 poa·

260 3605 329 3664 sint.
374 3603 469 3669 Reote
492 3620 567 3683 ergo
591 3601 672 3680 dixi,
702 3608 845 3682 oportere
866 3600 1023 3662 hominem
1049 3597 1088 3658 de
1113 3596 1169 3655 suis

266 3769 695 3792 t...-'..—..-..-...-.----—

275 3886 305 3956 ¹)
326 3883 357 3942 ln
381 3885 449 3943 edd.
472 3888 569 3958 orig:
592 3888 643 3936 est.
