2709 4417
500 380 656 435 uictoriis
675 390 799 452 excepta
840 380 842 385 '
888 348 898 365 δ
1057 378 1117 448 165

199 588 286 628 ame
317 568 425 628 vitium
460 570 583 648 operis,
616 568 783 630 secundum
812 568 895 647 quod
922 571 1117 651 impugnatus

199 672 257 711 sum
288 672 310 711 a
331 652 371 711 D.
395 652 432 712 D.
454 652 662 712 Conclusione
685 671 753 712 mea
785 654 833 714 42.
856 653 887 711 in
909 653 1116 733 Resolutorio,

199 735 239 795 rbi
263 735 314 794 sic
336 734 420 794 dixi:
464 735 535 795 Non
558 735 640 814 quod
661 736 772 795 veniae
802 736 863 795 sint
890 736 989 796 malac
1011 744 1043 797 et
1062 756 1115 798 no-

199 820 275 893 riae,
309 817 367 877 sed
397 818 479 897 quod
502 817 614 878 abusus
635 838 798 898 perversus
820 825 927 896 nocet,
955 820 1026 879 dum
1053 822 1116 882 tale

199 921 266 974 rpus
293 920 361 960 non
384 901 541 979 facerent,
576 903 633 960 nisi
660 903 770 961 veniae
798 908 911 974 essent.
954 901 1004 963 Sic
1034 904 1114 962 enim

199 985 255 1043 luis
281 985 393 1063 operis
416 984 589 1045 huiusmodi
611 983 644 1043 fit
658 985 726 1063 ipsa
739 985 838 1060 venia,
861 994 892 1044 et
913 985 1113 1045 clarissimum

199 1074 247 1144 st,
280 1067 375 1146 quod
402 1086 472 1128 raro
503 1068 642 1128 homines
665 1067 908 1139 contribuerant,
938 1070 995 1127 nisi
1017 1069 1114 1128 indul-

200 1151 317 1209 cntiac
340 1152 601 1230 promitterentur.
626 1150 700 1210 ldeo
724 1169 846 1235 semper
866 1151 907 1210 ibi
930 1158 977 1211 cst
998 1153 1114 1232 pericu-

199 1253 257 1303 rm.
286 1233 403 1293 saltem
426 1235 529 1294 vitiosi
552 1235 662 1312 operis.

269 1315 398 1391 Quarto
430 1316 550 1377 induxit
576 1315 731 1376 laudabile
752 1315 990 1376 Constanticnse
1011 1319 1114 1378 conci-

200 1418 269 1475 um,
296 1398 386 1478 quod
407 1400 487 1460 inter
508 1417 625 1461 errores
638 1405 758 1459 ceteros
782 1398 939 1458 damnavit
956 1400 1114 1480 contemp·
1166 1439 1171 1447 ·

199 1502 245 1541 rm
262 1481 540 1562 indulgentiarum.
562 1482 765 1561 Respondeo:
787 1481 949 1561 Nunquam
963 1501 1022 1562 ego
1041 1502 1113 1543 con-

199 1567 302 1645 rrnpsi
325 1571 382 1624 aut
404 1565 645 1626 contemnendas
666 1584 736 1624 esse
753 1564 854 1642 docui,
877 1566 934 1624 nisi
957 1572 1113 1647 contemp·

199 1668 230 1708 rs
259 1647 460 1727 intelligatur
487 1649 548 1709 hoc
574 1647 688 1726 modo,¹
718 1647 800 1726 quod
833 1648 1115 1727 incomparabiliter

199 1730 322 1792 teliore
345 1750 510 1809 possumus
539 1729 653 1792 eisdem
684 1732 828 1809 expensis
850 1731 971 1808 lacere,
1005 1732 1113 1810 quibus

199 1812 406 1895 udulgentiac
427 1814 625 1890 redimuntur,
648 1814 697 1873 vel
719 1833 809 1892 quam
823 1813 1113 1894 suntindulgentiae

199 1914 286 1977 psae.
333 1895 437 1970 Quare
463 1898 678 1977 praerogativa
707 1896 842 1956 melioris
877 1915 940 1955 non
968 1905 1015 1957 est
1041 1916 1113 1957 con-

199 1985 325 2059 smptus
350 1978 519 2055 deterioris,
542 1981 622 2039 sicut
643 1998 749 2038 aurum
772 1998 833 2039 uon
857 1986 904 2039 est
918 1987 1112 2060 contemptus

198 2064 264 2143 igni
287 2070 346 2122 aut
362 2063 460 2133 foeni.
482 2062 538 2122 etsi
562 2062 775 2140 praestantius.

272 2145 335 2204 Per
360 2145 443 2204 idem
465 2144 504 2203 ad
526 2146 682 2224 quintum,
712 2143 762 2204 ubi
785 2143 955 2204 Gereoncm
987 2143 1112 2222 inducit,

199 2227 454 2308 ndulgentiarum
476 2228 709 2287 concessionem
744 2245 806 2286 non
830 2244 898 2285 osse
932 2228 1017 2305 parvi
1039 2246 1112 2306 pen·

199 2310 337 2386 leudam,
359 2309 460 2383 addo,
482 2311 512 2369 in
537 2329 592 2369 suo
615 2328 738 2390 genere,
761 2329 815 2368 scu
839 2310 917 2367 sicut
937 2308 1005 2386 ipse
1020 2306 1111 2386 dixit,

199 2395 302 2454 ceteris
325 2391 460 2472 paribus.
502 2391 568 2452 Nec
590 2391 682 2451 credo
704 2391 784 2451 hano
806 2392 989 2451 sententiam
1012 2391 1048 2450 D.
1072 2392 1111 2452 D.

199 2478 265 2536 sutis
287 2476 436 2554 placere,
465 2474 547 2553 quod
574 2474 783 2552 indulgentiae
810 2475 871 2533 sint
899 2474 1112 2552 suscipiendae

199 2557 315 2633 infide,
340 2576 395 2637 spe
417 2562 449 2617 et
470 2559 606 2634 caritate,
629 2574 697 2616 cum
721 2556 852 2615 tenuerit
873 2556 1110 2617 satisfactionem

199 2641 311 2721 impleri
335 2652 366 2702 et
386 2641 498 2700 remitti
519 2660 629 2721 posse,
658 2641 751 2699 ctiam
772 2639 826 2713 iis,
861 2640 912 2717 qui
934 2648 1004 2698 sunt
1026 2648 1113 2701 extra

199 2725 331 2804 gratiam.
353 2723 576 2799 Admittcrem,
600 2721 683 2800 quod
705 2721 889 2780 fructuosior
911 2723 950 2781 sit
971 2723 1110 2801 operatio

198 2807 328 2871 innitens
349 2805 549 2884 indulgentiis
572 2822 661 2882 quam
686 2804 783 2863 altera
805 2822 865 2861 non
888 2805 1041 2880 innitens,
1064 2825 1110 2864 ce-

199 2888 264 2948 teris
285 2887 428 2968 paribus,
460 2886 553 2948 modo
577 2894 680 2947 cetera
700 2886 753 2945 illa
775 2886 861 2965 paria
884 2893 967 2946 recte
989 2905 1111 2967 compa·

199 2978 311 3046 rentur,
340 2971 420 3030 siout
441 2989 503 3029 non
525 2989 606 3049 nego
636 2969 793 3038 meliorem
815 2987 884 3028 esse
906 2988 998 3048 posse
1019 2990 1109 3029 unam

203 3055 366 3113 orationem
390 3051 575 3113 dominicam
598 3052 679 3128 laici,
703 3071 793 3131 quam
818 3070 925 3112 omnes
948 3052 1039 3112 horas
1063 3072 1110 3113 ca·

204 3137 323 3196 nonicas
348 3137 436 3195 unius
459 3134 638 3197 sacerdotis.

276 3217 373 3279 Sexto
403 3216 521 3278 inducit
551 3218 586 3277 B.
607 3217 789 3296 Gregorium
829 3223 901 3276 ante
936 3227 1111 3297 nongentos

208 3319 303 3368 annos.
324 3301 502 3361 Pascasium
524 3307 595 3361 ante
617 3307 782 3360 sexcentos
802 3319 901 3359 annos
924 3299 1045 3360 dedisse
1067 3301 1109 3358 in·

207 3382 382 3465 dulgentiam
402 3385 560 3463 quamvis,
586 3384 736 3444 recitante
758 3382 932 3442 Vuillrelmo
956 3382 1110 3442 Altisidio·

208 3468 284 3543 nusi,
305 3467 399 3545 aliqui
422 3452 664 3526 contradixerint
678 3465 709 3526 S.
724 3464 884 3545 Gregorio.
909 3465 1109 3544 Respondeo:

210 3546 335 3609 llondum
358 3548 460 3609 habeo
484 3547 543 3608 lida
564 3548 688 3629 dignam
712 3547 868 3608 historiam
892 3548 931 3607 de
952 3548 1110 3628 indulgen·

213 3631 249 3689 tiis
267 3632 474 3713 Gregorianis.
504 3632 619 3691 'lamen
644 3630 790 3710 quidquid
813 3633 861 3709 sit,
885 3651 946 3692 non
969 3631 1041 3691 ideo
1064 3650 1109 3690 se-

214 3716 309 3790 mitm,
332 3714 541 3791 indulgentias
563 3734 634 3781 essa
655 3712 757 3787 aliud.
781 3734 877 3796 quam
897 3715 1125 3799 indulgentias.

199 3789 246 3845 boc
264 3804 323 3860 ess,
346 3794 547 3884 remissiones
567 3797 728 3862 honorum
753 3824 908 3885 operum,
934 3824 1018 3887 quas
1038 3820 1136 3864 uerno

199 3880 271 3926 '⁰⁰⁸³
292 3880 413 3948 potent
442 3878 610 3956 appellare
635 3882 866 3974 Christianis,
905 3886 1158 3977 quantumlibet
