2709 4417
265 343 310 411 04
478 343 631 415 Disputatio
652 346 758 414 Lipsise
776 346 874 397 habits.
887 360 911 397 u.
932 342 993 398 xlx

257 457 265 485 9

269 537 393 609 (lusisti,
416 535 523 597 usttu.
548 534 600 597 {62
623 531 669 592 Tu
692 550 725 591 es
736 522 852 610 Petrus,
874 538 906 593 et
926 544 1019 613 super
1039 531 1121 592 hene
1140 550 1187 612 pe-

266 626 350 683 trum
372 617 543 680 teditiosbo
566 615 728 676 soulesism
751 630 861 675 meum.
904 614 963 677 Utu
984 615 1094 697 glossa
1114 614 1186 675 ordi·

270 704 359 775 nutis
385 702 560 783 spetialiter
590 698 675 759 illem
704 704 889 779 potestatem
909 696 1000 759 Petro
1027 699 1187 775 oonosssit,

271 784 312 846 ut'
326 785 370 846 utl·
387 785 536 845 unitatem
557 800 615 843 nos
638 783 795 860 invitaret,
823 780 894 842 ideo
917 783 998 841 enim
1022 788 1092 842 eum
1113 782 1186 861 prin-

271 870 372 949 oipem
387 866 777 948 apostulorumuonstituit,
800 872 834 924 ut
854 864 986 925 suolonis
1009 864 1184 945 unumprtn·

256 952 404 1032 'sipulum
429 951 539 1011 Christi
562 948 689 1010 haberet
712 949 875 1023 visorium,
898 947 936 1007 od
960 964 1051 1026 quem
1074 946 1185 1008 dinem

271 1033 409 1096 membru
429 1038 636 1110 recurrerent,
667 1032 693 1090 si
721 1031 800 1092 sorte
828 1032 907 1091 iuter
933 1049 967 1090 se
996 1030 1183 1108 discuterent,

271 1116 371 1197 qnod,
400 1117 425 1176 si
454 1116 574 1177 diverso
596 1116 698 1196 ospits
727 1120 846 1193 essent,
879 1113 1033 1174 vinculum
1070 1114 1183 1174 unitatis

269 1206 469 1281 rumperetur.

352 1282 399 1343 ito
419 1280 455 1357 B.
477 1282 665 1362 Augustinus
686 1281 717 1338 in
740 1279 880 1361 Epistola
901 1287 1009 1340 contro
1018 1278 1118 1341 Dono.
1139 1294 1182 1340 ex-

290 1368 305 1379 ''
320 1366 387 1426 uit:
409 1362 455 1426 ‘lu
477 1382 511 1425 es
534 1365 651 1441 Petrus,
672 1368 705 1423 et
725 1378 817 1443 super
837 1363 917 1423 huno
936 1368 1065 1445 petrum,
1087 1363 1116 1423 id
1132 1371 1178 1437 est,

295 1454 410 1525 etrum,
443 1445 615 1508 seditiosbo
647 1447 810 1507 eustesium
838 1452 958 1522 meum,
989 1450 1021 1507 et
1054 1446 1178 1527 munivit

271 1530 353 1593 idom
376 1532 564 1612 Augustinus
582 1529 695 1590 stioubi
717 1530 895 1610 exposuerit
923 1545 1014 1609 super
1040 1526 1119 1589 huno
1136 1548 1176 1610 pe

273 1622 366 1693 uum,
390 1613 421 1673 id
445 1620 508 1692 est,
531 1610 700 1684 Christum,
721 1610 759 1672 sd
781 1618 915 1673 mentem
937 1611 1082 1693 apostoli,
1102 1612 1175 1674 Petu

270 1702 375 1760 utitem
397 1700 463 1757 emt
485 1696 639 1770 Christus,
667 1703 769 1756 tumen
797 1697 827 1756 in
848 1694 901 1756 lib.
923 1693 1076 1757 Retruets.
1098 1694 1175 1776 stipo

272 1781 392 1841 sitioms
415 1799 489 1841 suue
509 1780 626 1859 primae
656 1796 726 1837 eum
760 1794 822 1839 non
866 1779 1010 1857 oenituit,
1036 1779 1079 1839 ite
1105 1785 1133 1839 et
1149 1778 1175 1839 B.

272 1862 479 1943 Hieronymus
500 1861 577 1922 libro
601 1862 699 1941 primo
722 1865 829 1922 eontru
844 1796 978 1943 gelagius.
991 1858 1074 1920 ¹mihi
1095 1861 1174 1927 uuit.

273 1948 330 2007 uit:
360 1944 441 2020 Quid
469 1946 590 2005 Plutoni
613 1949 644 2004 et
664 1945 773 2022 Petro,
802 1950 835 2004 ut
866 1942 919 2004 ille
948 1945 1028 2003 enim
1050 1945 1175 2025 princeps

273 2028 546 2110 philosophorum,
573 2029 615 2087 its
638 2034 669 2087 et
690 2027 739 2087 hio
767 2026 977 2108 apostolorum
1007 2026 1081 2105 tuit,
1102 2044 1177 2107 super

273 2114 364 2192 uppem
386 2104 519 2171 soolesiu
528 2111 650 2170 Domini
672 2108 774 2171 stabili
789 2108 872 2170 mole
893 2108 1019 2171 fundata
1041 2116 1097 2185 est,
1113 2128 1177 2189 quse

274 2204 332 2255 net
354 2195 468 2274 impetu
489 2193 668 2269 fluminum,
691 2211 749 2253 neu
769 2192 832 2252 ulls
854 2198 1038 2274 tempestate
1060 2192 1178 2253 oonouti·

274 2282 331 2338 tur.
354 2277 401 2337 ltu
422 2275 645 2337 B.Ambrosius
666 2274 784 2337 Sermo.
806 2275 846 2338 47
867 2274 989 2336 Petrum
1012 2275 1086 2335 dioit
1100 2272 1179 2336 tuisse

315 2364 402 2420 trem
883 2372 885 2377 ·

274 2370 315 2471 Bb
360 2442 438 2502 Huio
459 2459 583 2539 quoque
605 2440 777 2502 sententiae
801 2440 1038 2522 chrysostomus
1061 2439 1182 2523 adstipu-

275 2525 355 2586 tstur
375 2524 415 2585 ub
436 2525 523 2584 initio
547 2522 683 2584 eiusdem
707 2524 824 2604 sopitis.
859 2521 939 2599 Quid
965 2524 1059 2605 igitur
1079 2524 1183 2603 Petrus,

273 2606 385 2687 uiuunt,
409 2609 544 2675 (tmuium
568 2622 587 2666 s
610 2606 779 2667 astutorum
803 2624 856 2685 os,
870 2604 985 2667 uertex
1008 2608 1103 2669 totius
1125 2624 1183 2668 uuu-

274 2690 370 2752 tottii.
398 2689 439 2750 ut
458 2682 553 2750 infru:
587 2626 772 2751 gublimiora
799 2690 898 2771 ipsum
922 2688 1137 2770 superstent,
1161 2694 1183 2749 et

274 2772 427 2834 eeclesiae
446 2773 566 2833 futurus
586 2778 742 2853 pastorem
765 2768 937 2851 constituit,
970 2770 1003 2832 et
1013 2778 1097 2915 ¹post
1115 2772 1184 2833 hune

274 2856 418 2917 universo
441 2855 506 2915 orbi
529 2862 675 2916 terrerum
700 2854 837 2917 Christus
856 2860 1047 2937 praeposui.
1072 2854 1184 2917 Fatetur

273 2936 333 3000 hot
354 2938 386 3000 Β.
418 2945 532 3019 martyr·
553 2937 723 3019 Cyprianus
751 2937 790 2999 sd
814 2934 989 2999 Cornelium
1018 2944 1137 3021 popam
1153 2936 1184 2998 di·

274 3028 365 3083 ostiti
385 3020 502 3098 Pettius,
527 3024 618 3101 super
631 3040 720 3099 quem
735 3018 897 3083 aedificate
913 3022 1012 3082 fuemt
1033 3018 1183 3084 abeodem

276 3104 407 3166 Domino
430 3103 572 3182 ecelesia,
593 3110 670 3164 unus
693 3124 748 3184 pro
771 3105 912 3165 omnibus
931 3102 1073 3184 loquens,
1097 3112 1128 3166 et
1148 3118 1183 3164 eo

274 3186 387 3248 oiettue
409 3205 486 3249 vose
507 3186 713 3267 respondens,
735 3186 778 3249 att
800 3184 854 3271 *):
877 3186 1022 3263 Domine,
1044 3186 1085 3248 sd
1107 3206 1200 3269 quen·

272 3270 409 3331 ibimus?
432 3268 488 3331 et'o.
532 3269 698 3349 Propterea
720 3268 750 3330 S.
773 3269 835 3332 Leo
850 3266 898 3333 -24
926 3288 954 3351 q.
982 3270 1005 3332 i.
1037 3289 1106 3330 oum
1127 3270 1182 3330 bes-

273 3352 427 3430 ustinus,
456 3354 591 3443 ingenue
611 3352 736 3435 fatetur,
768 3350 890 3414 Petrum
913 3352 1089 3496 apostolum
1111 3372 1180 3414 uoue-

274 3437 357 3519 pis'se
379 3437 541 3517 primatum
565 3435 716 3497 ecelesiae
738 3437 912 3497 sDomino.
949 3443 981 3497 tu
995 3454 1104 3498 omnes
1125 3454 1181 3497 eon·

274 3518 416 3581 sentiunt
429 3518 466 3581 SI
483 3518 604 3579 Petrum
626 3520 778 3580 schristo
797 3521 959 3599 primatum
983 3512 1083 3580 totiu's'
1100 3512 1180 3581 ecole-

273 3604 338 3663 sioe
360 3600 538 3746 optinuisse,
560 3602 695 3664 iuniores
717 3608 893 3685 praetereo,
916 3600 1048 3691 Bedom,
1072 3598 1179 3664 Bemsr.

268 3690 302 3745 et
321 3686 390 3745 simi
403 3704 446 3747 es.
843 3686 848 3700 '
970 3696 972 3701 '
