2709 4417
217 350 280 418 102
318 337 320 343 Ι
413 352 572 424 Disputatio
592 358 701 425 lipsiae
720 358 816 411 habita
835 377 857 438 a.
878 356 944 414 XlX
963 301 985 397 'v

300 546 376 607 ltem
399 564 536 624 quaero,
558 547 601 622 ,si
627 546 771 606 articulus
803 564 865 607 non
889 554 936 609 est
957 547 1134 630 haereticus,

219 630 267 690 vel
295 635 343 690 est
372 631 569 705 temerarius,
604 629 667 690 vel·
692 629 871 708 seditiosus,
902 631 951 690 vel
973 630 1133 692 offensivus

218 715 336 793 piarum
369 713 509 789 aurium,
544 718 697 791 uteunque
727 712 846 772 dederit
865 715 934 793 ipse
954 722 1057 793 pater,
1085 718 1135 777 erit

217 796 267 856 vel
289 797 479 875 temerarius,
501 795 552 856 vel
574 795 750 874 seditiosus,
775 795 813 855 de
831 795 952 859 haeresi
970 805 1132 878 suspectus,

218 881 285 959 pias
332 877 493 940 offendens
527 897 616 938 aures
657 886 766 939 eontra
807 879 1014 960 theologicum
1059 883 1132 943 insti·

222 969 330 1023 tutum.

301 1044 420 1121 Mirum,
443 1062 504 1122 quo
527 1044 632 1104 colore
654 1046 808 1124 pavonieo
832 1052 922 1105 ornet
942 1045 1039 1109 verba
1060 1045 1132 1108 Obri-

219 1129 257 1188 sti
280 1127 387 1187 blattb.
412 1130 460 1190 16.
505 1125 584 1201 Quia
607 1126 744 1187 Christus
769 1147 876 1188 omnes
898 1129 1129 1210 interrogaverat

219 1210 409 1290 discipulos,
445 1218 475 1269 et
502 1211 547 1269 ita
568 1210 674 1270 Petrus
696 1229 751 1288 pro
775 1210 916 1272 omnibus
938 1213 1128 1292 responderit,

219 1294 286 1372 quis
308 1293 368 1353 hoe
390 1292 505 1372 negat?
528 1291 590 1352 Sed
612 1292 650 1352 de
673 1313 729 1354 sua
750 1295 848 1354 farina
869 1293 997 1367 addidit,
1021 1305 1127 1376 propte·

219 1397 273 1437 rea
294 1376 387 1436 Petro
411 1375 441 1454 ¹)
467 1395 522 1454 pro
546 1394 580 1435 se
604 1386 635 1435 et
658 1375 725 1435 aliis
747 1377 1056 1456 apostolis-dictum:
1092 1380 1126 1440 Tu

136 1482 147 1504 r
219 1460 382 1534 eePetrus,
404 1466 436 1517 et
458 1458 639 1538 superbene
661 1466 780 1538 petram
803 1466 873 1536 eto,
897 1460 979 1538 quod
996 1465 1124 1540 tanquan

219 1548 428 1603 commentum
456 1541 659 1600 Lutheranum
689 1561 751 1602 non
786 1545 900 1622 recipio
936 1562 1005 1604 oum
1028 1548 1124 1606 sanetis

219 1624 370 1686 Patribus.

302 1709 350 1767 De
372 1706 612 1786 chrysostomo,
636 1708 761 1784 mirum,
794 1727 885 1786 quam
907 1709 982 1770 facit
1003 1710 1123 1770 iniuriam

220 1790 249 1852 Β.
273 1791 370 1866 Patri,
399 1791 487 1868 quasi
509 1790 645 1869 legitime
667 1797 699 1848 et
720 1791 886 1850 seeundum
917 1791 1041 1852 decreta
1062 1793 1123 1854 Gon-

218 1873 282 1934 ·cilii
303 1873 410 1933 Niceni
434 1872 524 1932 fuerit
547 1872 719 1947 destitutus,
742 1891 810 1933 eum
827 1874 1021 1954 exploratum
1043 1877 1078 1936 sit
1095 1877 1123 1938 ab

220 1957 353 2016 historiis
376 1961 447 2035 post
467 1954 633 2015 Eusebium
655 1955 900 2031 Antiocheam,
931 1958 1025 2017 eredo
1048 1959 1124 2019 sebia

221 2038 381 2116 matieuin,
404 2058 472 2099 eum
501 2037 568 2097 aliis
590 2039 680 2099 Rom.
703 2037 842 2099 Pontifici
864 2040 1043 2117 rebellibus,
1065 2042 1124 2101 ebri-

220 2123 338 2183 atiaoos
360 2124 525 2201 episcopos
546 2118 641 2180 fuisse
660 2121 816 2199 expulsos,
838 2124 889 2200 qui
910 2125 1044 2202 aprima
1067 2125 1125 2185 sede

221 2204 370 2284 refugium
394 2210 591 2284 quaerentes,
623 2203 661 2263 ab
695 2205 796 2282 impiis
816 2205 1021 2266 schismaticis
1043 2209 1124 2286 repul-

221 2307 287 2349 sam
311 2288 392 2366 passi
415 2293 499 2363 sunt,
527 2306 623 2364 usque
653 2286 693 2345 ad
714 2294 855 2364 tempora
874 2288 1045 2350 Theodosii
1065 2291 1125 2350 cbri-

221 2370 398 2430 stianissimi
427 2369 629 2448 imperatoris.
679 2369 737 2430 Ubi
769 2378 842 2430 tune
878 2371 1064 2433 schismatici
1089 2375 1127 2432 tri-

147 2512 152 2519 ,
189 2525 193 2528 ¹
221 2454 306 2532 ginta
337 2452 426 2513 annis
455 2452 560 2512 sedem
584 2460 806 2530 occupassent,
841 2453 870 2515 S.
894 2453 1062 2534 Gregorius
1080 2457 1128 2516 lla·

222 2555 373 2595 nannenus
396 2534 666 2613 Constantinopoli
689 2536 900 2613 episeopatum
925 2540 1056 2619 aceepit,
1075 2559 1126 2600 non

222 2618 399 2697 ambitione,
422 2617 476 2677 sed
499 2637 538 2677 ne
561 2618 611 2677 alii
633 2617 817 2678 schismatici
841 2620 1049 2681 succederent.

304 2700 434 2760 Sanetus
464 2718 536 2760 vero
566 2700 804 2779 Chrysostomus
837 2703 949 2762 iniuria
983 2725 1039 2783 per
1070 2705 1128 2784 Epi-

221 2783 366 2863 pbanium
402 2784 524 2862 pulsus,
565 2784 687 2842 Arsatio
722 2783 917 2846 schismatico
964 2786 1129 2847 substitutus

220 2867 309 2926 Rom.
332 2864 490 2927 Pontifieis
512 2867 676 2926 autoritate
697 2885 855 2945 regressus
878 2876 934 2928 cst.
962 2870 1029 2930 Nee
1050 2871 1129 2947 valet,

221 2949 303 3028 quod
341 2948 528 3009 reverendus
559 2949 649 3008 Pater
677 2956 750 3008 tune
780 2950 869 3014 Rom.
899 2952 1079 3013 Pontificem
1106 2960 1130 3012 et

146 3072 149 3078 ,
222 3033 350 3093 Sanetos
374 3031 430 3092 sibi
446 3032 649 3092 adhaerentes
664 3032 875 3111 calumniatur,
898 3037 986 3113 quasi
998 3035 1038 3095 de
1050 3037 1129 3112 facto,

221 3135 283 3175 non
307 3115 345 3175 de
365 3116 431 3175 iure
452 3116 660 3194 processerint
677 3121 785 3174 eontra
815 3116 886 3176 illos
918 3118 1129 3179 schismaticos.

221 3197 311 3272 Quod
334 3197 422 3257 nudis
444 3199 506 3256 suis
528 3196 629 3257 verbis
650 3197 702 3273 ait,
725 3205 756 3257 et
778 3204 824 3258 tot
845 3198 987 3279 Sanetos,
1010 3205 1130 3262 etiams

222 3281 259 3341 li.
282 3281 372 3340 Patre
394 3280 644 3352 commendatos,
666 3280 807 3340 Romano
826 3282 966 3343 Pontifici
988 3304 1050 3345 non
1070 3304 1130 3344 con·

221 3365 377 3438 sensisse,
421 3362 502 3422 unde
535 3365 601 3421 sine
641 3381 734 3422 eausa
770 3362 799 3425 S.
827 3365 900 3423 illos
933 3367 1039 3427 Patres
1069 3374 1129 3427 aute

221 3446 304 3505 mille
333 3464 431 3505 annos
460 3446 597 3504 viventes
620 3446 808 3505 reverendus
829 3447 920 3508 Pater
951 3449 1013 3509 ia'm
1036 3451 1129 3529 incipit

221 3528 397 3589 ambitionis
419 3528 610 3605 insimulare,
640 3548 658 3587 a
681 3547 740 3606 quo
763 3530 838 3590 vitio
861 3550 880 3590 a
902 3537 950 3592 tot
970 3533 1078 3594 seculis
1096 3530 1127 3592 ab

222 3613 306 3673 omni
329 3611 461 3672 ecclesia
482 3611 578 3671 babiti
600 3619 670 3671 sunt
691 3612 851 3673 immunes.

570 3753 667 3760 *-

234 3851 267 3919 1)
286 3853 320 3908 ln
344 3854 391 3911 ed.
416 3855 511 3926 orig.:
530 3852 662 3909 Petrum.
