2709 4417
479 371 496 410 ι
515 355 636 411 Notariis
656 363 781 426 excepta.
970 351 973 362 '
1062 354 1104 423 77

207 542 368 607 Pontificem
388 544 451 603 iam
466 542 642 624 probaverit
660 542 833 622 primatum,
855 544 906 623 qui
928 545 1019 605 toties
1040 545 1105 606 iure

207 629 292 689 divino
314 646 347 687 se
368 625 567 706 probaturum
580 627 730 705 promisit,
753 644 811 686 nec
833 627 890 686 nisi
912 627 1036 688 decreta
1057 628 1105 688 fri·

205 710 344 792 gidissima
374 709 528 786 exhihuit,
562 721 593 770 et
623 709 742 787 aliquot
763 709 885 769 Patrum
914 710 991 770 false
1019 711 1105 771 intel·

206 795 284 854 lectas
305 793 495 855 autoritates.
535 792 684 871 Platynae
706 791 781 851 nihil
803 790 912 869 tribuo,
935 792 988 853 sed
1012 793 1106 854 histo-

205 878 268 953 riae,
294 893 373 954 quse
403 881 452 935 est
478 883 575 934 mater
601 875 759 952 veritatis,
793 893 885 954 quam
914 875 1018 935 scribit
1040 876 1106 936 Pla·

206 968 280 1040 tyna-

273 1038 360 1114 Quod
386 1037 425 1099 de
448 1025 724 1100 Constitutionibus
745 1039 840 1116 dicit,
864 1048 997 1101 transeo.

271 1121 408 1182 Tandem
424 1123 544 1200 fatetur,
567 1141 697 1202 graecos
710 1121 841 1182 Sanctos
864 1141 925 1182 non
937 1142 1007 1184 esse
1023 1123 1106 1183 dam·

207 1213 295 1281 natos,
325 1204 380 1264 sed
409 1206 511 1265 solum
542 1206 765 1265 schismaticos.
805 1205 872 1265 Hoc
900 1206 973 1265 nihil
996 1212 1043 1266 est
1066 1206 1105 1266 ad

207 1288 402 1369 propositum,
434 1306 534 1367 neque
557 1307 615 1368 ego
638 1289 719 1348 enim
743 1307 876 1367 unquam
900 1288 1045 1368 respondi
1069 1289 1107 1349 de

207 1371 392 1431 schismaticis
415 1369 553 1446 Graecis,
576 1369 630 1430 sed
653 1370 692 1431 de
714 1369 834 1431 Sanctis
858 1373 1035 1449 praesertim
1057 1371 1106 1431 Ni-

208 1454 260 1514 ceni
274 1453 408 1531 concilii,
431 1454 510 1514 sicut
530 1472 588 1513 nec
599 1454 692 1514 credo
714 1455 814 1534 ipsum
827 1454 940 1514 sentire
963 1454 1002 1514 de
1015 1453 1107 1513 schis·

209 1536 307 1596 maticis
328 1535 467 1612 Latinis,
489 1535 615 1615 quando
637 1536 676 1597 de
697 1535 788 1596 Rom.
810 1536 942 1596 ecclesia
965 1537 1108 1616 loquitur.

272 1617 457 1698 Gregorium
493 1638 512 1679 a
539 1638 587 1678 me
609 1619 765 1679 inductum
795 1618 869 1678 dicit
890 1638 958 1679 esse
980 1637 1109 1698 sequen-

210 1702 263 1762 dum
288 1701 458 1760 secundum
487 1720 626 1773 sensum,
664 1720 727 1761 non
756 1701 924 1762 secundum
962 1702 1108 1762 corticem

210 1784 365 1861 verborum,
392 1790 424 1844 et
446 1784 490 1844 sio
513 1785 586 1843 satis
608 1791 656 1844 est
677 1771 835 1845 condrtcta
847 1803 916 1846 mea
936 1786 1109 1865 responsio,
1153 1770 1156 1785 ’

212 1865 347 1926 sufficiunt
370 1869 451 1927 enim
473 1865 541 1927 sola
561 1865 654 1927 verba
676 1867 819 1928 Ecciana.

275 1948 366 2023 Quod
397 1956 499 2009 autern
527 1948 646 2008 induxit
667 1952 696 2012 2.
718 1969 748 2028 q.
771 1953 798 2012 6.
827 1968 894 2028 cap.
928 1949 966 2008 de
995 1955 1109 2024 cetero,

212 2032 248 2092 ubi
266 2032 370 2092 scribit
391 2031 471 2092 idem
494 2030 681 2112 Gregorius,
710 2032 787 2092 alios
811 2033 995 2111 episcopos,
1024 2050 1110 2110 pras-

212 2124 333 2194 terquam
347 2116 520 2174 Romanurn
543 2115 573 2175 in
596 2123 712 2194 partem
735 2123 864 2176 vocatos
886 2114 1110 2188 sollicitudinis,

212 2216 259 2258 non
278 2198 309 2257 in
330 2197 554 2277 plenitudinem
575 2198 753 2276 potestatis,
767 2197 880 2259 ‘debuit
901 2198 936 2260 D.
950 2198 986 2261 Ι).
1009 2204 1110 2257 osten-

212 2280 277 2358 dere,
297 2279 381 2360 quod
405 2297 513 2342 omnes
533 2281 697 2360 episcopos
721 2280 907 2341 intellexerit
927 2299 981 2359 per
995 2278 1110 2350 orbem,

213 2370 234 2422 et
251 2381 309 2424 non
331 2363 431 2422 solum
447 2361 646 2423 occidentalis
659 2363 811 2424 ecclesiae
824 2364 998 2445 episcopos.
1020 2360 1111 2435 Quod

213 2447 332 2524 siquam
357 2447 490 2506 maxime
511 2445 636 2524 faceret,
659 2463 722 2506 non
743 2446 814 2507 ideo
827 2445 1023 2526 probaturex
1045 2447 1110 2505 iure

213 2527 309 2591 divino.
333 2527 501 2609 Gregorius
523 2528 617 2588 homo
640 2534 697 2606 est,
720 2548 820 2607 eoque
842 2530 940 2589 minus
954 2527 1110 2608 probatur,

214 2630 260 2690 quo
280 2611 376 2671 multo
398 2613 430 2671 in
451 2610 587 2691 pluribus
609 2611 686 2671 locis
708 2612 859 2673 diversum
872 2612 973 2688 sentit,
996 2616 1028 2671 ut
1050 2630 1112 2670 ma·

214 2695 251 2774 gis
268 2695 305 2752 sit
327 2693 403 2753 mihi
417 2696 464 2754 ius
487 2693 607 2755 dicendi
629 2693 665 2755 D.
678 2694 816 2772 Doctori,
838 2703 872 2755 ut
890 2695 958 2774 ipse
979 2713 1112 2766 sensum,

215 2783 239 2836 et
255 2795 314 2838 uon
338 2776 483 2837 corticem
506 2777 536 2836 in
559 2776 622 2836 suis
644 2776 783 2838 adductis
805 2785 958 2862 sequatur,
980 2786 1035 2836 aut
1054 2777 1112 2855 pri·

215 2877 281 2918 num
302 2858 434 2920 eundem
457 2859 515 2920 sihi
537 2858 689 2920 conciliet

281 2940 444 3019 Ultimum,
473 2928 595 3020 quando
618 2961 677 3023 ego
701 2949 809 3003 contra
829 2942 986 3084 effregium
1013 2941 1050 3001 D.
1072 2939 1112 3004 Ι).

214 3023 307 3084 induxi
332 3024 483 3103 Paulum,
510 3031 533 3086 l.
557 3025 694 3086 Corinth.
716 3029 749 3090 3:
772 3024 840 3099 Quo
883 3024 1112 3085 fundamentum

212 3105 279 3167 aliud
297 3126 390 3168 nemo
412 3126 529 3188 ponere
547 3115 658 3188 potest,
682 3115 801 3187 praeter
822 3108 853 3167 id
875 3107 958 3186 qued
981 3107 1113 3186 positum

213 3197 267 3267 est,
295 3189 379 3270 quod
401 3197 450 3250 est
470 3191 561 3250 lesus
584 3190 742 3268 Christus,
771 3190 848 3251 dixit
869 3193 959 3250 etiam
983 3188 1114 3249 tribuen-

212 3271 281 3353 dum,
307 3273 433 3334 Vicario'
451 3273 572 3346 Christi,
596 3293 670 3354 ergo
694 3282 817 3355 oportet
839 3274 883 3333 sic
904 3273 1020 3333 dicere:
1056 3271 1114 3332 Ne-

211 3374 251 3416 no
291 3355 373 3416 aliud
415 3355 644 3425 fundamentum
677 3376 794 3438 ponere
832 3363 951 3437 potest,
995 3361 1116 3434 praeter

210 3437 234 3498 id
264 3439 347 3519 quod
381 3439 513 3519 positum
549 3446 610 3516 est,
647 3439 730 3518 quod
764 3446 812 3500 est
847 3439 934 3500 Rom.
964 3436 1115 3514 Pontifex,

210 3529 235 3580 et
258 3523 304 3582 sic
336 3520 539 3582 resistendum
572 3523 628 3582 erit
670 3521 919 3583 evidentissimae
961 3521 1115 3581 autoritati
1148 3562 1150 3567 -

209 3603 301 3684 Penii,
325 3613 379 3665 aut
400 3603 623 3683 revocandum,
654 3604 738 3683 quod
758 3605 836 3666 haec
856 3622 919 3665 non
942 3605 1004 3664 sint
1024 3602 1116 3664 trihu·

210 3685 282 3748 enda
303 3687 427 3747 Vicario
452 3685 570 3748 Christi.
762 3756 767 3766 ι

272 3768 421 3846 Similiter
438 3767 517 3826 illud
537 3767 605 3830 Gal.
628 3772 660 3849 2,
686 3770 738 3833 ubi
763 3770 845 3835 dixit
859 3771 992 3856 Paulus,
1011 3772 1067 3855 quir
1086 3771 1131 3833 ui-

199 3839 332 3899 'ssbfflfflf
351 3846 370 3916 (
368 3844 508 3921 ¹0d111'2u1
526 3848 568 3911 de
591 3853 711 3937 Petro,
743 3858 891 3944 Jacobs,
914 3870 950 3928 et
972 3860 1148 3934 lohauuet
