2709 4417
412 367 416 375 '
488 355 645 427 alleluiis
663 375 786 440 excepta.
880 438 883 442 ¹
1039 364 1102 434 139

199 558 292 619 irtam
313 558 525 640 Respondeo:
545 559 659 620 Verum
682 564 728 619 est
749 556 830 638 cpud
843 556 962 635 fideles,
983 554 1037 616 sed
1059 556 1103 615 in·

199 641 285 704 relide
304 643 387 722 apud
408 644 593 706 resistentes.
758 689 763 696 .

263 725 339 787 Post
375 727 455 787 haec
482 726 575 805 dicit,
618 745 688 787 esse
724 725 949 805 apertissimum
985 729 1102 783 textum

199 810 216 872 l.
238 806 373 870 Corinth.
388 811 422 873 3:
444 809 517 882 si1)
541 810 626 869 cuius
648 828 726 890 opus
748 808 864 888 arserit,
886 807 1100 868 detrimentum

199 891 328 969 satietur,
355 894 423 995 ipss
445 899 546 953 autem
568 893 671 954 salvus
693 893 767 968 erit,
795 892 841 951 sic
868 897 987 968 tamen,
1015 890 1103 969 quasi

199 993 240 1054 ser
258 975 373 1054 ignem,
395 981 427 1036 ct
444 976 639 1037 Ambrosium
661 982 693 1036 ot
712 974 944 1055 Hieronymum,
966 973 1101 1054 glossam

199 1056 367 1119 ›rdinariam
390 1066 422 1119 et
442 1059 677 1137 interlinearem,
700 1057 893 1139 Gregorium,
905 1055 1103 1134 Remurium,

199 1140 375 1202 utolloxisse
403 1142 464 1203 hoc
489 1140 615 1220 10002)
645 1141 820 1223 apostolum
848 1140 888 1200 ds
916 1140 1104 1220 purgatorio,
1150 1202 1157 1216 ,

199 1223 459 1309 ioetAugustinus
481 1226 592 1286 alicubi
614 1225 834 1306 depraesentis
848 1223 943 1284 seculi
963 1222 1034 1303 igne
1056 1240 1105 1282 ea·

199 1306 252 1367 lom
272 1308 369 1369 verba
397 1328 492 1388 posse
512 1308 641 1390 intelligi
662 1308 753 1369 dicat.
776 1306 979 1388 Respondeo:
1015 1303 1103 1365 Adeo

199 1408 246 1450 ron
266 1396 315 1450 est
335 1393 545 1470 apertissimus
567 1392 616 1452 hic
629 1397 742 1466 textus,
764 1398 796 1451 ut
812 1409 871 1470 ego
884 1390 977 1449 hodie
998 1389 1103 1467 fatear,

199 1491 249 1532 rum
271 1472 370 1534 multa
395 1476 600 1553 excesserim,
634 1494 684 1535 me
711 1474 811 1535 adhuc
838 1474 958 1535 nescire
984 1491 1104 1552 germa-

199 1574 254 1615 rnm
280 1575 407 1617 sensum
435 1557 539 1636 Pauli,
581 1558 634 1618 ita
650 1556 837 1618 variantibus
878 1555 1103 1636 interpretibus,

199 1656 354 1719 {nonquam
390 1659 446 1720 per
472 1660 522 1700 me
543 1641 642 1701 libens
664 1641 823 1701 admittam
851 1639 890 1700 de
916 1640 1103 1720 purgatorio.

199 1721 293 1782 larum
316 1742 387 1783 cum
399 1724 559 1804 apostolus
581 1726 774 1804 apertissime
790 1722 880 1801 dicat,
903 1740 981 1802 opus
1003 1722 1106 1782 unius-

199 1805 329 1884 miusque
342 1825 408 1885 *por
428 1807 530 1888 ignem
553 1807 692 1887 probari,
720 1809 751 1866 in
781 1825 841 1886 quo
870 1808 943 1886 igne
965 1804 1039 1864 dicit
1059 1823 1103 1863 re·

199 1887 346 1948 velandam
370 1889 453 1950 diem
473 1888 614 1963 Domini,
647 1910 726 1969 quae
755 1889 891 1950 declaret
917 1889 1104 1948 uniuscuius-

199 1988 241 2048 que
262 1989 358 2052 opus,
379 1979 414 2032 ut
435 1980 505 2033 sunt
526 1978 634 2053 aperta
654 1973 766 2045 verba,
795 1991 864 2032 meo
887 1972 970 2031 tenui
991 1969 1103 2030 iudicio
1188 2015 1190 2019 r

199 2052 300 2115 ridetur
318 2056 407 2134 loqui
428 2055 467 2116 de
487 2057 559 2136 igue
580 2056 830 2136 conflagrationis
858 2063 890 2116 et
911 2055 1039 2115 extremi
1061 2055 1104 2112 iu·

199 2134 261 2220 dicii,
282 2147 337 2198 aut
360 2145 393 2198 ut
416 2139 604 2219 Augustinus
626 2139 820 2219 tropologice
851 2138 890 2199 de
910 2140 982 2218 igne
1001 2156 1103 2219 perse·¹

199 2221 311 2281 tutionis
334 2221 530 2300 temporalis,
562 2241 623 2301 qua
650 2223 785 2282 maxime
807 2220 953 2301 probatur
972 2219 1050 2280 fides
1072 2227 1104 2281 et

199 2299 251 2363 idei
283 2303 434 2366 doctrina.
477 2302 517 2364 Et
545 2323 744 2384 quaecunque
777 2324 870 2384 super
895 2305 973 2365 haec
1000 2301 1103 2363 aedifi·

199 2391 297 2448 untur.

260 2467 367 2544 Quare
388 2468 489 2529 adhue
509 2470 585 2529 nihil
605 2469 734 2531 habetur
755 2489 794 2530 ex
808 2471 902 2529 sacris
926 2468 1018 2528 literis
1041 2485 1103 2526 ma·

199 2550 323 2612 ifestum
346 2552 386 2612 de
406 2555 594 2633 purgatorio,
616 2551 699 2631 quod
720 2554 750 2611 in
772 2553 970 2613 contentione
991 2549 1103 2610 valeat.

199 2632 250 2694 lon
274 2653 351 2714 ergo
374 2634 568 2696 beatissimos
591 2634 701 2695 Patres·
729 2635 767 2696 de
796 2654 922 2695 numero
952 2632 1102 2713 theologi·

199 2722 295 2777 tarum
317 2717 438 2793 habeo,
463 2720 534 2797 quia
555 2719 764 2797 purgatorium
786 2738 854 2778 cum
878 2720 921 2777 eis
944 2715 1103 2792 confiteor,

199 2816 239 2859 eo
258 2801 319 2880 ipsi
342 2801 505 2881 opiniones
526 2807 557 2861 et
577 2802 768 2880 ignorantias
791 2820 862 2860 suas
884 2799 923 2860 de
938 2805 1018 2860 statu
1040 2800 1103 2858 ani-

199 2900 297 2943 narum
320 2902 376 2963 pro
399 2884 534 2959 articulis
553 2891 729 2962 sanxerunt,
753 2885 830 2944 sicut
851 2884 965 2943 faciunt
986 2881 1102 2942 theolo-

199 2966 290 3043 ,istae

263 3048 389 3108 lliratur
399 3049 436 3109 D.
444 3048 492 3126 D,
515 3048 671 3127 quomodo
692 3049 809 3129 possim
831 3049 920 3123 scire,
944 3067 1013 3108 esse
1034 3066 1103 3127 pur·

199 3132 344 3210 prosum,
367 3137 399 3192 et
421 3149 480 3211 ego
502 3149 562 3191 nec
583 3151 675 3191 unum
698 3133 799 3192 locum
821 3130 951 3192 habeam
973 3149 1029 3210 pro
1052 3148 1102 3189 me

201 3213 400 3293 nScriptnris,
425 3232 491 3273 cum
513 3214 600 3290 haec,
624 3221 656 3274 ut
677 3215 759 3292 dicit,
782 3213 950 3274 clarissima
971 3212 1103 3291 Scriptu-

199 3312 240 3355 rae
259 3297 434 3356 testimonia
455 3314 511 3375 pro
527 3298 691 3358 neotericis
708 3297 862 3376 theologis
884 3297 985 3356 facere
1007 3303 1102 3374 putet.

199 3378 382 3458 despondeo:
404 3378 476 3440 Non
498 3385 545 3439 est
566 3399 695 3442 necesse
717 3378 873 3455 confiteri,
896 3398 954 3458 qua
978 3380 1028 3437 via
1049 3396 1102 3438 uo·

201 3461 278 3520 verim
306 3462 533 3543 purgatorium,
560 3462 611 3522 vel
632 3480 842 3542 quaecunque.
885 3460 1004 3522 Deinde
1025 3461 1103 3521 haec

216 3615 227 3621 ··
237 3618 610 3626 ——..-.--—-.—.——--.

235 3702 255 3761 l)
271 3703 297 3752 ln
316 3676 356 3754 ed.
376 3706 445 3771 orig,
467 3705 658 3759 tantummodo
677 3704 799 3776 legitur:
821 3703 851 3759 Si
871 3706 958 3760 cuius.
974 3706 1037 3776 ipse
1052 3704 1107 3758 sal·

199 3769 283 3817 rabitur
298 3775 347 3821 otc.
368 3771 401 3835 2)
419 3773 451 3824 In
471 3774 514 3829 cd.
536 3778 607 3849 orig.
627 3777 734 3836 desunt
756 3783 856 3840 verba:
883 3782 941 3838 lroc
955 3779 1046 3850 loco,
1059 3777 1141 3835 reu.

199 3830 226 3880 'rra
238 3840 302 3885 sunt
318 3852 355 3890 ex
371 3838 415 3892 ed,
428 3842 492 3896 Jcn.
512 3850 541 3899 et
556 3848 683 3911 Loesclr.
