2709 4417
234 336 277 404 50
431 338 589 409 Disputatio
607 338 715 409 Lipsiae
737 340 831 395 babila
851 356 876 395 a.
892 338 952 393 lilii
1013 372 1018 381 ·

235 524 407 602 quicunque
427 506 586 609 apostolus
608 523 723 603 primus
744 522 933 585 velultimus
957 522 1127 599 bii‚nib1lsd
1162 490 1164 501 ’

234 624 309 669 rem.
332 606 451 666 Vellem
474 624 547 687 ergo
570 607 711 689 egregius
733 606 771 671 D.
781 606 819 670 D.
841 605 1014 686 Scripturas
1037 608 1127 667 reobuu

234 690 366 787 legeret,
388 696 551 768 antequam
573 690 617 749 sio
644 688 802 777 allegaret.
845 688 913 750 Stat
939 706 1031 769 ergo,
1065 690 1128 768 quod

234 778 380 852 prumttus
402 773 460 833 iste
481 790 536 832 seu
557 790 692 852 persona
712 772 788 839 nibil
808 774 962 852 pertineat
994 760 1032 831 ad
1052 772 1128 832 ¹aeolo

238 855 313 915 siam
337 852 376 914 de
397 855 462 915 iure
482 854 588 915 divino
610 855 731 915 saltem.
998 874 1000 881 ·
1150 904 1152 911 .

235 935 1130 1099 „uli-iti„titini?⁰ltl¹itlid3¹tll¹tld

234 1102 450 1168 sitiebant.
492 1103 568 1164 item
590 1110 622 1164 et
654 1103 730 1164 illud
761 1103 799 1165 de
851 1103 953 1164 iebeia
983 1103 1131 1164 ratiuncula

235 1194 374 1263 transeo,
396 1187 467 1265 quia
487 1205 549 1246 non
573 1194 621 1247 eat
641 1187 806 1250 ooniistata.
829 1122 920 1262 &uod
943 1185 982 1246 de
1005 1186 1131 1266 episeopo

236 1276 267 1331 et
288 1271 401 1329 vieario
425 1271 456 1328 in
479 1270 662 1330 consistorio
686 1269 829 1347 adduxit,
851 1269 927 1329 nibil
948 1268 989 1329 ad
1009 1272 1069 1328 rein
1088 1275 1132 1330 est

236 1353 305 1412 blaa
325 1354 402 1413 ratio
425 1353 485 1412 hoe
505 1352 620 1412 voluit:
644 1352 676 1413 Si
699 1353 830 1413 eeclesia
850 1371 913 1413 non
936 1360 984 1412 eat
1004 1351 1133 1432 aoephala

237 1442 357 1497 mortuo
379 1454 483 1515 papa,
515 1454 574 1495 neo
604 1435 753 1516 aoepbala
775 1435 860 1497 nullo
881 1454 984 1515 papa„
1014 1434 1133 1504 Transeo

234 1518 310 1578 illud
332 1517 371 1578 de
388 1517 607 1596 cardinalibus,
630 1520 704 1598 quia
725 1517 866 1579 omnibus
888 1526 1006 1597 notum,
1028 1517 1133 1597 quando

236 1603 402 1681 coeperint.
444 1601 580 1662 Transeo
603 1609 635 1663 et
654 1601 732 1665 illud
754 1601 793 1665 de
810 1601 986 1681 cypriano,
1021 1602 1088 1680 quia
1106 1620 1135 1660 ex

235 1685 360 1765 propria
394 1682 547 1747 salival).
572 1684 608 1745 D.
630 1684 706 1744 dixit
736 1686 923 1764 nescioquae
950 1683 989 1751 de
1010 1683 1135 1744 Numidia

236 1767 315 1827 ultra
335 1766 501 1843 Atlantem,
524 1786 603 1846 quae
623 1786 686 1828 nou
711 1774 759 1829 est
780 1769 812 1827 in
833 1787 933 1828 rerum
963 1774 1079 1828 natura.
1107 1765 1137 1826 Et

235 1849 325 1927 iilud,
363 1848 445 1927 quod
468 1849 629 1910 Cornelius
660 1850 755 1910 frater
775 1851 950 1932 appellatur
969 1870 990 1909 a
1009 1851 1138 1927 Damaso,

236 1940 380 2010 transeo,
406 1932 478 2010 quia
499 1950 561 1992 non
584 1933 773 1993 oonfutaium
796 1941 857 2012 est,
878 1934 951 1995 lioet
971 1932 1083 1995 baum
1102 1933 1138 2011 sit,

237 2015 321 2093 quod
332 2016 554 2076 honestissimis
576 2016 671 2076 titulis
694 2016 968 2095 sehonoraverint,
991 2023 1025 2076 ut
1038 2017 1137 2078 bestie

237 2100 330 2242 itt
345 2098 938 2242 ²ltiiitlttitilius-¹¹²
952 2098 1140 2259 „titii

237 2265 283 2325 sio
303 2263 498 2327 scribebatur.
542 2263 610 2324 Hoo
630 2267 711 2324 enim
733 2203 923 2344 probandudd
946 2273 1021 2328 erat.

315 2347 453 2407 'lbanseo
475 2353 506 2406 et
526 2346 611 2424 illud,
632 2347 716 2426 quod
738 2347 849 2408 dixerit
868 2349 1068 2428 impertinens
1085 2364 1141 2408 esse

235 2430 274 2491 ad
295 2431 475 2509 institutum,
498 2449 537 2489 an
559 2430 666 2490 Petrus
687 2430 863 2511 apostolum
882 2431 1017 2510 aliquem
1039 2430 1144 2491 ordina

235 2521 297 2592 ret,
327 2514 399 2592 quia
420 2513 470 2572 hio
491 2514 598 2573 unione
619 2532 732 2574 nervus
755 2521 817 2590 est,
846 2521 878 2575 et
898 2515 1030 2575 inviotus
1051 2520 1145 2575 eontra

235 2597 272 2658 D.
293 2596 435 2674 Eooium,
456 2596 527 2657 ideo
551 2614 614 2657 non
635 2597 811 2659 inconsulte
833 2598 956 2676 transit,
985 2616 1026 2658 ne
1047 2596 1145 2657 irreou·

234 2678 410 2761 perabiliter
425 2680 585 2759 impingat.
605 2679 682 2740 Item
704 2678 843 2758 admitto,
865 2699 945 2761 quae
968 2700 1009 2742 ex
1022 2680 1145 2760 Martyre

236 2764 391 2844 cypriano
428 2761 556 2823 adduxit
588 2762 627 2824 de
660 2763 778 2825 honore
806 2769 838 2824 et
857 2769 1013 2845 potestate
1034 2762 1146 2842 aequali

234 2847 1146 3008 :¹¹3⁶tulleutitiumtt‘tulltiiut

235 3021 267 3075 et
292 3034 311 3074 a
333 3015 488 3097 Cypriane
520 3012 705 3093 descriptam
737 3015 900 3074 ecelesiam
930 3016 1147 3095 episeoporum

235 3097 352 3177 plaaot,
379 3098 451 3177 quia
473 3114 535 3157 uon
557 3103 660 3176 potest
683 3098 842 3158 oonfuiari.
874 3096 964 3172 Quod
987 3105 1090 3158 autem
1109 3115 1146 3156 re·

235 3182 323 3259 petiit
345 3179 384 3240 de
405 3179 601 3241 distinetione
623 3184 707 3240 ortu‘e
730 3180 940 3258 saeerdotalis,
957 3180 1040 3240 unde
1061 3185 1147 3260 patet,

235 3263 316 3341 quod
334 3264 466 3327 intentio
489 3263 636 3343 cypriani
659 3264 699 3324 sit
720 3264 760 3324 de
781 3263 904 3324 defluxu
926 3265 1090 3344 potestatis
1109 3280 1147 3323 ea·

237 3346 411 3423 oerdotalis,
431 3348 504 3424 quia
524 3347 600 3407 nibil
621 3346 698 3407 dixit
719 3348 777 3407 nisi
801 3365 856 3406 sua
877 3346 980 3426 verbe,
1003 3346 1085 3427 apud
1106 3363 1148 3407 me

237 3429 312 3489 nibil
331 3429 496 3490 ooueludit.
538 3454 540 3459 ·

262 3542 265 3549 ·
320 3511 397 3572 lliud
415 3530 541 3591 quoque
564 3514 662 3592 magis
684 3511 923 3590 attendendum,
956 3511 1040 3590 quod
1064 3511 1147 3572 Grae

237 3613 289 3655 eos
311 3595 569 3656 haeretioissimos
602 3615 694 3655 ausus
723 3602 771 3655 est
800 3595 957 3677 appellare
986 3595 1061 3654 satis
1095 3612 1148 3654 mo·

236 3677 341 3756 desta,
372 3698 440 3738 oum
469 3680 499 3738 in
521 3681 664 3739 universa
687 3677 820 3738 eoelesia
840 3677 924 3737 nulla
945 3697 1017 3755 pars
1040 3676 1149 3738 dederit

221 3762 331 3843 plures
352 3762 596 3825 oxoelleutiores
619 3763 802 3843 somptores„
820 3778 916 3851 uuam
932 3758 1159 3815 amaeam

216 3848 305 3927 quod
329 3851 427 3912 toties
452 3849 533 3911 mihi
558 3841 976 3911 submordensliolremuam
998 3850 1164 3910 appropera
