2709 4417
510 339 607 387 contra
623 334 687 388 Joh.
707 335 828 389 Eccium.
1077 334 1141 401 499

168 516 187 551 '-'
219 537 410 597 propensum
431 521 525 581 animi
546 520 678 581 studium
701 522 790 602 rapit,
811 521 843 582 id
866 522 1007 584 omnibus
1025 522 1140 585 viribus

221 599 364 680 effigiare
387 603 553 665 studemus

303 684 368 744 lam
392 687 513 782 quoties
541 686 658 761 evenit,
693 692 726 746 ut
756 688 890 766 excipiat
919 688 980 747 vim
1012 687 1140 749 alicuius

218 769 396 827 sententias
408 770 562 848 propriam
575 775 606 831 et
627 769 778 829 sinceram
802 789 888 830 mens
901 777 1015 846 nostra,
1038 769 1139 831 obleo

218 853 329 926 tetque
357 850 389 909 in
422 869 460 913 ea
483 870 516 910 se
538 849 704 930 paulisper,
726 851 857 913 mirabili
879 851 1012 929 quodam
1037 852 1140 928 modo,

217 947 314 1009 quem
336 951 483 994 revocare
505 940 615 1014 postea
638 933 776 1013 elapsum
799 947 924 1013 prorsus
947 935 1062 1014 nequit
1104 935 1178 998 lm.

218 1031 303 1092 curru
316 1014 441 1075 modum
464 1015 494 1077 S.
517 1014 623 1075 Patres
645 1022 676 1074 et
698 1015 809 1077 affectu
844 1016 977 1095 quodam
1008 1019 1088 1097 rapti
1109 1018 1139 1077 in

217 1112 346 1169 sensum
369 1116 432 1158 non
455 1097 567 1157 malum
586 1097 719 1177 quidem,
735 1098 789 1158 sed
805 1100 1052 1178 impertinentem
1073 1119 1140 1161 sae·

217 1196 391 1258 penumero
423 1179 577 1258 Scriptura
614 1187 685 1240 sunt
716 1179 813 1244 abusi.
843 1180 962 1256 ·Quod
1004 1189 1053 1241 ut·
1076 1201 1138 1245 non

218 1260 355 1340 damno,
388 1263 433 1323 sic
463 1269 564 1323 tamen
603 1263 739 1342 recipio,
782 1269 815 1322 ut
857 1265 888 1323 in
929 1265 1141 1326 controversia

217 1361 330 1423 parum
367 1344 472 1406 valere
504 1344 641 1405 arbitrer.
694 1345 784 1421 Nam,
822 1352 855 1406 ut
877 1345 987 1407 Graeci
1026 1346 1140 1421 dicunt,

217 1425 333 1500 καλῶς
355 1428 543 1511 τρέχουσιν,
567 1422 693 1491 ἆλλά’
674 1425 767 1502 enada
788 1422 889 1492 ὁδοῦ.
901 1429 967 1489 lmo
989 1430 1087 1489 ausim
1110 1437 1142 1489 et

218 1507 283 1569 boc
306 1507 419 1585 dicere,
456 1528 675 1588 nonuunquam
698 1530 791 1570 sensu
822 1510 955 1589 quodam
982 1511 1012 1572 S.
1034 1511 1140 1573 Patres

217 1593 440 1688 interpretatos
469 1611 537 1652 esse
562 1592 748 1672 Scripturas,
783 1611 873 1689 quem
903 1592 1087 1673 suggerebat
1109 1602 1142 1655 et

218 1674 393 1754 inspirabat
414 1676 505 1735 vivax
528 1673 786 1753 aliquisaffectus,
809 1677 859 1754 qui
872 1695 980 1736 sensus
1002 1683 1034 1735 et
1049 1695 1140 1737 verus

219 1758 262 1816 sit
285 1764 317 1817 et
337 1776 399 1817 non
422 1758 631 1837 impertinens,
653 1776 744 1836 quem
760 1765 865 1818 tamen
888 1776 946 1818 nos
963 1757 1140 1820 homunculi

220 1838 262 1899 ad
286 1839 404 1906 literam
427 1839 576 1918 quadrare
598 1858 661 1899 non
684 1839 823 1900 videmus
833 1859 986 1921 ,nempe
998 1840 1060 1901 alio
1082 1859 1140 1903 nos

220 1921 302 1983 alius
324 1923 446 2018 spiritus
460 1922 491 1998 1)
514 1923 602 2001 rapit
636 1921 693 1982 Est
713 1923 794 1982 anim
817 1886 967 1983 eiusmodi
988 1922 1139 2002 quaedam

220 2005 316 2064 tacita
340 2006 449 2064 mentis
471 2005 634 2078 alimonia,
667 2011 699 2065 et
720 2024 833 2065 manna
854 2004 1025 2084 quoddam,
1057 2005 1139 2084 quod

221 2093 299 2165 puto
321 2087 448 2147 Paulum
477 2082 664 2147 intellectum
694 2087 861 2166 spiritalem
895 2106 1024 2165 vocare,
1062 2106 1141 2166 quae

220 2169 344 2229 facilius
368 2171 407 2231 sit
428 2170 596 2249 percipere,
619 2188 709 2248 quam
733 2169 833 2230 verbis
855 2169 1010 2231 deliniara

305 2252 369 2312 lam
402 2270 475 2312 vero
514 2252 580 2329 quis
617 2270 680 2311 non
715 2251 800 2312 videt
836 2259 955 2313 veteres
987 2252 1141 2315 liberrime

188 2326 192 2331 ’
220 2335 387 2414 Scripturis
406 2333 536 2410 abusos,
567 2333 714 2413 pleraque
750 2335 957 2415 temporibus,
993 2335 1140 2414 pleraque

222 2416 466 2478 dissensionibus
488 2416 711 2477 haereticorum
735 2416 808 2478 data
829 2425 915 2485 sunt,
937 2416 1019 2496 quod
1041 2437 1139 2497 genus

222 2499 368 2578 exempla
397 2499 489 2559 liceat
516 2500 675 2559 innumera
702 2499 882 2578 producere.
931 2499 1039 2578 Neque
1070 2518 1141 2562 raro

222 2581 346 2660 accidit,
369 2582 547 2661 praesertim
570 2582 601 2641 iu
623 2581 855 2658 recentioribus,
877 2589 910 2641 ut
931 2589 1047 2662 pugnet
1066 2601 1139 2645 cum

223 2665 343 2744 origine
373 2684 430 2724 sua
462 2664 616 2743 expositio
648 2665 822 2744 quaepiam.
872 2665 920 2724 De
941 2663 1141 2725 Scholasticis

223 2766 286 2808 non
326 2753 373 2806 est
400 2753 433 2806 ut
462 2746 563 2806 multis
591 2765 695 2827 agam,
735 2747 843 2825 quibus
876 2745 997 2807 divinae
1032 2746 1141 2809 literae

224 2828 345 2908 quidvis
367 2836 438 2889 suut
464 2830 582 2908 potius,
619 2848 709 2906 quam
736 2829 908 2909 simplices,
943 2831 1006 2889 imo
1035 2831 1140 2891 nescio

224 2932 315 2992 quern
328 2911 470 2973 Proteum
488 2909 617 2990 lingunt,
640 2910 711 2971 dum
734 2931 787 2972 eas
809 2913 839 2972 in
862 2911 1058 2992 allegoricos,
1081 2919 1141 2973 tro-

224 2994 404 3075 pologicos,
442 2994 650 3073 anagogicos,
691 2994 840 3071 litorales,
882 2986 1141 3074 grammaticales,

223 3077 386 3137 historicos
414 3094 523 3136 sensus
555 3075 786 3154 transformant,
818 3084 849 3137 et
876 3077 1090 3137 transfundunt
1109 3078 1141 3137 in

223 3160 330 3221 nescio
353 3177 428 3236 quas
450 3158 586 3219 lacunas.

308 3241 356 3301 Ad
379 3248 500 3303 veteres
522 3240 626 3314 redeo,
650 3258 728 3320 quos
749 3239 898 3302 hactenus
912 3241 975 3301 dixi
987 3240 1143 3320 Scriptura

223 3324 319 3401 abuti,
340 3325 400 3384 iam
417 3331 536 3384 verost
552 3343 653 3384 errare
670 3342 892 3403 saepenumero
911 3323 990 3384 dico.
1018 3322 1141 3399 Quaeso

225 3407 348 3487 quoties
362 3407 465 3485 lapsus
483 3413 531 3466 est
541 3406 766 3485 Hieronymus?
789 3408 910 3485 quoties
932 3405 1142 3486 Augustinus?

225 3491 349 3570 quoties
364 3488 564 3551 Ambrosius?
586 3489 653 3549 Nec
666 3491 746 3550 enim
765 3495 827 3549 tam
848 3490 946 3569 ignoti
969 3488 1041 3551 mihi
1063 3495 1143 3566 sunt,

248 3664 367 3670 ..-.........
377 3660 568 3675 ..-.-...,...--
578 3664 644 3669 ..ι--.-

299 3765 379 3827 1i1n
410 3765 451 3818 ed,
470 3766 544 3819 Jon:
580 3772 676 3820 nostra
700 3763 888 3826 mediocritas3
911 3761 1048 3817 Moscha
1070 3760 1142 3815 alins

215 3848 328 3899 scopus.
933 3900 1006 3970 w
