2709 4417
267 350 335 423 462
543 355 949 424 va=onnuo=qnarroceesm

353 546 476 606 Tertio·
493 544 633 622 decimo-3
667 552 726 604 est*
748 548 864 604 antam=
885 544 950 605 Iud:
980 549 1011 608 7.
1043 546 1177 623 quaedam

271 628 370 710 figura
391 630 456 688 eius
478 646 601 708 pugnae
622 625 794 706 descripta,
829 646 920 705 quam
951 627 1102 687 mnas
1127 632 1178 689 anie

271 731 338 771 mus
366 730 435 770 cum
468 710 516 770 his
545 709 638 770 tribus
671 711 838 770 acerrimis»
859 710 1020 786 hostibus,
1054 719 1178 791 pmcab,

272 801 370 856 morta
391 802 424 853 et
443 793 573 870 inferno,
596 791 698 855 habet.
721 793 862 853 Gedeon-
874 795 957 854 enim
977 808 1075 873 parva
1092 806 1180 870 manu,

270 879 416 937 trecentis
437 877 555 935 scilicet
576 874 736 953 militibus,
776 875 1181 956 ingentemcltladianitcna

271 961 437 1020 exercitum
461 966 554 1019 noctu
577 957 703 1036 invadit,
725 959 982 1038 eosqucfnndlt,
997 960 1181 1040 =nongiadio

271 1049 324 1102 ant
345 1043 375 1102 vi
398 1042 516 1121 aliqua,
539 1041 594 1100 sed
616 1045 732 1101 tantam
756 1042 840 1103 edito
861 1043 1182 1121 tubarnm'asonitiqct

270 1126 427 1185 concussis
457 1124 664 1203 lampadibus,
694 1143 770 1203 quas
798 1125 974 1207 gestabant.
1026 1126 1060 1184 ln
1089 1126 1182 1205 ingan

269 1209 360 1287 igitur
394 1225 501 1267 omnes
532 1209 611 1267 versi
646 1207 834 1269 Madianitae
864 1210 897 1268 in
929 1215 1049 1268 mutua·
1070 1209 1182 1269 vuincss

270 1289 443 1368 caedesque
466 1297 586 1350 mutuas
606 1290 744 1354 ruebant.
1039 1333 1041 1336 -

353 1372 403 1433 Sic
424 1380 582 1451 peccatum
600 1392 732 1452 quoque,
755 1392 847 1450 mars,
868 1376 943 1434 item
963 1374 1104 1440 infernus
1124 1390 1181 1432 eurr¹

269 1456 410 1515 omnibus
442 1457 505 1515 suis
535 1457 647 1515 viribus
676 1456 842 1516 funduntur
869 1464 902 1516 et
931 1464 1143 1537 superanturq
1161 1459 1182 1516 si

270 1538 460 1597 includamus
487 1540 519 1596 in
542 1545 666 1599 nostros
689 1541 809 1600 animos
832 1540 973 1602 lucentes
996 1540 1067 1600 illas
1089 1541 1181 1618 imagi

269 1640 325 1680 nas
346 1629 409 1681 tum
431 1621 552 1698 Christi,
575 1629 637 1680 tum
661 1622 846 1683 Sanctorum
866 1625 942 1684 sius.
987 1623 1021 1682 si
1043 1624 1181 1682 item÷no

270 1711 349 1765 stros
371 1706 490 1764 animos
514 1704 670 1777 tubania,
693 1706 753 1764 hoc
775 1713 837 1782 est,-
853 1707 950 1766 verbo
965 1705 1084 1783 divino,
1108 1707 1181 1765 cuins

270 1789 402 1847 sonitum
432 1787 525 1847 Satan
557 1788 644 1846 ferre
667 1807 729 1848 non
761 1795 879 1868 potest,
914 1787 1137 1864 accendamus,
1157 1796 1182 1848 at

269 1870 390 1951 quidem
414 1872 444 1928 in
466 1877 575 1948 nocta,
608 1871 668 1930 boc
690 1879 753 1949 est,
787 1872 817 1936 in
847 1870 924 1949 fids,
959 1889 1041 1949 quas
1062 1871 1183 1930 adilian

269 1953 436 2013 horrendas
463 1954 558 2013 facies
589 1973 649 2013 aon
681 1955 821 2033 respicit,
856 1953 912 2014 sed
944 1954 1118 2013 contemnit
1136 1972 1182 2014 eas

290 2037 380 2096 otius.

268 2054 289 2116 p
351 2119 392 2178 Et
412 2137 486 2178 sane
520 2120 551 2178 in
582 2119 664 2177 bunc
694 2120 819 2180 modum
845 2120 942 2179 lsaias
966 2138 1039 2198 cap·
1061 2122 1090 2180 9.
1111 2118 1182 2178 bane

269 2200 396 2281 liguram
424 2203 559 2280 accepit,
596 2221 662 2261 cum
691 2204 801 2280 inquit}
838 2203 946 2282 Iugum
977 2203 1060 2261 enim
1089 2203 1181 2262 amris

269 2286 351 2363 eins,
383 2292 414 2344 et
435 2286 550 2364 virgam
575 2284 692 2344 humeri
715 2287 780 2345 eius
802 2293 834 2345 et
856 2292 1011 2363 sceptrum
1035 2286 1179 2344 exactoris

268 2369 333 2426 eius
356 2369 524 2446 superasti,
555 2368 643 2426 sicut
664 2369 695 2427 in
724 2368 774 2428 die
796 2367 928 2427 Madian.
974 2368 1077 2446 Atque
1099 2369 1124 2427 si
1142 2369 1181 2426 sic

268 2451 364 2510 dicat:
393 2451 525 2510 Peccata
553 2451 739 2530 tuipcpnli,
767 2452 876 2529 quibus
904 2468 962 2509 cen
985 2453 1073 2529 gravi
1096 2469 1179 2510 onere

269 2535 477 2594 conscientiae
511 2534 648 2613 ipsorum
679 2533 911 2613 premebantur:
944 2534 1019 2592 item
1048 2541 1178 2606 mortem,

269 2635 348 2696 quae
370 2635 425 2676 ceu
449 2617 535 2694 virga
557 2623 588 2676 et
608 2634 711 2695 poena
733 2618 833 2677 statim
857 2624 1018 2696 peccatum
1041 2616 1178 2694 ssqnebc

267 2708 329 2775 tnr,
363 2709 394 2759 ct
416 2694 550 2779 graviter
570 2698 727 2780 affligebat
747 2700 907 2778 humeros,
929 2700 1003 2759 item
1024 2699 1176 2773 infernum,

266 2783 317 2861 qui
341 2784 437 2862 exigit
457 2781 540 2841 illam
563 2783 681 2861 peccati
701 2802 842 2862 poenam,
865 2800 921 2841 ceu
948 2781 1041 2841 durus
1065 2783 1175 2860 quidam

267 2872 410 2942 exactor,
440 2865 493 2924 illa
522 2867 627 2925 omnia
655 2868 770 2944 vicisti,
792 2868 871 2925 sicut
890 2877 1034 2944 tempora
1055 2858 1175 2940 Madian,

265 2948 327 3009 hoc
348 2958 408 3023 est,
443 2968 498 3026 per
519 2946 627 3026 fidem,
654 2969 820 3029 perquam
855 2949 922 3007 sine
950 2968 1008 3007 usu
1030 2948 1126 3028 gladii
1149 2949 1175 3006 in

265 3032 369 3111 fugam
391 3049 464 3091 suos
486 3031 745 3092 hostes·Gadaon
768 3032 951 3092 convertit.-

349 3115 462 3174 Verum
496 3114 577 3174 dicat
603 3116 728 3194 aliquis:
762 3114 893 3188 Quando
926 3115 995 3173 ista-
1017 3115 1172 3174 victorias

266 3197 386 3258 Christo
422 3203 468 3256 est
498 3198 609 3277 parta?
662 3199 739 3257 Tum
767 3199 916 3275 scilicct‚1
939 3216 1008 3256 cnm
1037 3197 1172 3277 penderet

265 3281 402 3341 Christus
424 3282 455 3339 in
479 3299 583 3358 cruce,
614 3282 664 3341 nbi
690 3282 759 3341 illas
787 3290 847 3340 tres
875 3281 987 3357 facies,
1024 3288 1059 3340 ut
1080 3281 1121 3340 ita
1138 3279 1171 3337 di-

266 3382 344 3439 cam,
367 3363 473 3441 induit‚
495 3366 526 3422 in
548 3383 623 3442 quas
646 3384 714 3423 cum
737 3364 813 3424 fides
832 3365 966 3444 respicit,
989 3363 1174 3424 confirmatur

267 3455 373 3506 contra
394 3447 462 3506 illas
485 3448 561 3506 alias
581 3449 691 3526 facies,
714 3468 790 3526 quas
814 3447 908 3508 Satan
931 3453 962 3507 et
984 3465 1068 3507 caro-
1082 3454 1172 3507 nostra

266 3529 354 3590 nabis
378 3529 533 3590 obiiciunt.
577 3530 666 3590 Solus
696 3534 776 3591 enim
800 3530 940 3593 Christus
969 3538 1018 3591 est
1040 3533 1112 3590 viva
1129 3529 1173 3588 illa

265 3614 371 3673 mortis
407 3616 509 3692 imago
545 3623 653 3674 contra
694 3624 831 3677 mortem.
886 3611 1070 3692 Quanquam
1104 3614 1170 3673 enin

265 3714 337 3756 vere
359 3697 390 3754 in
412 3715 502 3755 cruce
524 3699 563 3756 sit
584 3706 744 3775 mortuus„
757 3705 859 3758 tamen
882 3699 1108 3757 resurrectione
1126 3714 1173 3754 aaa

262 3787 395 3846 moriem
428 3802 488 3865 petv
511 3783 610 3842 vitam
635 3783 753 3840 violam
785 3798 859 3837 asae
882 3781 1039 3836 sabbatier
1066 3781 1175 3834 bamam

254 3871 382 3936 stravit.

1212 302 1214 399 l
