2709 4417
509 352 531 389 n
545 333 671 391 totuin
688 338 831 403 excepta·
1051 330 1113 400 151

199 522 261 585 ium
281 523 320 585 D.
342 522 537 605 Augustinus
557 526 696 585 testetur.
730 521 770 583 Et
792 522 859 602 quis
880 522 1040 585 hominum
1061 542 1113 603 per

199 607 262 669 titur
279 626 397 687 oorpns
417 607 564 669 exanime
583 612 616 667 et
637 623 796 686 exsangue
809 606 942 667 dormire
964 607 994 665 in
1015 606 1112 686 paee?

199 689 280 752 Unde
291 689 510 753 distinctiones
531 690 563 749 in
583 689 747 751 neotericis
759 688 913 769 theologie
932 708 995 750 non
1017 689 1111 751 liben-

200 781 239 835 ter
257 773 410 851 admittit,
441 779 474 833 et
500 780 601 833 tamen
628 773 753 852 egregie
774 771 826 833 hio
847 770 886 832 de
909 790 987 851 paee
1009 772 1113 833 distin·

203 857 258 938 quit
278 858 419 937 eorporis
435 862 467 917 et
486 856 617 916 enimse.

253 939 358 1016 Quare
380 940 484 1001 verior
502 936 721 1018 *amplectende
741 944 790 999 est
810 939 972 1014 sententis,
994 940 1112 1001 animas

205 1020 371 1104 purgandus
392 1028 425 1083 et
447 1021 581 1084 dormire
601 1021 631 1081 in
646 1039 735 1100 pace,
757 1028 788 1080 et
809 1021 967 1098 quiescere
988 1023 1017 1081 in
1030 1021 1113 1083 Chri·

206 1113 253 1170 ste.
294 1104 387 1167 Unde
408 1105 496 1185 quies
525 1103 579 1165 ills
607 1110 638 1163 et
660 1124 721 1183 pax
756 1102 958 1165 turbationem
981 1105 1113 1180 enimse,

207 1188 350 1251 horrorem
374 1195 408 1248 et
429 1187 518 1267 qussi
540 1185 788 1267 desperationem
811 1185 955 1262 excludit,
979 1206 1048 1248 cum
1070 1188 1112 1249 in-

207 1272 403 1351 quietissimae
423 1277 496 1331 sunt
511 1270 641 1347 animae,
664 1286 743 1349 quae
763 1269 823 1329 hec
844 1269 1019 1331 turbatione
1031 1291 1113 1331 men·

209 1356 417 1436 &agitantum
437 1360 471 1415 ut
492 1353 579 1432 qussi
600 1352 773 1432 desperent.

272 1436 323 1499 Ad
345 1436 473 1498 inducte
492 1455 568 1497 vero
595 1454 659 1495 non
689 1433 846 1514 impendio
869 1434 1111 1514 respondemus:

207 1519 286 1582 druse
308 1539 367 1581 nos
391 1527 422 1580 et
444 1518 607 1581 obsecrare
628 1516 745 1594 Deum,
778 1524 811 1577 ut
839 1516 891 1577 det
918 1518 961 1577 eis
992 1537 1112 1597 pacem,

204 1622 254 1665 non
274 1621 403 1684 pacem,
424 1621 516 1681 quom
538 1601 632 1662 modo
654 1599 778 1675 hebent,
800 1601 972 1661 securitatis
994 1601 1112 1661 seilicet

202 1685 371 1761 resolute,
394 1684 450 1748 sed
472 1703 580 1765 pecem
603 1691 780 1760 aeternam,
802 1684 947 1762 quoniam
970 1703 1032 1763 pax
1054 1690 1111 1759 est,

201 1766 409 1831 utBernerdus
431 1774 567 1849 testetur,
591 1774 623 1827 et
647 1785 666 1828 a
688 1766 778 1846 culpa
800 1775 832 1827 et
852 1784 871 1827 a
892 1766 1025 1829 miserie.
1049 1767 1111 1827 Det

199 1871 266 1933 ergo
279 1853 366 1913 Deus
388 1849 548 1912 animabus
569 1851 600 1909 iu
622 1850 800 1929 purgatorio
822 1845 936 1929 pecem'
954 1868 973 1909 e
992 1850 1111 1930 poenis,

199 1935 271 1995 sicut
291 1933 424 1996 eontulit
446 1933 491 1995 eis
512 1933 642 2014 gretiam
665 1940 773 1994 contre
794 1937 931 2012 peccata.

273 2015 377 2092 Quare
403 2015 504 2081 adhuc
531 2032 606 2077 vere
631 2021 663 2076 et
691 2016 877 2076 inconcussa
913 2021 961 2074 est
989 2015 1111 2092 veritas,

199 2100 307 2161 animae
338 2101 370 2159 in
399 2099 575 2179 purgatorio
604 2116 666 2159 uon
696 2098 780 2176 quasi
810 2096 974 2176 desperare
1004 2097 1043 2157 de
1065 2116 1111 2159 ss·

198 2182 265 2244 inte.
430 2200 434 2205 ·

512 2377 552 2440 Μ.
590 2374 792 2437 Lutherus.

273 2540 391 2604 Contra
421 2541 593 2603 solutiones
618 2542 749 2622 replicat
777 2543 918 2623 egregius
946 2540 982 2607 D.
1004 2543 1039 2605 D.
1071 2562 1111 2602 ex

201 2625 366 2707 Augustino
389 2625 527 2686 dicente:
555 2624 655 2685 Omne
676 2626 815 2686 meritum
836 2625 887 2685 hic
908 2632 1111 2705 comparatur,

200 2714 283 2788 etque
304 2714 419 2789 egents
441 2708 480 2768 de
502 2709 690 2789 purgatorio,
713 2706 794 2788 quod
817 2714 889 2788 post
912 2714 1039 2768 mortem
1063 2728 1111 2769 so·

199 2791 254 2854 lum
274 2791 478 2873 recipiemus,
507 2789 591 2869 quod
613 2791 741 2873 egimus.
784 2791 970 2871 Respondes
999 2791 1111 2851 brevis·

199 2875 284 2935 sime:
306 2872 350 2934 Er
372 2893 391 2934 o
414 2880 543 2934 nonest
564 2874 793 2954 purgatorium,
821 2881 873 2933 sut
901 2875 1110 2954 purgatorium

199 2958 257 3036 erit,
278 2893 371 3036 quod
386 2956 529 3037 recipitur
550 2976 606 3037 pro
619 2958 682 3017 vita
695 2957 866 3036 praeterite.
893 2955 995 3031 Quare
1017 2962 1110 3035 petet

199 3040 397 3123 Augustinum
420 3058 483 3099 non
505 3058 599 3119 posse
620 3038 659 3099 de
680 3040 859 3119 purgatorio
879 3038 1018 3119 intelligi.
1040 3038 1109 3099 Non

199 3123 273 3187 enim
295 3122 358 3183 hoc
380 3142 397 3182 e
421 3129 509 3183 erunt
529 3124 560 3181 in
582 3123 645 3183 vita
658 3124 832 3202 praeterita,
854 3129 887 3181 ut
901 3123 1108 3202 purgatorium

199 3208 374 3287 reciperent.
397 3140 579 3284 {uunquam
602 3212 632 3265 et
654 3205 733 3265 haec
748 3205 895 3265 autoritas
916 3205 988 3264 mihi
1010 3213 1110 3285 patro·

199 3289 324 3361 sinetur,
355 3286 439 3366 quod
468 3289 625 3367 meritum,
657 3306 719 3368 quo
742 3294 896 3348 merentur
916 3288 1033 3364 iuvari,
1061 3287 1111 3346 hic

199 3376 378 3433 mernerunt.
411 3370 480 3512 qu
507 3374 609 3431 sutem
644 3370 744 3431 fateor
770 3370 941 3451 intelligere
969 3390 1019 3430 me
1047 3388 1108 3430 non

199 3472 297 3535 posse,
320 3470 435 3533 quomo
459 3472 478 3512 o
498 3454 782 3531 iuventurxenimee
803 3455 834 3512 in
856 3454 1050 3534 purgstorio‚
1080 3458 1111 3512 et

199 3536 360 3598 iiberentnr
388 3535 506 3614 absque
533 3536 596 3596 ulio
625 3555 752 3597 munere
774 3537 907 3616 gratiae,
934 3553 990 3614 per
1010 3535 1109 3595 solam

199 3619 382 3681 stitutionem
402 3637 582 3699 poenarum,
605 3619 758 3701 intelliget
780 3620 830 3698 qui
854 3625 965 3698 potest.

271 3700 393 3761 Deinde
413 3701 494 3779 dicit,
516 3701 578 3763 iroc
599 3702 711 3765 falsum
734 3721 815 3785 esse,
837 3700 1047 3767 senisiienon
1065 3719 1111 3761 re·

199 3783 262 3840 nto
278 3782 349 3839 sins
368 3791 540 3860 augmento
560 3789 699 3867 gratiae,

251 3857 383 3931 vado
405 3882 484 3945 ergo
507 3870 577 3935 vuit
589 3873 628 3938 D.
643 3874 705 3959 ·D.,
726 3878 820 3963 quod
844 3874 1156 3957 contempserunt
