2709 4417
438 350 508 404 xiil.
528 350 564 404 de
582 355 724 420 potestate
741 350 842 420 Papae.
1060 343 1122 412 367

200 535 324 596 nebant
380 535 545 611 Quomodo
578 537 604 595 si
631 537 785 597 exereitus
813 537 872 596 sibi
903 536 1120 614 imperatorem

200 618 300 697 faciet,
324 619 448 680 diaconi
465 626 567 679 autem
582 619 699 700 eligant
720 619 759 679 de
781 637 825 694 se,
837 637 927 696 quem
938 617 1120 677 industrium

200 703 358 781 noverint,
383 710 414 762 et
437 702 687 762 archidiaconum
708 708 894 781 nuncupent.
937 699 1018 775 Quid
1039 702 1120 760 eninr

200 783 270 844 isoit
305 791 440 865 excepta
471 785 664 846 ordinatione
687 786 868 864 episcopus,
891 782 974 862 quod
995 782 1121 862 presby-

200 875 243 926 ter
267 886 334 927 non
356 867 449 928 facit?
483 867 550 928 Neo
572 868 669 928 altera
691 865 853 927 Romanae
873 865 957 926 urbis
978 866 1120 944 ecelesia,

200 948 297 1010 ultera
327 952 420 1012 totius
450 949 532 1013 orbis
566 949 759 1010 aestimanda
788 955 845 1008 est.
887 947 927 1007 Et
947 947 1069 1008 Galbae
1090 955 1122 1008 et

200 1031 389 1112 3ritenniee,
409 1051 479 1092 nam
502 1043 534 1094 et
554 1032 675 1111 Africa,
698 1039 729 1092 et
750 1033 866 1110 Persis,
889 1039 921 1091 et
941 1031 1068 1109 Oriens,
1091 1039 1122 1091 et

200 1114 301 1193 india,
338 1124 370 1176 et
391 1135 498 1176 omnes
520 1115 669 1177 barbarae
689 1117 831 1175 nationes
852 1133 946 1173 unum
969 1113 1120 1174 Christum

200 1197 341 1278 adorant,
364 1218 455 1259 uuam
478 1199 644 1259 observant
664 1199 801 1278 regulam
823 1197 969 1257 veritatis.
1012 1196 1044 1258 Si
1065 1215 1120 1256 au·

200 1299 258 1340 zem
291 1283 439 1342 autoritas
462 1285 626 1361 quaeritur,
649 1281 732 1342 orbis
755 1282 852 1340 maior
874 1286 922 1339 est
941 1278 1032 1358 urbe,
1057 1279 1120 1340 ubi·

200 1382 322 1443 cunque
351 1367 515 1444 episcopus
543 1366 648 1444 fuerit,
678 1365 743 1424 sive
763 1363 897 1439 Romae,
930 1363 996 1421 sive
1017 1362 1119 1442 Engu-
1165 1358 1171 1375 ⁴

200 1445 294 1526 oiil),
317 1449 383 1508 sive
405 1447 686 1528 Constantinopoli,
708 1447 774 1507 sive
795 1446 920 1525 Rhegii,
943 1448 1009 1504 sive
1028 1444 1120 1505 Alex-

199 1528 343 1609 andriae,
377 1531 443 1591 sive
463 1530 597 1609 Thanis,
630 1529 767 1590 eiusdem
791 1530 889 1588 meriti
912 1535 968 1606 est,
991 1529 1118 1588 eteius

199 1611 270 1672 dem
294 1613 474 1692 sacerdotii,
495 1614 635 1693 potentia
656 1612 828 1673 divitiarum
861 1619 892 1670 et
923 1609 1116 1685 humilitas²)

199 1697 390 1775 paupertatis
432 1696 480 1755 vel
510 1696 719 1758 sublimiorem
755 1695 806 1755 vel
833 1694 1007 1754 inferiorem
1035 1693 1118 1753 facit.

199 1777 344 1838 Ceterum
362 1797 471 1839 omnes
492 1780 703 1859 apostolorum
717 1794 913 1838 successores
933 1782 1013 1839 sunt.
1034 1775 1121 1836 Haec

199 1861 231 1924 D.
255 1861 473 1940 Hieronymus.

278 1944 364 2003 Nihil
386 1943 425 2004 de
447 1946 618 2004 mutatione
640 1951 812 2022 temporum
835 1942 962 2021 loquor,
983 1941 1058 2001 nihil
1080 1941 1120 2002 de
1147 1946 1150 1954 “

199 2028 261 2086 iure
282 2027 430 2106 positivo.
474 2027 542 2087 Hoc
571 2026 743 2087 contendo:
777 2025 809 2086 Si
842 2044 920 2084 uuus
951 2025 1117 2104 episcopus

199 2111 261 2170 iure
283 2108 388 2170 divino
411 2111 520 2170 ceteris
541 2109 725 2189 praefertur,
758 2107 919 2167 manifeste
940 2107 991 2167 hic
1011 2108 1117 2168 fliero-

199 2211 308 2272 nyrnus
339 2193 489 2252 haeresim
519 2191 625 2271 docet,
657 2211 721 2252 non
748 2191 847 2251 solum
877 2191 945 2271 ipse
976 2192 1065 2268 (nem
1087 2192 1117 2250 ei

199 2294 259 2336 uon
282 2275 478 2354 crederem),
500 2275 556 2336 sed
577 2275 701 2353 Petrus,
721 2273 850 2352 Paulus,
870 2272 1041 2352 Iohannes,
1062 2273 1119 2332 Lu-

199 2376 268 2435 cas,
310 2376 389 2437 quos
424 2359 541 2419 inducit
576 2356 805 2438 irrefragabiles
842 2363 976 2418 sutores.
1032 2355 1117 2434 Quis,

199 2459 326 2520 quaeso,
348 2441 394 2501 his
416 2442 560 2502 resistet?
583 2441 644 2501 Gur
664 2440 808 2501 adulator
828 2445 923 2520 negat
942 2440 1116 2500 Romanum

199 2522 375 2603 pontificem
407 2525 516 2585 ceteris
538 2543 608 2585 esse
629 2524 870 2604 coepiscopum,
908 2541 975 2582 cum
1000 2524 1115 2602 primus

199 2607 305 2667 Petrus
327 2625 364 2667 se
385 2608 657 2688 conpresbyterum
680 2605 839 2687 appellet?
866 2604 897 2666 Si
920 2623 1115 2666 successores

198 2697 266 2749 sunt
288 2689 388 2768 Petri,
418 2690 491 2769 quid
516 2689 701 2751 erubescunt
722 2689 841 2749 titulum
868 2689 915 2747 sui
936 2688 1116 2769 praedeces

198 2772 296 2833 soris?
319 2771 352 2833 Si
374 2792 486 2833 nomen
505 2773 757 2854 superbissimum
779 2771 973 2850 sanctissimi,
996 2773 1116 2851 summi,

198 2856 322 2916 maximi
351 2855 506 2935 pontificis
527 2855 721 2916 haereditant
742 2874 781 2915 ex
801 2853 1029 2934 recentibus2),
1061 2873 1116 2915 cur

198 2957 257 2999 non
288 2957 404 2999 nomen
427 2939 659 3020 conpresbyteri
688 2945 720 3000 et
746 2938 922 3017 coepiscopi
949 2958 968 2997 a
993 2939 1114 3018 primo?

198 3020 352 3099 Obsecro,
381 3041 420 3081 an
442 3021 565 3098 Petms,
595 3021 722 3100 Paulus,
749 3020 921 3098 Iohannes,
947 3020 1070 3099 Lucas,
1084 3028 1116 3082 et

199 3123 304 3164 omnes
328 3105 462 3184 apostoli
489 3108 720 3186 ignoraverunt,
751 3103 823 3181 quid
852 3103 979 3163 verbum
1003 3104 1114 3165 Christi

198 3187 250 3248 sibi
284 3188 480 3263 voluerit⁶):
510 3189 556 3248 Tu
586 3207 619 3247 es
640 3187 764 3264 Petrus,
792 3192 836 3246 et:
858 3185 927 3246 Tibi
949 3186 1029 3248 dabo
1054 3187 1113 3246 ola-

198 3289 257 3349 ves,
281 3276 326 3330 et:
360 3271 458 3330 Pasce
479 3290 554 3332 oves
579 3289 680 3349 meas,
716 3269 817 3352 [quod
839 3287 902 3330 non
925 3269 1037 3330 exinde
1060 3269 1113 3329 Pe·

198 3360 240 3414 tro
263 3354 430 3434 primatum
452 3353 596 3414 divinitus
618 3353 723 3414 datum
745 3350 976 3436 observarunt].

277 3435 310 3497 Si
332 3455 384 3497 me
404 3438 530 3498 omnino
553 3438 740 3497 haereticum
763 3437 912 3515 clamant,
935 3438 987 3515 qui
1010 3436 1112 3497 omnis

198 3537 273 3599 qnae
306 3521 416 3581 volunt
441 3521 541 3582 tribuo
571 3522 712 3582 Romano
734 3519 891 3599 Pontifici,
925 3519 1041 3598 solum,
1072 3535 1113 3580 ne

264 3729 297 3792 1)
318 3727 403 3783 Ibid:
422 3727 550 3797 Eugubii.
581 3725 613 3798 2)
634 3726 719 3785 Ibin:
740 3727 915 3798 humilitatis,
931 3725 1110 3799 paupertatis.

197 3797 550 3924 ffldfflffmibm'
598 3800 632 3873 4)
655 3803 688 3859 ln
712 3802 760 3862 ed.
777 3804 893 3877 priore:
920 3799 991 3873 quud
1006 3798 1130 3854 uerbum
