2709 4417
256 348 320 415 444
522 348 567 402 IV.
604 346 708 404 coneto
726 342 760 402 θ’.
779 347 813 402 Η.
833 346 915 401 Luta.

257 536 304 597 lta
331 535 411 595 enim
444 540 475 594 et
497 533 528 596 S.
551 533 681 595 laoobns
702 533 811 612 aivi:
847 533 881 596 si
905 534 976 613 quis
1001 551 1020 591 a
1040 530 1107 592 Deo
1127 531 1171 591 ali·

259 618 331 698 quid
354 618 500 698 postulat,
522 618 659 698 postulet
680 636 748 678 eum
771 615 895 696 fiducia,
917 615 997 678 nihil
1018 614 1170 675 haesitans.
1210 614 1214 625 '

259 700 336 761 Nam
363 702 412 779 qui
434 700 573 777 haesitat,
594 702 620 760 is
644 700 749 760 similis
772 707 820 761 est
839 699 946 760 fluctui
972 698 1077 777 maris,
1091 699 1170 777 quia

259 789 353 844 vento
387 790 528 845 movetur
561 792 592 844 et
623 785 737 863 impetu
771 784 897 863 rapitur.
952 782 1065 861 Neque
1101 781 1167 842 enim

261 867 416 927 existimet
448 866 542 926 homo
569 866 639 943 ille,
676 887 710 927 se
743 868 907 946 quicquam
928 887 948 927 a
972 866 1045 925 Deo
1076 883 1167 944 aooep·

261 956 371 1009 turum.
422 947 510 1023 Quae
541 948 641 1010 iacobi
676 949 770 1010 verba
806 951 850 1010 sio
876 945 1065 1030 eooipienda
1096 954 1166 1008 sunt:

260 1030 331 1092 ideo
365 1031 440 1091 nihil
462 1051 480 1090 a
503 1031 570 1092 Deo
600 1033 780 1113 impetrent,
814 1035 864 1111 qui
887 1033 1061 1108 haesitant,
1097 1031 1165 1109 quod

261 1113 356 1175 oorda
386 1116 522 1193 ipsorum
556 1134 618 1175 non
652 1117 712 1175 sint
744 1122 827 1176 oertu
857 1133 896 1176 ao
925 1115 1042 1195 quieta.
1089 1113 1164 1174 Fides
1189 1155 1193 1168 .

260 1201 361 1256 antem
384 1215 438 1256 eor
460 1197 595 1275 quietum
617 1199 742 1281 retinet,
774 1206 808 1259 ut
834 1199 936 1279 possit
965 1197 1071 1257 divina
1096 1195 1185 1256 dona-

258 1297 423 1358 susorpere.

342 1361 479 1423 Alterum
503 1370 620 1438 eutem,
649 1364 680 1422 in
703 1382 763 1441 quo
791 1370 937 1444 peceant,
969 1364 995 1422 si
1018 1361 1090 1441 quid
1109 1363 1162 1421 sins

260 1443 320 1504 fide
343 1450 441 1519 orant,
462 1444 523 1505 hoo
544 1452 606 1523 est,
628 1445 710 1525 quod
731 1445 817 1523 fideti,
836 1465 874 1506 ae
895 1447 1000 1507 verani
1022 1445 1097 1518 Deo,
1116 1463 1160 1504 eeu

261 1525 400 1587 mendaci
422 1546 459 1587 ao
481 1527 569 1588 intuli
591 1529 673 1607 viro,
695 1548 757 1590 non
781 1528 896 1591 habeut
916 1527 1029 1604 fidem,
1050 1526 1161 1608 perinde

261 1616 352 1689 atque
374 1612 527 1689 promissa
546 1611 648 1672 faeere
660 1612 710 1671 vel
722 1631 784 1673 non
802 1613 902 1691 possit
915 1610 967 1671 vel
989 1610 1069 1672 nolit
1081 1610 1159 1671 Deus.

262 1692 363 1772 Atque
385 1693 415 1752 hi
437 1693 565 1774 gloriam
601 1713 639 1754 ao
660 1714 920 1755 nomeu‘summo
943 1695 1012 1754 Deo
1034 1693 1160 1773 eripiunt

261 1774 344 1856 quod
372 1794 433 1837 non
466 1776 594 1836 eredunt
622 1797 692 1838 eum
724 1777 846 1838 fidelem
876 1784 908 1838 et
929 1795 1071 1837 veracem
1092 1795 1158 1836 esse.

259 1857 390 1918 Tantum
413 1866 516 1919 autem
537 1859 598 1920 hoo
621 1866 669 1920 est
690 1866 861 1940 peceatum,
883 1866 917 1920 ut
938 1879 978 1920 ex
1001 1858 1160 1920 Christiano

260 1941 414 2001 ethnicum
439 1942 539 2020 faeiat,
563 1949 593 2002 et
615 1961 676 2003 non
699 1943 798 2003 solum
813 1951 943 2024 negatur
964 1943 1027 2004 hoo
1042 1947 1160 2022 peeoato

259 2024 358 2099 Deus,
381 2023 435 2084 sed
457 2044 581 2104 prorsus
607 2026 770 2104 amittitur,
793 2045 903 2104 neque,
916 2025 980 2085 ulle
1001 2044 1072 2105 spes
1093 2024 1160 2084 salii

258 2107 296 2167 tis
319 2113 374 2181 est,
397 2107 541 2186 quamdiu
563 2108 593 2167 in
615 2107 815 2188 hoopeooato
836 2110 1049 2169 manserimus.
1082 2105 1160 2182 Quod

258 2189 284 2248 si
306 2189 417 2249 aooidit
438 2189 620 2269 aliquando,
653 2198 686 2251 ut
706 2192 870 2271 impetrent
891 2189 1025 2271 aliquid,
1044 2188 1108 2270 'qui
1126 2191 1162 2249 sio

259 2273 325 2331 siue
346 2271 458 2332 fiducia
480 2275 644 2353 oraverint,
667 2273 755 2334 datur
777 2275 821 2334 eis
843 2274 917 2334 illud
936 2276 1036 2354 ipsum
1059 2273 1161 2334 donum

258 2353 298 2413 od
319 2357 483 2433 perniciem
511 2361 573 2415 tum
608 2358 745 2436 eorporis
778 2366 840 2418 tum
869 2358 992 2417 animae
1028 2357 1066 2417 ab
1094 2357 1161 2416 irato
1212 2424 1216 2439 Ι

258 2437 335 2513 Deo,
358 2442 391 2497 ot
412 2437 560 2498 habeatur
580 2439 690 2499 saltem
712 2440 812 2501 honos
823 2440 933 2520 aliquis
955 2438 1162 2513 saetisverbis,

259 2537 337 2662 grae
360 2520 581 2580 abhominibus
593 2530 734 2601 peceato,
755 2521 935 2583 infidelitate
946 2529 979 2582 et
994 2528 1161 2600 contemptu

291 2603 319 2662 ei
340 2603 440 2683 plenis
462 2603 663 2683 proferuntur.
1095 2664 1098 2670 ,

341 2684 471 2763 Quarto,
494 2706 594 2765 neque
614 2687 657 2746 ilii
679 2694 762 2748 reete
783 2689 931 2764 sentiunt,
961 2688 1013 2766 qui
1036 2693 1098 2746 tum
1120 2708 1164 2768 pu-

258 2773 324 2827 tent
351 2787 385 2828 se
408 2769 526 2828 orando
556 2769 670 2849 aliquid
693 2772 856 2850 impetrare
879 2789 991 2850 posse,
1031 2771 1054 2829 si
1088 2770 1163 2852 digni

258 2848 296 2909 ad
320 2851 467 2910 orandum
490 2852 648 2914 aeoedant.
691 2852 760 2913 Non
784 2859 884 2914 autem
919 2860 966 2914 est
1000 2851 1061 2913 hoo
1088 2872 1165 2933 speo

258 2932 393 3008 tondum,
416 2932 525 3015 dignus
547 2953 585 2994 an
608 2935 751 3015 indignus
773 2937 824 3011 sis,
850 2938 899 3015 qui
923 2954 1002 2998 ores.
1038 2935 1069 2996 si
1092 2938 1165 2996 enim

259 3034 320 3075 non
355 3024 425 3076 ante
453 3016 541 3077 nobis
575 3018 722 3078 orandum
750 3027 829 3095 erat,
866 3038 957 3098 quam
992 3020 1166 3079 sentiremus

258 3098 267 3157 i
291 3100 316 3157 si
339 3117 395 3159 nos
418 3098 528 3179 dignos
551 3107 583 3161 et
599 3107 698 3182 aptos,
721 3120 874 3180 nunquam
889 3121 1053 3182 possemus
1076 3121 1166 3162 orare.

287 3189 370 3242 ostra
400 3183 480 3241 euim
505 3186 617 3261 orati0,
650 3185 728 3244 siout
749 3192 821 3244 ante
842 3187 1033 3263 monuimus,
1070 3186 1168 3245 nititur

257 3281 319 3323 non
344 3266 374 3323 in
398 3263 561 3345 dignitate,
584 3286 674 3346 quam
697 3286 754 3328 nos
777 3266 946 3343 afferimus,
969 3267 1078 3328 sedin
1102 3287 1167 3329 eon-

258 3348 349 3406 stsuti
386 3350 512 3407 veritate
547 3348 669 3409 divinae
699 3351 921 3430 promissionis.
970 3343 1012 3411 ‘si
1044 3371 1120 3411 sane
1146 3352 1168 3411 ai

258 3431 356 3489 oratio
380 3431 428 3489 vel
450 3432 480 3490 iu
503 3450 536 3489 se
560 3432 608 3491 vel
630 3435 661 3492 iu
689 3433 750 3493 alio
772 3433 904 3512 quodam
928 3435 1056 3513 nitatur,
1095 3452 1169 3494 vanu

257 3518 304 3570 est
326 3518 357 3571 et
377 3512 556 3592 frustranea,
578 3517 696 3575 etiamsi
721 3535 760 3575 ex
774 3517 873 3577 oordis
897 3519 949 3597 pio
967 3515 1081 3579 affeetu
1104 3537 1169 3596 pro·

256 3613 363 3673 gressu
384 3595 532 3674 videatur,
556 3604 585 3658 et
608 3599 690 3661 oculi
713 3619 774 3658 non
793 3619 914 3680 aquam,
937 3600 991 3661 sed
1016 3603 1169 3681 sanguinis

253 3682 358 3757 guttas
381 3678 570 3741 lacrimando
594 3679 763 3742 effundant.

277 3804 285 3809 ·
313 3802 600 3812 a..-..-.„.-—.—......
608 3801 677 3808 ..n——
