2709 4417
392 355 451 408 sais
471 355 578 424 lipsiae
596 355 744 424 disputatis
764 371 788 408 a.
804 355 871 409 xlx.
1038 353 1100 420 245

213 537 373 613 pessima
394 547 506 619 potens
528 546 576 601 est
597 540 724 618 llc‘cius,
746 539 784 601 ad
805 559 868 601 rem
891 540 1099 622 theologicam

216 619 350 681 asinus·
363 621 404 681 ad
424 622 523 703 lyram
545 621 581 704 ¹).
1081 680 1085 685 .

253 701 322 763 Sed
346 705 405 764 iam
438 705 478 765 ad
500 706 717 766 Resolutiones
746 705 883 784 accedo,
921 712 952 765 tu
981 707 1100 765 interim

199 802 268 861 ra,
304 794 340 847 ut
362 787 567 848 illustrissimo
590 788 724 867 Principi
744 788 870 848 Eccinm
893 789 1102 864 commendes,

199 873 254 926 cut
278 887 315 927 se
340 870 441 948 ipsum
475 871 685 931 commendari
709 873 833 947 meruit,
861 890 1035 949 quanquam
1060 873 1103 930 ni-

200 949 304 1010 lhoc
339 951 442 1013 officio
478 955 517 1014 sit
549 973 629 1034 opus
658 953 738 1033 apud
772 960 889 1013 tantum
919 954 1099 1032 Principem.

199 1032 254 1092 ale
279 1034 563 1117 wittembergae²)
591 1036 681 1096 Anno
705 1036 845 1097 Muxlx.
868 1036 1099 1116 Assumptionis

199 1116 393 1192 [ariancc³).
781 1146 794 1169 κ
874 1118 884 1136 ’

513 1272 737 1359 Conclusio¹
756 1299 779 1362 1.
832 1304 835 1313 “

262 1461 409 1536 Quotidie
431 1469 540 1541 peccat
562 1464 660 1523 omnis
684 1464 800 1541 homo,
833 1465 888 1524 sed
911 1468 942 1525 et
961 1463 1098 1544 quotidie

202 1547 330 1623 cenitet,
353 1544 486 1605 docente
504 1545 641 1607 Christo:
672 1546 901 1607 'Poenitentiam
924 1548 1024 1626 agite,
1049 1566 1100 1606 ex-

199 1636 271 1706 epto
292 1645 469 1703 uno,'novo
490 1628 624 1706 quodam
646 1630 738 1706 insto,
761 1622 812 1710 qui
826 1631 1015 1708 poenitentia
1037 1648 1099 1687 non

199 1710 313 1789 adiget,
354 1726 423 1768 cum
456 1712 548 1770 etiam
580 1712 721 1785 palmites
754 1712 925 1772 fructiferos
952 1711 1099 1790 >quotidie

199 1799 289 1873 urget
311 1792 449 1873 agricola
471 1794 634 1854 coelestis„

264 1875 326 1935 Ista
348 1875 506 1935 conclusio
529 1876 644 1955 pendet
664 1896 703 1936 ex
724 1897 763 1937 eo
780 1876 992 1951 fundamento,
1016 1875 1099 1955 quod

199 1959 281 2016 imnis
296 1963 381 2017 actus
393 1957 542 2017 humanus
565 1967 617 2018 ant
639 1966 686 2019 est
707 1954 817 2030 bonus,
839 1968 891 2020 aut
912 1959 1021 2035 malus,
1044 1978 1102 2018 nec

199 2040 271 2100 latur
295 2046 380 2099 actus
404 2048 519 2118 neuter,
542 2061 606 2118 sen,
627 2048 660 2110 ut
682 2042 725 2100 illi
736 2041 849 2118 dicunt,
872 2044 1028 2103 moraliter
1048 2040 1100 2101 bo-

199 2143 250 2182 rna.
287 2122 360 2182 Ideo
383 2123 514 2201 primum
537 2123 607 2182 mihi
633 2133 704 2183 saint
725 2124 900 2185 amolienda
922 2125 999 2199 dno,
1021 2142 1100 2204 qnae

199 2207 230 2264 ris
249 2206 364 2284 opponi
386 2204 496 2268 solent.

263 2287 395 2347 Primum
432 2294 479 2347 est
511 2291 659 2349 autoritas
695 2289 822 2349 scholae
861 2290 995 2348 omnium
1036 2289 1099 2348 fere

199 2370 395 2450 theologorum
418 2389 473 2448 per
495 2368 621 2448 orbem,
657 2373 707 2451 qui
730 2378 838 2431 contra
860 2373 1002 2431 sentiunt.
1045 2371 1099 2428 His

199 2472 355 2531 quanquam
378 2472 501 2512 omnem
525 2453 654 2514 debeam
676 2455 890 2527 reverentiam,
912 2454 1033 2514 veniam
1057 2460 1099 2512 ta-

199 2554 253 2594 nen
278 2535 351 2594 mihi
374 2534 510 2612 dabunt,
548 2536 630 2614 quod
661 2539 705 2597 eis
741 2536 860 2595 divinas
889 2535 991 2596 literas
1015 2554 1100 2613 prae·

199 2617 257 2677 lero.
280 2617 383 2691 Quare
405 2616 546 2695 obsecro,
566 2620 591 2677 si
609 2620 657 2678 cni
680 2619 838 2699 displiceo,
862 2637 925 2679 non
948 2617 1020 2678 mihi
1042 2625 1101 2677 sta-

199 2701 237 2759 tim
261 2706 418 2779 opponat:
441 2699 486 2758 Tu
508 2702 592 2761 solus
613 2704 716 2780 sapis,
739 2709 771 2761 et
792 2702 923 2761 ecclesia
945 2701 1101 2777 hucusque

199 2784 299 2851 sinete
331 2783 465 2860 erravit,
500 2802 557 2842 nec
589 2790 634 2845 tot
665 2785 767 2864 capita
800 2783 904 2843 videre
927 2789 1100 2862 potuerunt,

199 2865 264 2942 pund
287 2873 320 2924 tu
343 2863 448 2939 vides,
470 2863 562 2944 atque
583 2867 630 2926 his
653 2866 801 2926 similibus
824 2867 1017 2926 suasionibus
1040 2885 1099 2924 rne-

199 2966 248 3006 ium
270 2947 459 3026 expostulet.
504 2948 543 3008 Ut
565 2951 644 3008 enim
675 2949 830 3027 omittam,
864 2948 945 3027 quod
969 2967 1023 3026 per
1043 2949 1101 3006 asi-

199 3049 250 3090 ram
274 3028 464 3109 quandoque
485 3029 605 3090 locutus
627 3038 673 3090 est
696 3031 789 3107 lleus,
812 3031 893 3109 quod
916 3031 1099 3110 prophetam

199 3113 308 3188 elavit,
341 3118 373 3171 et
394 3111 645 3193 Samuelipuero
669 3114 819 3189 ostendit,
842 3113 924 3193 qnod
947 3112 1100 3173 sacerdoti

199 3195 301 3254 sraelis
333 3194 403 3254 Heli
438 3213 499 3254 non
532 3197 698 3273 revelavit,
734 3198 843 3257 saltem
873 3215 929 3255 sno
957 3193 1100 3274 exemplo

199 3284 416 3354 consuescant,
457 3284 488 3336 et
519 3279 601 3357 quod
624 3280 681 3359 ipsi
704 3279 761 3339 sibi
784 3286 887 3338 mutuo
920 3285 950 3337 et
969 3279 1099 3337 invicem

199 3360 376 3434 oncedunt,
408 3360 482 3432 mihi¹
502 3380 624 3439 quoqne
653 3365 838 3440 permittant.
871 3361 1008 3422 Surrexit
1029 3359 1101 3420 Sco-

199 3463 227 3502 rs
252 3462 330 3502 unus
355 3441 459 3519 homo,
482 3451 513 3502 et
534 3446 669 3504 omnium
693 3443 866 3505 scholarum
891 3451 921 3504 et
940 3443 1099 3503 doctorum

215 3722 246 3778 t)
266 3721 297 3769 ln
317 3719 357 3770 ed,
381 3720 442 3770 Jen.
469 3726 497 3771 et
524 3720 566 3773 ed.
593 3723 664 3793 orig.
686 3723 779 3777 wilt:
816 3716 880 3782 ὄνος
910 3717 982 3792 πρὸς
1008 3717 1103 3790 λύραν.

199 3787 319 3904 ingram.
350 3790 424 3857 orig,
449 3791 538 3846 Wtrt:
575 3795 821 3872 Vnittembergac.
859 3797 894 3864 bl
913 3795 951 3848 lu
977 3793 1122 3850 cmm-²
