2709 4417
269 364 332 465 Q
455 368 610 441 Disputatio
629 367 736 441 Lipsiae
754 364 850 427 tauta
871 387 898 426 a.
916 364 976 424 xix

268 559 488 642 periaqusum,
516 568 548 620 ut
580 559 672 620 hodie
705 558 834 638 induxi,
861 557 932 620 ideo
954 560 1104 620 ecelesiae
1121 580 1169 633 nou

268 650 379 722 errant,
403 645 428 704 si
451 643 550 704 solum
573 644 677 723 pigros
700 643 849 705 nonu-itus
867 643 976 707 volunt
987 644 1120 726 recipere
1138 646 1170 704 iu

268 726 456 807 dulgentias‚
484 735 566 788 esrts
599 725 638 787 ad
665 725 884 788 carthusianos
914 726 1022 787 venire
1049 726 1171 787 nonde
1213 798 1217 811 ι

269 809 352 872 beat.
808 818 811 822 '
1211 818 1216 859 3·

349 892 384 951 In
417 893 544 951 materia
574 890 645 952 fidei
683 891 757 952 dieit
792 891 926 950 maxime
961 890 1175 967 attendendum
1206 902 1210 935 τ’

268 973 340 1054 quid
353 974 479 1034 dicatur.
502 974 569 1055 Ego
581 985 682 1035 autem
706 976 902 1035 autoritatem
921 981 1032 1054 reputo
1053 975 1084 1034 in
1104 973 1172 1036 tirso-

269 1057 352 1138 logia
381 1058 643 1137 potentissimam,
677 1067 709 1118 et
736 1056 819 1136 quod
853 1057 959 1117 audire
989 1058 1173 1137 praecipimur
1200 1058 1221 1094 '³

269 1139 411 1200 sedentes
440 1158 532 1220 supra
554 1139 729 1202 cathedram
758 1140 867 1219 Moysi.
903 1139 977 1200 ideo
1005 1141 1072 1219 quis
1099 1139 1172 1214 dieat
1199 1144 1216 1178 r

253 1222 427 1283 attendere
450 1221 606 1303 debemus,
630 1231 663 1284 ut
685 1224 874 1303 captivemus
885 1221 1085 1298 intellectum,
1104 1224 1172 1283 iuxta
1197 1226 1221 1298 ἷ-

269 1312 465 1387 praeceptum
487 1307 635 1386 apostoli,
661 1308 692 1366 iu
717 1304 897 1385 obsequium
919 1305 1008 1383 fidei,
1031 1312 1172 1386 propterea
1201 1306 1221 1343 ³

269 1389 409 1450 eoncilia·
427 1389 531 1449 habita
558 1398 642 1468 suut,
685 1397 718 1450 ut
747 1407 852 1451 eorum
880 1391 1047 1450 autoritate
1073 1407 1172 1452 errores
1197 1390 1221 1429 Ἢ

268 1473 552 1533 exterminarentur.
1197 1475 1221 1512 ¹

352 1554 398 1614 De
418 1554 833 1619 Mendieantibustranseo..
1200 1591 1202 1593 ·

352 1635 442 1713 Quod
464 1657 538 1699 vero
560 1639 616 1718 ait,
649 1638 813 1698 oonoilium
834 1639 866 1697 in
888 1637 947 1715 iis‚.
961 1637 994 1695 iu
1017 1634 1121 1714 quibus
1139 1654 1171 1696 re
1195 1642 1221 1678 Ι

270 1721 350 1801 gitur
371 1739 390 1779 a
411 1720 522 1799 Spiritu
545 1727 667 1798 saneto,
696 1740 758 1781 nou
781 1739 899 1796 errare,
922 1718 993 1778 dieo
1014 1737 1091 1799 ego,
1115 1720 1171 1778 anti
1195 1724 1221 1765 t-

270 1822 399 1883 quorum
420 1803 542 1863 Petrum
564 1812 687 1864 secutus
708 1806 913 1879 sententiam,
935 1820 1059 1881 semper
1080 1801 1172 1862 debere
1196 1806 1221 1846 ’ἑ

237 1959 246 1975 ³
270 1887 422 1967 praesumi
445 1887 608 1947 eonoilium
628 1888 694 1967 regi
722 1907 741 1947 a
762 1886 876 1966 Spiritu
897 1891 1023 1954 saneto,
1051 1883 1173 1963 quamdiu
1196 1892 1221 1927 ²·

270 1989 331 2029 uon
355 1975 476 2029 oonstat
503 1968 542 2029 de
570 1971 733 2050 opposito,
765 1964 883 2030 soilidet
910 1967 950 2028 de
978 1967 1173 2048 illegitimitate

228 2115 237 2121 ,
269 2053 526 2132 congregationis.

352 2133 412 2195 Sed
434 2133 536 2196 adhue
556 2134 674 2194 fortiter
695 2141 756 2194 stat
776 2132 961 2195 reverendus
984 2132 1077 2193 Pater
1096 2133 1172 2209 iniri·

269 2217 312 2277 tio
335 2216 407 2278 boni
431 2203 542 2298 operis,
565 2217 647 2296 quod
669 2216 746 2277 daus
768 2218 927 2297 peouniam
951 2221 1078 2296 propter
1097 2212 1174 2274 indui·
1208 2230 1221 2259 ’τ

269 2299 399 2380 gentias,
421 2301 497 2361 alias
520 2319 581 2360 nou
596 2299 730 2376 daturus,
753 2301 840 2378 quasi
861 2300 923 2360 hoo
944 2299 983 2358 sit
1001 2299 1105 2359 vitium
1118 2297 1174 2358 boui

270 2384 382 2463 operis.
426 2383 611 2457 Quaererem
636 2381 845 2443 arevereudo
860 2382 967 2458 Patre,
989 2383 1016 2440 si
1038 2383 1174 2460 ipserum

270 2466 333 2525 suis
355 2466 508 2526 Fratribus
532 2465 625 2527 habet
645 2467 886 2527 anniversarium
909 2464 1176 2542 alieuiusPriueipis

272 2549 320 2608 vel
343 2549 461 2610 Nobilis
485 2568 552 2608 eum
577 2549 751 2627 30.Missis2
770 2550 840 2627 quia
862 2547 972 2608 dantur
994 2546 1094 2607 bonae
1106 2547 1177 2606 Prae

270 2633 408 2710 sentiae,
444 2630 559 2710 alioqui
589 2651 651 2693 uon
672 2631 830 2693 habiturus
852 2631 1116 2708 anniversarium,
1147 2649 1177 2688 au

239 2712 242 2721 ’
271 2714 334 2775 hoo
354 2715 393 2774 sit
415 2715 520 2775 vitium
542 2713 615 2775 boni
637 2717 739 2795 operis
753 2713 808 2793 ¹)?

352 2796 399 2858 De
415 2796 614 2878 indulgentiis
636 2797 674 2858 ab
698 2817 736 2859 eo
758 2817 820 2859 non
844 2796 1029 2875 contemptis
1051 2795 1180 2872 iudioent,

273 2881 325 2959 qui
348 2879 527 2942 Sermonem
552 2881 707 2961 vulgarem
728 2881 868 2962 tegerint

267 2960 276 2980 '
353 2963 467 3043 Porro,
502 2963 688 3027 reverendus
710 2964 801 3026 Pater
821 2964 918 3024 iaetus
939 2963 1090 3042 interpres
1112 2979 1181 3021 meus

271 3046 353 3125 dioit,
376 3046 582 3127 indulgentias
604 3047 683 3110 forte
704 3048 749 3121 sie
769 3047 866 3109 faetas
887 3065 957 3106 esse
970 3045 1182 3121 satisfaatorius,

272 3130 343 3208 quia
363 3136 489 3211 propter
509 3131 583 3190 istas
617 3129 727 3209 aliquis
750 3130 927 3191 satisfacere
956 3147 1020 3188 non
1049 3134 1181 3189 teneatur.

270 3210 347 3273 Non‘
363 3214 421 3272 iste
442 3221 490 3273 est
510 3232 618 3274 sensus
641 3233 749 3290 meus,
780 3212 835 3275 sed
858 3213 930 3292 quia
955 3211 1050 3271 homo
1073 3209 1181 3271 deberet

272 3314 328 3376 pro
349 3296 484 3376 peooatis
517 3297 609 3356 etiam
642 3297 781 3358 contritis
805 3295 981 3358 satisfacere
1003 3293 1042 3354 de
1062 3312 1136 3368 suo,
1159 3299 1182 3351 st

270 3397 325 3458 per
346 3379 551 3460 indulgentias
574 3379 724 3440 satisfacit
745 3379 784 3440 de
805 3380 929 3456 alieno,
967 3378 1040 3461 quia
1061 3391 1179 3436 summus

273 3461 411 3522 Pontifex
434 3460 486 3521 dat
507 3462 535 3521 ei
557 3460 596 3521 de
618 3461 762 3523 thesauro
786 3463 956 3538 eeclesiae,
985 3458 1068 3545 unde
1088 3459 1181 3530 solvat,

271 3550 304 3604 ut
325 3545 378 3623 sio,
401 3545 487 3604 iuxta
498 3564 692 3605 communem
707 3545 828 3606 Patrum
841 3543 1035 3622 sententiam,
1058 3542 1178 3604 etiamiu

313 3747 340 3808 i)
359 3745 394 3799 In
413 3745 458 3801 ed.
480 3717 555 3818 orig}
573 3745 622 3799 hio
638 3746 669 3798 in
688 3745 820 3813 margine
836 3742 963 3793 additum
976 3738 1183 3805 tremitur-,tima

249 3834 308 3873 nus
329 3819 455 3877 dubitat.
476 3821 600 3876 Ennius:
617 3818 660 3872 ut
676 3819 722 3872 sie
737 3831 800 3871 nou
817 3811 962 3864 erttsatua
977 3810 1071 3859 outn'xs
1090 3808 1206 3854 mauu

239 3891 272 3945 in
296 3895 414 3950 cucutia
435 3912 527 3968 quam
550 3900 647 3955 extra.
