2709 4417
377 1100 674 1235 Resolutionss
703 1136 885 1235 Lutheri
996 1137 1000 1147 '

249 1360 337 1420 snper
368 1340 629 1418 Propositionibns
661 1341 723 1443 suis
744 1340 865 1418 Lipsius
892 1339 1063 1418 disputatis.
1186 1383 1190 1391 .

278 1675 434 1760 humerus
471 1694 563 1773 panto
606 1703 679 1774 post
710 1695 953 1783 dispntstionem
992 1685 1114 1775 lipsiae

202 1791 327 1850 habitam
350 1780 380 1837 in
403 1778 538 1838 animum
561 1775 719 1838 induxisse
742 1780 863 1840 videtur
894 1780 934 1840 sd
955 1777 1037 1838 dioto
1058 1796 1114 1838 sus

203 1872 309 1932 luenda
330 1871 362 1922 et
382 1859 629 1920 adversariorum
652 1863 796 1922 oonviois
819 1861 989 1923 refellenda
1011 1860 1050 1921 de
1071 1860 1114 1920 di·

203 1958 371 2035 sputatione
391 1945 459 2023 ipsu
481 1940 630 2020 quaedem
653 1944 684 2002 in
709 1943 817 2024 vulgus
836 1944 928 2006 edere
950 1950 981 2005 et
1004 1962 1114 2024 propo-

203 2040 319 2098 sitiones
342 2046 414 2087 snos
435 2025 591 2104 copiosius
603 2026 759 2105 explicere
781 2047 819 2088 so
839 2029 980 2108 probare.
1006 2027 1113 2106 ltaque

207 2122 258 2181 ism
287 2118 336 2178 die
372 2112 421 2174 20,
447 2107 520 2167 tulii
545 2111 622 2170 tote
661 2109 755 2169 modo
777 2111 1032 2191 Wittembergsm
1072 2130 1115 2170 re·

208 2222 300 2263 versus
320 2202 352 2260 in
371 2191 509 2272 epistole
529 2189 568 2250 sd
582 2189 773 2270 Spoletinum
795 2193 1003 2255 dstesoribit:
1025 2192 1114 2273 „Ego

209 2286 267 2363 quid
288 2274 499 2362 responderim
524 2273 640 2346 (hleoio
664 2274 703 2335 de
727 2277 857 2354 primatu
879 2275 1037 2337 Ponlihois
1055 2275 1115 2335 Ro·

210 2366 292 2448 nsni)
308 2360 425 2426 videbis
437 2377 456 2436 p
466 2376 504 2414 ro
514 2375 533 2434 p
542 2354 684 2414 ediem“
697 2357 797 2438 (Lnlh.
812 2361 889 2440 Epp.
902 2360 951 2420 ed.
962 2358 1001 2418 de
1011 2357 1114 2418 Wstte

210 2450 229 2523 Ι,
245 2450 331 2527 286),
356 2440 532 2516 ibidemque
557 2438 613 2512 (de
631 2438 734 2500 Wette
756 2442 790 2517 1,
812 2447 912 2519 2s7t:
944 2443 1013 2520 „lto
1040 2439 1114 2499 nihil

214 2535 289 2592 lerme
300 2534 330 2591 in
349 2531 414 2590 ,ists
426 2521 633 2600 disputatione
648 2530 810 2583 trootstum
825 2539 872 2586 est
893 2525 1002 2585 saltem
1025 2523 1117 2603 digne

217 2623 317 2692 praeter
359 2604 601 2691 propositionem
646 2624 745 2665 oseem
791 2607 942 2669 desimam
985 2607 1115 2667 tertism.

217 2698 318 2758 interim
353 2704 455 2755 temen
478 2685 530 2745 ille
558 2682 706 2768 (Rosius)
731 2689 855 2769 plsoet‚
888 2689 1054 2769 triumphat
1085 2697 1116 2748 et

216 2786 321 2859 regnat,
360 2774 416 2837 sed
438 2769 564 2829 doneo
585 2769 829 2833 ediderimus
862 2792 931 2834 nos
964 2777 1114 2833 nostre.

198 2861 273 2922 ,Num
294 2863 365 2941 quio
389 2853 469 2916 mele
483 2851 667 2931 disputatum
686 2863 743 2931 est,
765 2857 874 2917 edem
897 2854 1114 2916 resolutio-

214 2961 264 3004 nes
283 2940 441 3005 denuo.“
472 2935 530 2994 Die
563 2939 614 2999 lo.
636 2956 674 2997 m.
701 2941 830 3017 Augusti
861 2959 888 3000 s.
916 2940 994 3002 1519
1016 2936 1114 2996 eidem

213 3023 354 3104 spoletino
393 3020 452 3104 (de
474 3014 612 3078 Wettol
643 3040 672 3098 p.
695 3018 774 3100 302)
799 3024 916 3104 operit:
959 3018 1114 3099 „Quando

211 3106 256 3170 leo
274 3106 482 3191 disputatione
504 3102 601 3180 magis
623 3109 743 3182 tempus
767 3116 814 3165 est
835 3104 999 3186 perditum,
1023 3120 1114 3180 quem

209 3195 304 3255 veritos
337 3189 491 3272 quaesite,
528 3184 622 3243 volo
661 3189 985 3267 propositionum
1020 3204 1115 3245 mee·

205 3289 272 3336 rnns
303 3268 574 3336 resolutiones
608 3267 645 3326 in
677 3268 801 3330 lnoem
833 3272 944 3348 dore,
981 3267 1116 3328 oonflsus

204 3360 341 3420 msiorem
381 3350 566 3432 oognitionis
604 3349 735 3411 frustum
773 3354 844 3413 hino
884 3358 1116 3434 proventurum,

202 3454 285 3515 quam
317 3443 342 3501 si
380 3438 426 3498 bis
449 3434 562 3511 septies
596 3432 635 3492 ad
657 3433 739 3495 huno
761 3437 885 3498 modum
918 3434 1118 3512 disputetur.“

198 3516 354 3605 spalatino
386 3520 479 3600 igitur
506 3514 557 3573 ille
589 3516 650 3575 iem
684 3530 757 3578 onte
780 3520 878 3581 editos
911 3515 1117 3578 resolutiones

198 3608 368 3683 eonsilium,
390 3599 473 3682 quod
495 3597 629 3675 fovebat,
653 3606 794 3683 etopus,
816 3601 899 3682 quod
926 3599 1117 3677 moliebatur,

196 3683 347 3750 indiosese
369 3695 401 3748 et
422 3699 587 3745 excusasse
611 3676 750 3762 videtur,
783 3686 813 3747 id
843 3680 928 3763 quod
961 3684 1054 3743 etism
1077 3703 1115 3744 ex

196 3767 256 3833 fine
278 3772 369 3834 huius
391 3763 542 3847 epistolas
564 3767 647 3826 serni
669 3775 793 3847 potest,
826 3770 858 3829 in
883 3784 946 3847 quo
969 3765 1115 3828 lutherus

209 3891 300 3930 utheri
312 3903 364 3939 opp.
382 3894 406 3934 V,
417 3893 446 3931 Δ.
461 3895 547 3971 pdress
561 3897 614 3938 hist
630 3899 645 3940 l.
660 3910 684 3949 p.
702 3902 752 3944 Vol.
766 3903 810 3944 111.
990 3875 1032 3938 m
