2709 4417
484 342 501 381 a
519 326 641 383 hlotariis
660 334 786 397 excepta.
1052 327 1094 395 ’21
1135 371 1139 377 .

199 513 353 596 egerrimos
376 512 588 577 ohsishanos'
580 534 612 574 ιιι
634 512 783 593 Graecia,
812 520 923 594 postea
953 515 984 575 in
1005 515 1095 577 ltalia

199 603 324 676 Qeceptos
362 595 467 677 Atque
496 597 638 661 etiamsi
659 597 721 657 hoc
742 616 804 658 nou
826 603 965 678 urgeret,
993 598 1095 661 adhue

199 688 246 760 tat,
265 678 347 758 quod
371 699 468 760 usque
489 679 530 743 ad
543 679 714 743 Concilium
727 679 876 741 Niceuum
900 679 1009 741 saltem
1031 681 1093 742 fue

199 767 238 824 int
254 764 364 842 integri
374 762 540 827 Christiani
561 783 616 842 per
638 771 736 824 totum
748 762 915 840 Orientem,
937 782 1000 825 non
1024 765 1092 826 sub·

199 848 247 910 soti
259 847 345 908 Rom.
364 845 516 922 Pontifici,
537 853 570 907 ιιι
593 846 763 908 clarissime
777 853 908 908 testatur
929 847 1093 913 Decretum

199 929 310 991 eiusdem
332 927 463 991 Concilii
486 929 594 991 Nieeui
615 929 746 990 dicentis
769 929 819 990 lib.
834 933 883 995 10.
906 929 1094 992 hishEocl.:

199 1014 221 1074 lt
238 1020 269 1073 ut
287 1011 369 1091 apud
392 1012 612 1102 Alexandriam
636 1012 685 1072 vel
705 1014 738 1072 in
753 1012 835 1074 Urbe
851 1013 954 1073 Roma
975 1019 1095 1074 vetusta

199 1094 364 1157 adsuetudo
387 1101 552 1156 conservet
552 1093 598 1171 ιιι,
620 1103 651 1155 ιιι
671 1095 725 1155 ille
742 1095 888 1177 Aegypti
909 1096 970 1155 hoe
990 1096 1094 1157 subun-

199 1198 319 1240 ›auarum
333 1178 533 1239 ecelesiarum
554 1178 791 1264 sollicitudipem
802 1185 898 1258 gerat.
916 1177 1000 1239 ldem
1016 1178 1093 1241 Con

199 1263 301 1322 tilium
308 1280 371 1322 non
400 1262 558 1338 Romano,
594 1262 649 1322 ssd
676 1244 960 1341 Hierosolymitano
988 1262 1095 1323 tribuit

199 1364 322 1406 tonorum
344 1345 518 1424 primatum,
541 1343 646 1405 dicens
669 1344 800 1405 ibidem:
822 1344 862 1404 m
883 1353 915 1404 ut
934 1343 1092 1425 Episcopo

199 1428 457 1508 herosolymorum
476 1428 640 1507 antiquitus
664 1427 776 1489 tradita
797 1427 949 1488 bonorum
971 1447 1094 1507 praero-

199 1513 277 1590 ιιιιιιι
297 1517 447 1573 servetur.
1165 1572 1168 1577 ,

256 1592 396 1666 Quodsi
412 1612 470 1654 nec
499 1593 558 1653 ista
584 1594 658 1654 satis
682 1600 770 1666 sunt,
798 1591 920 1671 quodt
921 1611 1011 1653 amen
1042 1591 1096 1652 ad·

199 1694 235 1736 uc
258 1674 435 1752 concludit,
468 1675 549 1754 quod
581 1677 724 1770 egregius
752 1675 787 1735 D.
811 1675 847 1735 D
876 1674 951 1735 satis
983 1674 1095 1735 callide

199 1760 274 1838 acuit,
296 1757 381 1836 quod
404 1721 535 1819 edclesia
548 1757 733 1819 Obsistio
682 1759 791 1838 viginti
812 1775 912 1817 anuos
933 1756 972 1817 ad
996 1758 1095 1819 minus

199 1841 238 1918 hit,
260 1849 427 1920 antequem
448 1841 537 1902 Rom.
561 1842 695 1903 ecclesia
717 1847 908 1900 nasceretur:
931 1839 1002 1900 ideo
1025 1840 1095 1900 ridi·

199 1925 243 1983 ula
269 1932 317 1984 est
345 1926 411 1984 eius
440 1924 628 2002 confutatio,
664 1923 753 2003 quod»
775 1922 864 2003 fingit
895 1941 944 1983 me
967 1924 1096 1983 miscere

199 2005 302 2067 lanatos
330 2026 401 2068 curn
430 2007 654 2083 schismaticis,
684 2026 752 2066 cum
781 2025 855 2067 suos
883 2005 1096 2066 schismaticos

199 2091 331 2169 signare
360 2109 424 2151 uon
447 2091 555 2168 possit

252 2172 370 2250 Tertio,
393 2191 462 2232 curn
484 2171 675 2233 confutasset
697 2172 853 2233 rationem·
871 2188 992 2238 meam,
1023 2171 1097 2250 quia

199 2255 291 2316 cilicet
312 2275 377 2317 non
389 2253 642 2316 confirmarentur
654 2255 793 2333 episcopi
804 2252 955 2313 Graecias
976 2253 1093 2313 altem.

199 2337 333 2415 ontifice,
357 2336 435 2397 dixit
454 2337 514 2398 hoe
538 2336 613 2397 nihil
636 2355 714 2414 esse,
737 2356 806 2396 cum
819 2354 877 2395 nec
889 2335 1012 2414 plebaei
1029 2354 1096 2415 pas-

200 2440 228 2481 m
250 2419 472 2483 confirmentur
492 2439 511 2479 a
533 2421 621 2480 Rom.
643 2417 802 2480 Pontifice.
832 2417 907 2492 Quis
929 2437 992 2478 non
1016 2417 1099 2478 videt

199 2523 249 2564 ree
271 2501 423 2583 perdendi
446 2504 595 2582 temporis
616 2503 716 2582 gratia
738 2501 842 2562 dicta?
881 2519 949 2560 eum
972 2500 1096 2580 plebani

199 2605 276 2646 »men
299 2586 338 2647 ab
369 2587 524 2666 episcopis
555 2584 743 2645 ordinentur.
765 2583 861 2645 Simul
889 2583 966 2643 haec
994 2584 1098 2643 omnia

199 2671 295 2730 emitto
319 2668 358 2729 ad
379 2670 464 2748 prius
486 2668 568 2729 dieta
593 2668 632 2728 de
653 2668 831 2748 Hieronym.
854 2666 893 2729 ad
915 2666 1012 2746 Evag.
1039 2666 1097 2727 Ea·

199 2772 244 2812 em
265 2771 362 2812 eausa
384 2759 416 2812 et
437 2751 517 2811 illud
535 2753 626 2811 toties
649 2751 771 2829 repetiit
792 2749 830 2810 de
852 2749 1004 2824 Numidia,
1027 2768 1096 2808 oum

198 2835 218 2894 li
244 2835 416 2895 scribantur
445 2835 574 2894 venisse
597 2832 637 2894 ad
659 2835 789 2894 Romam
824 2852 886 2893 non
908 2795 1027 2908 vocati,
1066 2837 1098 2890 et

199 2924 366 2994 causentur,
388 2916 471 2997 quod
494 2918 648 2980 venerint
693 2915 733 2976 ιιι
753 2915 912 2975 adhueD.
933 2915 999 2973 D.
991 2934 1037 2974 rus
1060 2934 1099 2973 ex

200 3019 235 3063 oo
262 3000 344 3060 facto
370 3000 458 3061 Rom
482 2997 622 3059 Pontifici
650 2998 784 3059 divinum
816 2997 927 3057 tribuit.
979 2996 1039 3057 Sed
1069 3003 1100 3057 et

199 3081 271 3159 llud,
302 3082 385 3161 quod
409 3082 600 3162 Epiphanius
615 3081 744 3162 Cyprius
767 3081 941 3142 Johannem
965 3079 1096 3176 Chryso·

201 3130 308 3226 mmhm
331 3165 495 3245 deposuit,
518 3184 581 3225 nou
603 3184 659 3244 pro
682 3166 764 3236 iure,
787 3163 841 3223 sed
863 3163 946 3224 facto
914 3163 1098 3243 teecepit

199 3247 224 3308 ιι
241 3249 285 3308 ιιι
311 3248 377 3308 vult
399 3247 594 3325 confutasse,
627 3266 696 3307 eum
726 3247 779 3306 ille
806 3247 904 3326 egerit
931 3245 1098 3305 seeundum

199 3336 321 3391 tumtum
342 3330 452 3391 Niceni
470 3292 611 3403 Consilii,
634 3338 665 3389 et
680 3331 878 3390 autoritatem
893 3328 1037 3407 Cypriani
1060 3327 1099 3386 de

199 3402 355 3510 ordipandis
388 3414 543 3492 episcopis
573 3414 649 3472 citra
677 3414 872 3473 autoritatem
900 3411 991 3472 Rom
1022 3409 1099 3469 Pon·

263 3541 327 3641 dtet
348 3597 423 3659 ergo
447 3577 549 3639 adhuc
569 3578 702 3657 invicte,
729 3577 812 3657 quod
834 3576 921 3639 Rom.
954 3528 1101 3656 primatus

204 3666 316 3723 autnon
339 3669 386 3721 est
408 3661 473 3770 ipre
500 3660 604 3720 divino
627 3659 816 3740 firmatum),
832 3663 885 3720 aut
897 3661 990 3721 totius
1002 3659 1100 3720 orien-

199 3873 228 3932 1)
241 3875 272 3928 In
290 3878 333 3932 ed.
354 3881 425 3948 orig.
440 3895 451 3936 r
468 3883 624 3943 formatus.
