2709 4417
275 345 339 412 338
518 347 609 402 Resol.
629 347 656 399 L.
676 362 760 415 super
778 346 976 414 Propositione

275 535 420 597 nantibus
464 530 665 611 temporalem
709 530 790 591 hono
833 526 1000 611 potestatis
1035 522 1170 605 primatui

277 617 395 678 sedere.

360 699 450 759 Addo
473 697 512 757 ed
535 697 621 774 haee,
644 696 726 776 quod
740 714 798 756 neo
817 697 847 755 in
869 695 932 755 hoo
946 701 1033 754 reete
1053 699 1083 750 et
1102 710 1173 751 evau-

205 819 209 825 .
277 784 376 863 gelioe
396 781 431 841 tit
454 800 473 840 a
494 780 641 840 Romanis
677 778 889 858 pontificibus,
921 775 1006 855 quod
1033 774 1175 853 episcopos

278 866 460 925 eRomana
484 862 616 923 eeclesia
643 868 852 941 propagatos,
884 858 915 919 id
940 867 1005 938 est,
1035 856 1175 916 eeclesiam

278 948 416 1007 Latinum
440 947 485 1004 sio
507 945 736 1020 administrant,
769 951 802 1004 ut
821 943 880 1003 soli
912 944 973 1021 ipsi
1006 939 1176 1002 ordinentet

278 1030 461 1091 confirment
499 1029 664 1106 episcopos
703 1046 819 1087 omnes.
863 1027 896 1084 ln
926 1025 990 1084 hoo
1023 1022 1101 1084 enirn
1129 1041 1176 1081 nou

276 1113 411 1182 Christo,
435 1110 490 1170 sed
513 1110 569 1169 sibi
590 1110 737 1168 ecelesias
750 1109 860 1168 Christi
880 1108 1023 1167 videntur
1044 1123 1177 1184 arrogare,

278 1214 345 1254 oum
381 1193 513 1273 apostoli
537 1192 621 1251 Pauli
660 1191 803 1271 exemplo
828 1190 979 1251 deberent
1010 1189 1099 1248 etiam
1126 1187 1177 1246 eliis

282 1278 473 1336 nommittere
506 1276 755 1335 constitutionem
789 1276 1023 1353 episcoporum,
1056 1269 1179 1329 videlieet

216 1368 219 1381 ‘
280 1359 521 1437 archiepiscopis
545 1365 576 1417 et
598 1359 714 1419 vicinis.
758 1357 914 1417 Deberent
941 1373 1018 1436 ergo
1040 1353 1107 1413 illos
1127 1353 1177 1413 Deo

282 1444 482 1515 oommittere,
505 1448 537 1499 et
558 1458 750 1518 nequaquam
765 1458 887 1520 cogere,
910 1447 943 1498 ut
966 1454 1114 1518 pronovo
1133 1437 1179 1514 epi·

279 1543 375 1604 soopo
387 1523 425 1583 ad
438 1524 549 1584 Urbem
563 1525 727 1583 mitterent.
769 1522 869 1582 Habet
882 1524 964 1582 enim
981 1521 1042 1580 hoo
1064 1519 1178 1598 speaien

280 1626 342 1667 non
366 1606 466 1666 levem
489 1607 636 1665 avaritiae
659 1614 690 1664 et
712 1605 898 1685 tyrannidis,
921 1622 984 1683 qua
1004 1603 1180 1663 dominentur

279 1687 349 1749 fidei
373 1708 500 1765 eorum,
530 1687 613 1766 quod
635 1687 748 1748 Paulus
770 1687 869 1748 noluit
888 1689 920 1746 in
943 1684 1118 1746 Corinthios
1136 1683 1180 1742 sibi

279 1791 435 1852 usurpare.
479 1770 638 1831 sufficeret
659 1772 740 1831 enim
758 1771 855 1830 semel
867 1771 1049 1850 episcopum
1061 1766 1179 1840 dedisse,
1215 1778 1221 1801 ²

280 1862 312 1914 et
335 1855 481 1933 deinceps
502 1873 556 1913 eos
578 1855 695 1933 gratiae
712 1854 769 1913 Dei
791 1852 1027 1914 commendatos
1048 1868 1180 1929 propaga·
1218 1866 1221 1912 4

281 1938 356 1997 tioni
390 1939 572 2016 propriae¹)
604 1955 658 1996 eos
695 1937 886 2015 relinquere,
920 1941 975 1995 aut
1002 1932 1179 1995 solummodo

213 2026 217 2038 ‘
280 2038 381 2079 euram
405 2039 528 2100 gerere,
559 2039 598 2077 ne
621 2038 639 2077 a
661 2018 722 2078 nde
744 2018 985 2098 degenerarent,
1018 2019 1096 2076 siout
1122 2034 1180 2094 apo·
1220 2020 1221 2025 ’

214 2132 221 2144 ’
280 2103 378 2164 stolus
400 2104 430 2161 in
448 2102 564 2162 Galatis
579 2104 761 2161 monstravit
778 2101 962 2180 exemplum.
1007 2098 1096 2159 Nune
1115 2098 1180 2157 vide

281 2204 346 2245 mus
370 2192 529 2264 praetextu
558 2184 646 2243 huius
670 2183 809 2244 beneficii
832 2192 864 2244 et
885 2185 1034 2263 primatus
1063 2183 1178 2243 omnium

281 2271 477 2347 episcopatus
508 2275 538 2326 et
566 2266 738 2327 sacerdotia
769 2269 798 2326 in
836 2268 1016 2346 voraginem
1040 2266 1179 2324 Romanae

280 2352 428 2410 avaritiae
449 2352 530 2428 rapi,
559 2356 604 2409 tot
626 2350 782 2409 Simoniae
804 2349 1091 2430 impudentissimae
1112 2365 1177 2406 mon·

281 2435 350 2493 stris
374 2433 435 2493 hoo
458 2451 518 2492 uno
541 2432 687 2512 operculo
711 2434 810 2494 testis.

641 2549 688 2609 Se
724 2550 842 2608 uitur:

364 2633 403 2691 Et
425 2632 555 2712 Cephas,
578 2632 608 2690 id
632 2569 804 2711 est,qoaput
826 2637 857 2690 et
874 2632 1057 2710 principium
1081 2637 1178 2689 teneret

281 2715 482 2795 apostolatus.
527 2714 584 2773 Vel
605 2715 655 2774 hio
679 2715 765 2774 loous
789 2713 939 2789 ostendit,
967 2714 1066 2793 magis
1087 2711 1177 2772 affeetu

280 2799 461 2879 potestntis,
494 2816 585 2876 quam
618 2799 753 2856 veritatis
787 2796 886 2857 studio
926 2796 1008 2855 huno
1037 2795 1177 2875 primatum

282 2881 461 2959 quaesitum.
507 2880 671 2953 Quomodo
706 2882 786 2938 enim
818 2888 863 2938 tot
894 2879 981 2938 falsis
1010 2878 1177 2958 argumentis

282 2969 449 3040 uterentur,
484 2965 507 3020 si
531 2964 625 3021 semel
651 2970 682 3022 et
714 2962 843 3022 solidum
875 2960 1026 3021 heberent
1054 2959 1177 3020 oausam?

282 3046 383 3105 multis
406 3053 506 3105 antem
531 3053 602 3125 eget
626 3045 834 3120 mendesium,
858 3051 890 3102 ut
913 3063 1017 3103 verum
1042 3049 1176 3124 appareat.

281 3128 386 3206 itaque
420 3135 480 3187 tani
510 3127 623 3186 inscius
664 3135 711 3187 est
744 3130 802 3186 iste
832 3129 972 3186 scenicus
1006 3133 1037 3186 et
1059 3128 1177 3205 poeticus

281 3210 463 3284 Anatoletns,
500 3219 531 3270 nt
554 3211 690 3290 Cepheni
722 3217 814 3289 eaput
843 3211 1060 3288 interpretetur·
1092 3217 1177 3268 contra

281 3293 539 3353 evidentissimum
565 3301 595 3352 et
623 3294 828 3372 apostolieum
857 3293 1066 3352 testimoninm
1089 3291 1178 3351 Inhon-

281 3377 326 3434 nis
349 3376 492 3454 opostoii,
516 3378 565 3453 qui
583 3376 655 3435 dioit
676 3376 782 3434 Iohan.
811 3380 841 3437 i:
884 3375 1013 3434 intuitus
1026 3395 1094 3434 eum
1107 3374 1178 3433 Jesut

281 3458 371 3517 dixit:
409 3459 453 3516 'l'u
477 3478 509 3517 es
534 3458 639 3518 Simon
663 3457 742 3518 filins
765 3459 927 3537 iohanne,
962 3458 1006 3516 Tu
1038 3457 1178 3517 vocaberis

282 3540 413 3619 Cephen,
437 3541 518 3618 quod
534 3543 750 3619 interpretetur
760 3541 877 3602 Petrus.
922 3541 1019 3601 Pudet
1034 3561 1093 3616 me,
1113 3537 1179 3618 quod

251 3675 255 3689 ,
281 3643 372 3701 super
393 3623 453 3682 hoo
475 3644 577 3683 errore
592 3625 782 3684 crassissimo
807 3632 923 3684 tontum
942 3625 1100 3705 negotium
1120 3623 1180 3682 strui·

278 3706 352 3786 itur,
381 3707 410 3766 in
448 3725 508 3788 quo
532 3707 622 3766 simui
643 3706 840 3786 iudiiigentes
868 3727 903 3767 se
928 3708 1022 3767 fuisse
1044 3705 1180 3785 evangelii

486 3829 713 3840 μ---

307 3867 343 3935 1)
368 3868 399 3923 111
422 3867 469 3923 ed.
491 3869 611 3939 priore:
630 3861 759 3933 proprie.
