<?xml version="1.0" encoding="UTF-8"?>
<!DOCTYPE html PUBLIC "-//W3C//DTD XHTML 1.0 Transitional//EN"
    "http://www.w3.org/TR/xhtml1/DTD/xhtml1-transitional.dtd">
<html xmlns="http://www.w3.org/1999/xhtml" xml:lang="en" lang="en">
 <head>
  <title>
</title>
<meta http-equiv="Content-Type" content="text/html;charset=utf-8" />
  <meta name='ocr-system' content='tesseract 3.04.00' />
  <meta name='ocr-capabilities' content='ocr_page ocr_carea ocr_par ocr_line ocrx_word'/>
</head>
<body>
  <div class='ocr_page' id='page_1' title='image "./operalatinavari00schmgoog_0123.png"; bbox 0 0 2709 4417; ppageno 0'>
   <div class='ocr_carea' id='block_1_1' title="bbox 508 330 1086 408">
    <p class='ocr_par' dir='ltr' id='par_1_1' title="bbox 508 330 1086 408">
     <span class='ocr_line' id='line_1_1' title="bbox 508 330 1086 408; baseline 0.009 -13"><span class='ocrx_word' id='word_1_1' title='bbox 508 340 664 396; x_wconf 82' lang='lat' dir='ltr'>allotarlis</span> <span class='ocrx_word' id='word_1_2' title='bbox 687 344 813 408; x_wconf 80' lang='lat' dir='ltr'>excepte.</span> <span class='ocrx_word' id='word_1_3' title='bbox 1025 330 1086 400; x_wconf 70' lang='grc'>114</span> 
     </span>
    </p>
   </div>
   <div class='ocr_carea' id='block_1_2' title="bbox 200 523 1090 856">
    <p class='ocr_par' dir='ltr' id='par_1_2' title="bbox 200 523 1090 856">
     <span class='ocr_line' id='line_1_2' title="bbox 201 523 1089 605; baseline -0.007 -16"><span class='ocrx_word' id='word_1_4' title='bbox 201 548 238 589; x_wconf 88' lang='lat' dir='ltr'>sm</span> <span class='ocrx_word' id='word_1_5' title='bbox 258 527 317 586; x_wconf 92' lang='lat' dir='ltr'>iam</span> <span class='ocrx_word' id='word_1_6' title='bbox 339 526 452 605; x_wconf 90' lang='lat' dir='ltr'>triduo,</span> <span class='ocrx_word' id='word_1_7' title='bbox 474 525 616 588; x_wconf 83' lang='lat' dir='ltr'>deberem</span> <span class='ocrx_word' id='word_1_8' title='bbox 640 525 857 604; x_wconf 83' lang='lat' dir='ltr'>utiquefuisse,</span> <span class='ocrx_word' id='word_1_9' title='bbox 879 523 1089 584; x_wconf 78' lang='lat' dir='ltr'>nisirereren·</span> 
     </span>
     <span class='ocr_line' id='line_1_3' title="bbox 204 607 1088 687; baseline -0.003 -17"><span class='ocrx_word' id='word_1_10' title='bbox 204 630 232 670; x_wconf 90' lang='lat' dir='ltr'>us</span> <span class='ocrx_word' id='word_1_11' title='bbox 252 610 341 669; x_wconf 88' lang='lat' dir='ltr'>Pater</span> <span class='ocrx_word' id='word_1_12' title='bbox 361 611 425 669; x_wconf 92' lang='lat' dir='ltr'>suis</span> <span class='ocrx_word' id='word_1_13' title='bbox 449 610 576 671; x_wconf 74' lang='lat' dir='ltr'>cautelis</span> <span class='ocrx_word' id='word_1_14' title='bbox 599 607 765 687; x_wconf 91' lang='lat' dir='ltr'>aliquando</span> <span class='ocrx_word' id='word_1_15' title='bbox 787 608 911 668; x_wconf 77' lang='lat' dir='ltr'>fecisset</span> <span class='ocrx_word' id='word_1_16' title='bbox 931 624 971 667; x_wconf 88' lang='lat' dir='ltr'>ex</span> <span class='ocrx_word' id='word_1_17' title='bbox 992 625 1088 686; x_wconf 83' lang='lat' dir='ltr'>oppo</span> 
     </span>
     <span class='ocr_line' id='line_1_4' title="bbox 201 691 1089 772; baseline -0.007 -18"><span class='ocrx_word' id='word_1_18' title='bbox 201 700 267 754; x_wconf 87' lang='lat' dir='ltr'>ente</span> <span class='ocrx_word' id='word_1_19' title='bbox 286 693 538 772; x_wconf 79' lang='lat' dir='ltr'><strong>respondentem.</strong></span> <span class='ocrx_word' id='word_1_20' title='bbox 573 692 641 752; x_wconf 91' lang='lat' dir='ltr'>Non</span> <span class='ocrx_word' id='word_1_21' title='bbox 664 694 744 752; x_wconf 91' lang='lat' dir='ltr'>enim</span> <span class='ocrx_word' id='word_1_22' title='bbox 766 692 827 752; x_wconf 88' lang='lat' dir='ltr'>hoc</span> <span class='ocrx_word' id='word_1_23' title='bbox 848 691 979 770; x_wconf 89' lang='lat' dir='ltr'>opposui</span> <span class='ocrx_word' id='word_1_24' title='bbox 1000 708 1089 771; x_wconf 88' lang='lat' dir='ltr'>argu·</span> 
     </span>
     <span class='ocr_line' id='line_1_5' title="bbox 200 772 1090 856; baseline -0.003 -22"><span class='ocrx_word' id='word_1_25' title='bbox 200 782 329 852; x_wconf 66' lang='lat' dir='ltr'>rentum,</span> <span class='ocrx_word' id='word_1_26' title='bbox 352 775 407 836; x_wconf 91' lang='lat' dir='ltr'>sed</span> <span class='ocrx_word' id='word_1_27' title='bbox 429 777 497 856; x_wconf 90' lang='lat' dir='ltr'>ipse</span> <span class='ocrx_word' id='word_1_28' title='bbox 517 778 628 856; x_wconf 87' lang='lat' dir='ltr'>posuit,</span> <span class='ocrx_word' id='word_1_29' title='bbox 652 785 683 836; x_wconf 91' lang='lat' dir='ltr'>et</span> <span class='ocrx_word' id='word_1_30' title='bbox 704 782 787 836; x_wconf 88' lang='lat' dir='ltr'>certe</span> <span class='ocrx_word' id='word_1_31' title='bbox 808 772 982 834; x_wconf 70' lang='lat' dir='ltr'>cathedram</span> <span class='ocrx_word' id='word_1_32' title='bbox 1004 772 1090 832; x_wconf 91' lang='lat' dir='ltr'>illam</span> 
     </span>
    </p>
   </div>
   <div class='ocr_carea' id='block_1_3' title="bbox 200 849 1208 940">
    <p class='ocr_par' dir='ltr' id='par_1_3' title="bbox 200 849 1208 940">
     <span class='ocr_line' id='line_1_6' title="bbox 200 849 1208 940; baseline -0.005 -21"><span class='ocrx_word' id='word_1_33' title='bbox 200 867 276 919; x_wconf 89' lang='lat' dir='ltr'>etrus</span> <span class='ocrx_word' id='word_1_34' title='bbox 299 877 363 918; x_wconf 94' lang='lat' dir='ltr'>non</span> <span class='ocrx_word' id='word_1_35' title='bbox 386 877 491 919; x_wconf 90' lang='lat' dir='ltr'>secum</span> <span class='ocrx_word' id='word_1_36' title='bbox 514 860 643 940; x_wconf 78' lang='lat' dir='ltr'>sumpsit</span> <span class='ocrx_word' id='word_1_37' title='bbox 665 858 704 918; x_wconf 93' lang='lat' dir='ltr'>ad</span> <span class='ocrx_word' id='word_1_38' title='bbox 725 859 876 934; x_wconf 86' lang='lat' dir='ltr'>Romam,</span> <span class='ocrx_word' id='word_1_39' title='bbox 904 855 957 916; x_wconf 91' lang='lat' dir='ltr'>sed</span> <span class='ocrx_word' id='word_1_40' title='bbox 980 857 1089 936; x_wconf 75' lang='lat' dir='ltr'>prima</span> <span class='ocrx_word' id='word_1_41' title='bbox 1183 849 1208 901; x_wconf 55' lang='grc' dir='ltr'><strong><em>ἰ</em></strong></span> 
     </span>
    </p>
   </div>
   <div class='ocr_carea' id='block_1_4' title="bbox 199 943 1093 1933">
    <p class='ocr_par' dir='ltr' id='par_1_4' title="bbox 203 943 654 1004">
     <span class='ocr_line' id='line_1_7' title="bbox 203 943 654 1004; baseline 0.002 -4"><span class='ocrx_word' id='word_1_42' title='bbox 203 961 232 1000; x_wconf 92' lang='lat' dir='ltr'>m</span> <span class='ocrx_word' id='word_1_43' title='bbox 254 943 422 1004; x_wconf 77' lang='lat' dir='ltr'>transtulit.</span> <span class='ocrx_word' id='word_1_44' title='bbox 534 962 541 981; x_wconf 80' lang='lat'><strong><em>¹</em></strong></span> <span class='ocrx_word' id='word_1_45' title='bbox 647 974 654 983; x_wconf 83' lang='lat'>,</span> 
     </span>
    </p>

    <p class='ocr_par' dir='ltr' id='par_1_5' title="bbox 200 1021 1091 1519">
     <span class='ocr_line' id='line_1_8' title="bbox 253 1021 1090 1104; baseline -0.005 -20"><span class='ocrx_word' id='word_1_46' title='bbox 253 1025 305 1084; x_wconf 90' lang='lat' dir='ltr'>De</span> <span class='ocrx_word' id='word_1_47' title='bbox 334 1025 429 1086; x_wconf 87' lang='lat' dir='ltr'>verbo</span> <span class='ocrx_word' id='word_1_48' title='bbox 452 1043 595 1104; x_wconf 87' lang='lat' dir='ltr'>pascere,</span> <span class='ocrx_word' id='word_1_49' title='bbox 629 1024 694 1083; x_wconf 87' lang='lat' dir='ltr'>vult</span> <span class='ocrx_word' id='word_1_50' title='bbox 725 1022 876 1083; x_wconf 88' lang='lat' dir='ltr'>dimittere</span> <span class='ocrx_word' id='word_1_51' title='bbox 898 1021 1090 1102; x_wconf 82' lang='lat' dir='ltr'>Gregorium,</span> 
     </span>
     <span class='ocr_line' id='line_1_9' title="bbox 200 1103 1089 1188; baseline -0.003 -22"><span class='ocrx_word' id='word_1_52' title='bbox 200 1107 392 1185; x_wconf 90' lang='lat' dir='ltr'>mbrosium,</span> <span class='ocrx_word' id='word_1_53' title='bbox 415 1107 684 1188; x_wconf 76' lang='lat' dir='ltr'>chrysostomum,</span> <span class='ocrx_word' id='word_1_54' title='bbox 723 1107 794 1184; x_wconf 86' lang='lat' dir='ltr'>quia</span> <span class='ocrx_word' id='word_1_55' title='bbox 811 1104 941 1184; x_wconf 86' lang='lat' dir='ltr'>simplex</span> <span class='ocrx_word' id='word_1_56' title='bbox 962 1103 1089 1165; x_wconf 84' lang='lat' dir='ltr'>verbum</span> 
     </span>
     <span class='ocr_line' id='line_1_10' title="bbox 200 1187 1090 1271; baseline -0.004 -21"><span class='ocrx_word' id='word_1_57' title='bbox 200 1190 360 1251; x_wconf 79' lang='lat' dir='ltr'>redebeat</span> <span class='ocrx_word' id='word_1_58' title='bbox 374 1191 581 1271; x_wconf 79' lang='lat' dir='ltr'>aequivocari.</span> <span class='ocrx_word' id='word_1_59' title='bbox 602 1191 690 1268; x_wconf 80' lang='lat' dir='ltr'>Dico,</span> <span class='ocrx_word' id='word_1_60' title='bbox 713 1189 780 1267; x_wconf 89' lang='lat' dir='ltr'>quis</span> <span class='ocrx_word' id='word_1_61' title='bbox 797 1187 857 1248; x_wconf 89' lang='lat' dir='ltr'>hoc</span> <span class='ocrx_word' id='word_1_62' title='bbox 872 1189 1004 1268; x_wconf 81' lang='lat' dir='ltr'>ignorat,</span> <span class='ocrx_word' id='word_1_63' title='bbox 1026 1206 1090 1247; x_wconf 87' lang='lat' dir='ltr'>ver·</span> 
     </span>
     <span class='ocr_line' id='line_1_11' title="bbox 200 1271 1090 1353; baseline -0.003 -21"><span class='ocrx_word' id='word_1_64' title='bbox 200 1293 238 1332; x_wconf 83' lang='lat' dir='ltr'>rm</span> <span class='ocrx_word' id='word_1_65' title='bbox 266 1276 403 1353; x_wconf 87' lang='lat' dir='ltr'>pastoris</span> <span class='ocrx_word' id='word_1_66' title='bbox 424 1292 493 1334; x_wconf 91' lang='lat' dir='ltr'>esse</span> <span class='ocrx_word' id='word_1_67' title='bbox 522 1292 634 1333; x_wconf 90' lang='lat' dir='ltr'>nomen</span> <span class='ocrx_word' id='word_1_68' title='bbox 657 1271 773 1348; x_wconf 83' lang='lat' dir='ltr'>officii,</span> <span class='ocrx_word' id='word_1_69' title='bbox 799 1271 925 1331; x_wconf 83' lang='lat' dir='ltr'>honoris</span> <span class='ocrx_word' id='word_1_70' title='bbox 947 1278 978 1330; x_wconf 89' lang='lat' dir='ltr'>et</span> <span class='ocrx_word' id='word_1_71' title='bbox 999 1271 1090 1331; x_wconf 82' lang='lat' dir='ltr'>etiarn</span> 
     </span>
     <span class='ocr_line' id='line_1_12' title="bbox 200 1353 1091 1437; baseline -0.004 -21"><span class='ocrx_word' id='word_1_72' title='bbox 200 1357 304 1416; x_wconf 84' lang='lat' dir='ltr'>reris?</span> <span class='ocrx_word' id='word_1_73' title='bbox 327 1356 418 1417; x_wconf 91' lang='lat' dir='ltr'>Unde</span> <span class='ocrx_word' id='word_1_74' title='bbox 440 1363 473 1416; x_wconf 89' lang='lat' dir='ltr'>et</span> <span class='ocrx_word' id='word_1_75' title='bbox 493 1357 692 1437; x_wconf 89' lang='lat' dir='ltr'>praelationis</span> <span class='ocrx_word' id='word_1_76' title='bbox 704 1357 824 1434; x_wconf 91' lang='lat' dir='ltr'>accepit</span> <span class='ocrx_word' id='word_1_77' title='bbox 845 1353 979 1414; x_wconf 85' lang='lat' dir='ltr'>officium</span> <span class='ocrx_word' id='word_1_78' title='bbox 1002 1360 1033 1414; x_wconf 91' lang='lat' dir='ltr'>et</span> <span class='ocrx_word' id='word_1_79' title='bbox 1054 1354 1091 1412; x_wconf 91' lang='lat' dir='ltr'>si·</span> 
     </span>
     <span class='ocr_line' id='line_1_13' title="bbox 200 1439 1074 1519; baseline -0.002 -21"><span class='ocrx_word' id='word_1_80' title='bbox 200 1439 227 1499; x_wconf 92' lang='lat' dir='ltr'>ul</span> <span class='ocrx_word' id='word_1_81' title='bbox 249 1439 403 1519; x_wconf 82' lang='lat' dir='ltr'>pascendi</span> <span class='ocrx_word' id='word_1_82' title='bbox 425 1459 513 1500; x_wconf 90' lang='lat' dir='ltr'>onus.</span> <span class='ocrx_word' id='word_1_83' title='bbox 1073 1492 1074 1496; x_wconf 75' lang='grc'>,</span> 
     </span>
    </p>

    <p class='ocr_par' dir='ltr' id='par_1_6' title="bbox 199 1521 1093 1933">
     <span class='ocr_line' id='line_1_14' title="bbox 228 1521 1089 1600; baseline -0.005 -18"><span class='ocrx_word' id='word_1_84' title='bbox 228 1523 278 1582; x_wconf 88' lang='lat' dir='ltr'>De</span> <span class='ocrx_word' id='word_1_85' title='bbox 299 1522 481 1583; x_wconf 91' lang='lat' dir='ltr'>conditione</span> <span class='ocrx_word' id='word_1_86' title='bbox 497 1540 560 1583; x_wconf 94' lang='lat' dir='ltr'>non</span> <span class='ocrx_word' id='word_1_87' title='bbox 582 1523 697 1600; x_wconf 90' lang='lat' dir='ltr'>recipio</span> <span class='ocrx_word' id='word_1_88' title='bbox 718 1521 853 1600; x_wconf 89' lang='lat' dir='ltr'>allegata</span> <span class='ocrx_word' id='word_1_89' title='bbox 874 1538 929 1599; x_wconf 92' lang='lat' dir='ltr'>per</span> <span class='ocrx_word' id='word_1_90' title='bbox 949 1538 1089 1580; x_wconf 88' lang='lat' dir='ltr'>reveren·</span> 
     </span>
     <span class='ocr_line' id='line_1_15' title="bbox 200 1603 1093 1685; baseline -0.001 -22"><span class='ocrx_word' id='word_1_91' title='bbox 200 1625 241 1664; x_wconf 89' lang='lat' dir='ltr'>rm</span> <span class='ocrx_word' id='word_1_92' title='bbox 266 1606 400 1675; x_wconf 85' lang='lat' dir='ltr'>Patrem,</span> <span class='ocrx_word' id='word_1_93' title='bbox 424 1607 496 1685; x_wconf 91' lang='lat' dir='ltr'>quia</span> <span class='ocrx_word' id='word_1_94' title='bbox 517 1624 575 1665; x_wconf 91' lang='lat' dir='ltr'>nec</span> <span class='ocrx_word' id='word_1_95' title='bbox 595 1604 748 1682; x_wconf 88' lang='lat' dir='ltr'>Christus,</span> <span class='ocrx_word' id='word_1_96' title='bbox 770 1603 946 1681; x_wconf 87' lang='lat' dir='ltr'>sicutipse,</span> <span class='ocrx_word' id='word_1_97' title='bbox 969 1621 1093 1682; x_wconf 83' lang='lat' dir='ltr'>semper</span> 
     </span>
     <span class='ocr_line' id='line_1_16' title="bbox 199 1685 1091 1767; baseline -0.004 -19"><span class='ocrx_word' id='word_1_98' title='bbox 199 1688 312 1749; x_wconf 81' lang='lat' dir='ltr'>haeret</span> <span class='ocrx_word' id='word_1_99' title='bbox 333 1689 456 1767; x_wconf 89' lang='lat' dir='ltr'>literae,</span> <span class='ocrx_word' id='word_1_100' title='bbox 489 1687 696 1749; x_wconf 90' lang='lat' dir='ltr'>conditionem</span> <span class='ocrx_word' id='word_1_101' title='bbox 719 1688 817 1746; x_wconf 88' lang='lat' dir='ltr'>iunxit</span> <span class='ocrx_word' id='word_1_102' title='bbox 837 1694 990 1765; x_wconf 77' lang='lat' dir='ltr'>pasturae.</span> <span class='ocrx_word' id='word_1_103' title='bbox 1012 1685 1091 1745; x_wconf 85' lang='lat' dir='ltr'>Nam</span> 
     </span>
     <span class='ocr_line' id='line_1_17' title="bbox 199 1767 1092 1850; baseline -0.004 -19"><span class='ocrx_word' id='word_1_104' title='bbox 199 1790 323 1831; x_wconf 89' lang='lat' dir='ltr'>cerror</span> <span class='ocrx_word' id='word_1_105' title='bbox 343 1770 575 1832; x_wconf 88' lang='lat' dir='ltr'>confirmaretur</span> <span class='ocrx_word' id='word_1_106' title='bbox 595 1770 784 1850; x_wconf 88' lang='lat' dir='ltr'>Hussiticus,</span> <span class='ocrx_word' id='word_1_107' title='bbox 814 1767 897 1848; x_wconf 90' lang='lat' dir='ltr'>quod</span> <span class='ocrx_word' id='word_1_108' title='bbox 930 1787 992 1829; x_wconf 94' lang='lat' dir='ltr'>non</span> <span class='ocrx_word' id='word_1_109' title='bbox 1029 1769 1092 1828; x_wconf 91' lang='lat' dir='ltr'>exi-</span> 
     </span>
     <span class='ocr_line' id='line_1_18' title="bbox 199 1852 1092 1933; baseline -0.004 -19"><span class='ocrx_word' id='word_1_110' title='bbox 199 1873 255 1914; x_wconf 89' lang='lat' dir='ltr'>ens</span> <span class='ocrx_word' id='word_1_111' title='bbox 286 1856 319 1914; x_wconf 94' lang='lat' dir='ltr'>in</span> <span class='ocrx_word' id='word_1_112' title='bbox 342 1855 471 1914; x_wconf 90' lang='lat' dir='ltr'>caritate</span> <span class='ocrx_word' id='word_1_113' title='bbox 504 1873 565 1915; x_wconf 93' lang='lat' dir='ltr'>non</span> <span class='ocrx_word' id='word_1_114' title='bbox 595 1861 679 1914; x_wconf 90' lang='lat' dir='ltr'>esset</span> <span class='ocrx_word' id='word_1_115' title='bbox 700 1854 886 1933; x_wconf 91' lang='lat' dir='ltr'>episcopus,</span> <span class='ocrx_word' id='word_1_116' title='bbox 924 1852 1092 1932; x_wconf 91' lang='lat' dir='ltr'>praelatus,</span> 
     </span>
    </p>
   </div>
   <div class='ocr_carea' id='block_1_5' title="bbox 198 1945 1098 3678">
    <p class='ocr_par' dir='ltr' id='par_1_7' title="bbox 199 1945 360 1998">
     <span class='ocr_line' id='line_1_19' title="bbox 199 1945 360 1998; baseline 0.012 -2"><span class='ocrx_word' id='word_1_117' title='bbox 199 1945 278 1998; x_wconf 86' lang='lat' dir='ltr'>ustor</span> <span class='ocrx_word' id='word_1_118' title='bbox 301 1945 360 1998; x_wconf 90' lang='lat' dir='ltr'>etc.</span> 
     </span>
    </p>

    <p class='ocr_par' dir='ltr' id='par_1_8' title="bbox 199 2017 1093 2516">
     <span class='ocr_line' id='line_1_20' title="bbox 254 2017 1091 2100; baseline -0.006 -20"><span class='ocrx_word' id='word_1_119' title='bbox 254 2021 301 2080; x_wconf 91' lang='lat' dir='ltr'>De</span> <span class='ocrx_word' id='word_1_120' title='bbox 325 2039 392 2080; x_wconf 93' lang='lat' dir='ltr'>can.</span> <span class='ocrx_word' id='word_1_121' title='bbox 416 2018 619 2100; x_wconf 70' lang='lat' dir='ltr'>significasti,</span> <span class='ocrx_word' id='word_1_122' title='bbox 646 2017 685 2077; x_wconf 90' lang='lat' dir='ltr'>de</span> <span class='ocrx_word' id='word_1_123' title='bbox 718 2018 807 2078; x_wconf 90' lang='lat' dir='ltr'>elect.</span> <span class='ocrx_word' id='word_1_124' title='bbox 834 2019 898 2076; x_wconf 87' lang='lat' dir='ltr'>scio</span> <span class='ocrx_word' id='word_1_125' title='bbox 920 2017 1091 2077; x_wconf 82' lang='lat' dir='ltr'>Gereonem</span> 
     </span>
     <span class='ocr_line' id='line_1_21' title="bbox 199 2101 1092 2182; baseline -0.004 -20"><span class='ocrx_word' id='word_1_126' title='bbox 199 2104 303 2164; x_wconf 89' lang='lat' dir='ltr'>talios</span> <span class='ocrx_word' id='word_1_127' title='bbox 327 2102 472 2164; x_wconf 87' lang='lat' dir='ltr'>doctores</span> <span class='ocrx_word' id='word_1_128' title='bbox 493 2101 665 2182; x_wconf 85' lang='lat' dir='ltr'>ponderare</span> <span class='ocrx_word' id='word_1_129' title='bbox 693 2101 725 2160; x_wconf 94' lang='lat' dir='ltr'>in</span> <span class='ocrx_word' id='word_1_130' title='bbox 747 2101 889 2176; x_wconf 86' lang='lat' dir='ltr'>materia,</span> <span class='ocrx_word' id='word_1_131' title='bbox 924 2119 962 2159; x_wconf 94' lang='lat' dir='ltr'>an</span> <span class='ocrx_word' id='word_1_132' title='bbox 992 2102 1092 2160; x_wconf 91' lang='lat' dir='ltr'>conci-</span> 
     </span>
     <span class='ocr_line' id='line_1_22' title="bbox 201 2183 1093 2267; baseline -0.004 -22"><span class='ocrx_word' id='word_1_133' title='bbox 201 2207 247 2246; x_wconf 91' lang='lat' dir='ltr'>um</span> <span class='ocrx_word' id='word_1_134' title='bbox 270 2188 311 2247; x_wconf 90' lang='lat' dir='ltr'>sit</span> <span class='ocrx_word' id='word_1_135' title='bbox 332 2205 425 2267; x_wconf 86' lang='lat' dir='ltr'>supra</span> <span class='ocrx_word' id='word_1_136' title='bbox 446 2185 584 2266; x_wconf 81' lang='lat' dir='ltr'>papam?</span> <span class='ocrx_word' id='word_1_137' title='bbox 622 2183 682 2244; x_wconf 81' lang='lat' dir='ltr'>Sed</span> <span class='ocrx_word' id='word_1_138' title='bbox 705 2185 776 2262; x_wconf 89' lang='lat' dir='ltr'>quia</span> <span class='ocrx_word' id='word_1_139' title='bbox 803 2183 896 2244; x_wconf 89' lang='lat' dir='ltr'>verba</span> <span class='ocrx_word' id='word_1_140' title='bbox 931 2183 1093 2243; x_wconf 86' lang='lat' dir='ltr'>decretalia</span> 
     </span>
     <span class='ocr_line' id='line_1_23' title="bbox 199 2266 1092 2348; baseline -0.006 -19"><span class='ocrx_word' id='word_1_141' title='bbox 199 2289 239 2330; x_wconf 87' lang='lat' dir='ltr'>on</span> <span class='ocrx_word' id='word_1_142' title='bbox 260 2276 332 2330; x_wconf 93' lang='lat' dir='ltr'>sunt</span> <span class='ocrx_word' id='word_1_143' title='bbox 353 2270 494 2348; x_wconf 88' lang='lat' dir='ltr'>adducta,</span> <span class='ocrx_word' id='word_1_144' title='bbox 517 2267 591 2328; x_wconf 92' lang='lat' dir='ltr'>nihil</span> <span class='ocrx_word' id='word_1_145' title='bbox 613 2285 739 2347; x_wconf 89' lang='lat' dir='ltr'>possum</span> <span class='ocrx_word' id='word_1_146' title='bbox 751 2266 862 2343; x_wconf 87' lang='lat' dir='ltr'>dicere,</span> <span class='ocrx_word' id='word_1_147' title='bbox 885 2267 937 2327; x_wconf 89' lang='lat' dir='ltr'>sed</span> <span class='ocrx_word' id='word_1_148' title='bbox 961 2266 1092 2326; x_wconf 88' lang='lat' dir='ltr'>coniicio</span> 
     </span>
     <span class='ocr_line' id='line_1_24' title="bbox 199 2349 1092 2431; baseline -0.006 -19"><span class='ocrx_word' id='word_1_149' title='bbox 199 2353 285 2413; x_wconf 79' lang='lat' dir='ltr'>rolens</span> <span class='ocrx_word' id='word_1_150' title='bbox 309 2372 358 2412; x_wconf 90' lang='lat' dir='ltr'>me</span> <span class='ocrx_word' id='word_1_151' title='bbox 386 2353 446 2412; x_wconf 90' lang='lat' dir='ltr'>huc</span> <span class='ocrx_word' id='word_1_152' title='bbox 474 2351 629 2431; x_wconf 81' lang='lat' dir='ltr'>allegare,</span> <span class='ocrx_word' id='word_1_153' title='bbox 661 2349 850 2429; x_wconf 89' lang='lat' dir='ltr'>pastoralem</span> <span class='ocrx_word' id='word_1_154' title='bbox 887 2349 1092 2410; x_wconf 92' lang='lat' dir='ltr'>conditionem</span> 
     </span>
     <span class='ocr_line' id='line_1_25' title="bbox 199 2435 594 2516; baseline -0.008 -20"><span class='ocrx_word' id='word_1_155' title='bbox 199 2437 336 2516; x_wconf 72' lang='lat' dir='ltr'>recepisse</span> <span class='ocrx_word' id='word_1_156' title='bbox 357 2456 414 2516; x_wconf 91' lang='lat' dir='ltr'>pro</span> <span class='ocrx_word' id='word_1_157' title='bbox 438 2435 594 2513; x_wconf 74' lang='lat' dir='ltr'>qualitate,</span> 
     </span>
    </p>

    <p class='ocr_par' dir='ltr' id='par_1_9' title="bbox 198 2514 1094 3094">
     <span class='ocr_line' id='line_1_26' title="bbox 256 2514 1093 2599; baseline -0.007 -20"><span class='ocrx_word' id='word_1_158' title='bbox 256 2519 305 2579; x_wconf 89' lang='lat' dir='ltr'>De</span> <span class='ocrx_word' id='word_1_159' title='bbox 325 2518 440 2596; x_wconf 92' lang='lat' dir='ltr'>Paulo,</span> <span class='ocrx_word' id='word_1_160' title='bbox 472 2518 522 2596; x_wconf 90' lang='lat' dir='ltr'>qui</span> <span class='ocrx_word' id='word_1_161' title='bbox 544 2518 705 2598; x_wconf 89' lang='lat' dir='ltr'>primatum</span> <span class='ocrx_word' id='word_1_162' title='bbox 728 2514 808 2599; x_wconf 76' lang='lat' dir='ltr'>l&#39;etri</span> <span class='ocrx_word' id='word_1_163' title='bbox 836 2532 898 2574; x_wconf 93' lang='lat' dir='ltr'>non</span> <span class='ocrx_word' id='word_1_164' title='bbox 922 2516 1093 2598; x_wconf 86' lang='lat' dir='ltr'>agnoverit,</span> 
     </span>
     <span class='ocr_line' id='line_1_27' title="bbox 198 2596 1093 2681; baseline -0.004 -21"><span class='ocrx_word' id='word_1_165' title='bbox 198 2601 234 2662; x_wconf 70' lang='lat' dir='ltr'>red</span> <span class='ocrx_word' id='word_1_166' title='bbox 251 2602 342 2662; x_wconf 86' lang='lat' dir='ltr'>inerit</span> <span class='ocrx_word' id='word_1_167' title='bbox 363 2601 522 2681; x_wconf 90' lang='lat' dir='ltr'>apostolus</span> <span class='ocrx_word' id='word_1_168' title='bbox 544 2599 670 2676; x_wconf 84' lang='lat' dir='ltr'>Christi,</span> <span class='ocrx_word' id='word_1_169' title='bbox 698 2616 806 2658; x_wconf 89' lang='lat' dir='ltr'>omnes</span> <span class='ocrx_word' id='word_1_170' title='bbox 841 2617 944 2657; x_wconf 87' lang='lat' dir='ltr'>sumus</span> <span class='ocrx_word' id='word_1_171' title='bbox 973 2596 1093 2673; x_wconf 82' lang='lat' dir='ltr'>Christi,</span> 
     </span>
     <span class='ocr_line' id='line_1_28' title="bbox 198 2680 1094 2762; baseline -0.003 -18"><span class='ocrx_word' id='word_1_172' title='bbox 198 2693 218 2745; x_wconf 81' lang='lat' dir='ltr'>rt</span> <span class='ocrx_word' id='word_1_173' title='bbox 233 2685 380 2760; x_wconf 86' lang='lat' dir='ltr'>arbitror,</span> <span class='ocrx_word' id='word_1_174' title='bbox 416 2690 519 2744; x_wconf 92' lang='lat' dir='ltr'>tamen</span> <span class='ocrx_word' id='word_1_175' title='bbox 540 2682 815 2762; x_wconf 77' lang='lat' dir='ltr'>Petro‘primstum</span> <span class='ocrx_word' id='word_1_176' title='bbox 838 2681 944 2742; x_wconf 88' lang='lat' dir='ltr'>nullibi</span> <span class='ocrx_word' id='word_1_177' title='bbox 969 2680 1094 2742; x_wconf 89' lang='lat' dir='ltr'>abstulit</span> 
     </span>
     <span class='ocr_line' id='line_1_29' title="bbox 198 2763 1093 2848; baseline -0.003 -22"><span class='ocrx_word' id='word_1_178' title='bbox 198 2769 344 2848; x_wconf 78' lang='lat' dir='ltr'>egiminis,</span> <span class='ocrx_word' id='word_1_179' title='bbox 367 2765 421 2827; x_wconf 89' lang='lat' dir='ltr'>sed</span> <span class='ocrx_word' id='word_1_180' title='bbox 444 2773 475 2827; x_wconf 91' lang='lat' dir='ltr'>et</span> <span class='ocrx_word' id='word_1_181' title='bbox 496 2768 670 2844; x_wconf 85' lang='lat' dir='ltr'>moriturus,</span> <span class='ocrx_word' id='word_1_182' title='bbox 693 2770 726 2824; x_wconf 92' lang='lat' dir='ltr'>ut</span> <span class='ocrx_word' id='word_1_183' title='bbox 745 2764 776 2824; x_wconf 89' lang='lat' dir='ltr'>in</span> <span class='ocrx_word' id='word_1_184' title='bbox 790 2764 920 2845; x_wconf 87' lang='lat' dir='ltr'>epistola</span> <span class='ocrx_word' id='word_1_185' title='bbox 940 2763 977 2823; x_wconf 91' lang='lat' dir='ltr'>de</span> <span class='ocrx_word' id='word_1_186' title='bbox 1000 2772 1093 2823; x_wconf 88' lang='lat' dir='ltr'>trans-</span> 
     </span>
     <span class='ocr_line' id='line_1_30' title="bbox 198 2847 1094 2931; baseline 0 -23"><span class='ocrx_word' id='word_1_187' title='bbox 198 2857 225 2910; x_wconf 83' lang='lat' dir='ltr'>tu</span> <span class='ocrx_word' id='word_1_188' title='bbox 242 2850 451 2931; x_wconf 90' lang='lat' dir='ltr'>apostolorum</span> <span class='ocrx_word' id='word_1_189' title='bbox 474 2848 630 2926; x_wconf 88' lang='lat' dir='ltr'>scribitur,</span> <span class='ocrx_word' id='word_1_190' title='bbox 651 2849 775 2908; x_wconf 90' lang='lat' dir='ltr'>Petrum</span> <span class='ocrx_word' id='word_1_191' title='bbox 797 2847 963 2925; x_wconf 86' lang='lat' dir='ltr'>valedixit,</span> <span class='ocrx_word' id='word_1_192' title='bbox 992 2854 1025 2906; x_wconf 92' lang='lat' dir='ltr'>ut</span> <span class='ocrx_word' id='word_1_193' title='bbox 1046 2865 1094 2908; x_wconf 86' lang='lat' dir='ltr'>ca·</span> 
     </span>
     <span class='ocr_line' id='line_1_31' title="bbox 198 2930 1094 3013; baseline -0.002 -21"><span class='ocrx_word' id='word_1_194' title='bbox 198 2941 235 3013; x_wconf 89' lang='lat' dir='ltr'>put</span> <span class='ocrx_word' id='word_1_195' title='bbox 252 2935 417 3013; x_wconf 87' lang='lat' dir='ltr'>ecclesiae,</span> <span class='ocrx_word' id='word_1_196' title='bbox 446 2952 524 3011; x_wconf 90' lang='lat' dir='ltr'>quae</span> <span class='ocrx_word' id='word_1_197' title='bbox 547 2932 678 3013; x_wconf 85' lang='lat' dir='ltr'>epistola</span> <span class='ocrx_word' id='word_1_198' title='bbox 700 2951 739 2991; x_wconf 92' lang='lat' dir='ltr'>an</span> <span class='ocrx_word' id='word_1_199' title='bbox 762 2931 800 2991; x_wconf 89' lang='lat' dir='ltr'>sit</span> <span class='ocrx_word' id='word_1_200' title='bbox 824 2931 858 2992; x_wconf 91' lang='lat' dir='ltr'>B.</span> <span class='ocrx_word' id='word_1_201' title='bbox 881 2931 1021 3011; x_wconf 81' lang='lat' dir='ltr'>Dionysii</span> <span class='ocrx_word' id='word_1_202' title='bbox 1045 2930 1094 2991; x_wconf 89' lang='lat' dir='ltr'>vel</span> 
     </span>
     <span class='ocr_line' id='line_1_32' title="bbox 198 3016 1064 3094; baseline 0 -19"><span class='ocrx_word' id='word_1_203' title='bbox 198 3017 286 3094; x_wconf 91' lang='lat' dir='ltr'>ninus,</span> <span class='ocrx_word' id='word_1_204' title='bbox 307 3018 458 3077; x_wconf 88' lang='lat' dir='ltr'>incertum</span> <span class='ocrx_word' id='word_1_205' title='bbox 480 3016 590 3077; x_wconf 87' lang='lat' dir='ltr'>habeo.</span> <span class='ocrx_word' id='word_1_206' title='bbox 1062 3020 1064 3025; x_wconf 87' lang='lat'>&#39;</span> 
     </span>
    </p>

    <p class='ocr_par' dir='ltr' id='par_1_10' title="bbox 200 3096 1098 3509">
     <span class='ocr_line' id='line_1_33' title="bbox 258 3096 1098 3177; baseline -0.006 -18"><span class='ocrx_word' id='word_1_207' title='bbox 258 3100 385 3160; x_wconf 93' lang='lat' dir='ltr'>Paulum</span> <span class='ocrx_word' id='word_1_208' title='bbox 398 3098 486 3159; x_wconf 73' lang='lat' dir='ltr'>&#39;dixit</span> <span class='ocrx_word' id='word_1_209' title='bbox 505 3100 650 3161; x_wconf 81' lang='lat' dir='ltr'>vicarium</span> <span class='ocrx_word' id='word_1_210' title='bbox 665 3097 786 3175; x_wconf 80' lang='lat' dir='ltr'>Christi,</span> <span class='ocrx_word' id='word_1_211' title='bbox 808 3096 862 3156; x_wconf 93' lang='lat' dir='ltr'>sed</span> <span class='ocrx_word' id='word_1_212' title='bbox 885 3114 946 3156; x_wconf 92' lang='lat' dir='ltr'>non</span> <span class='ocrx_word' id='word_1_213' title='bbox 969 3101 1098 3177; x_wconf 70' lang='lat' dir='ltr'>genera</span> 
     </span>
     <span class='ocr_line' id='line_1_34' title="bbox 200 3177 1093 3262; baseline -0.001 -23"><span class='ocrx_word' id='word_1_214' title='bbox 200 3181 255 3260; x_wconf 87' lang='lat' dir='ltr'>len,</span> <span class='ocrx_word' id='word_1_215' title='bbox 289 3203 360 3243; x_wconf 87' lang='lat' dir='ltr'>nam</span> <span class='ocrx_word' id='word_1_216' title='bbox 384 3183 475 3242; x_wconf 91' lang='lat' dir='ltr'>etiam</span> <span class='ocrx_word' id='word_1_217' title='bbox 496 3184 527 3242; x_wconf 92' lang='lat' dir='ltr'>in</span> <span class='ocrx_word' id='word_1_218' title='bbox 551 3181 731 3262; x_wconf 80' lang='lat' dir='ltr'>apocalypsi</span> <span class='ocrx_word' id='word_1_219' title='bbox 753 3187 908 3259; x_wconf 86' lang='lat' dir='ltr'>ponuntur</span> <span class='ocrx_word' id='word_1_220' title='bbox 931 3177 1093 3239; x_wconf 87' lang='lat' dir='ltr'>duodecim</span> 
     </span>
     <span class='ocr_line' id='line_1_35' title="bbox 200 3261 1094 3344; baseline -0.003 -20"><span class='ocrx_word' id='word_1_221' title='bbox 200 3264 373 3327; x_wconf 81' lang='lat' dir='ltr'>indumenta</span> <span class='ocrx_word' id='word_1_222' title='bbox 395 3265 560 3344; x_wconf 89' lang='lat' dir='ltr'>ecclesiae,</span> <span class='ocrx_word' id='word_1_223' title='bbox 583 3272 614 3324; x_wconf 91' lang='lat' dir='ltr'>et</span> <span class='ocrx_word' id='word_1_224' title='bbox 634 3274 736 3324; x_wconf 85' lang='lat' dir='ltr'>tamen</span> <span class='ocrx_word' id='word_1_225' title='bbox 750 3261 979 3322; x_wconf 86' lang='lat' dir='ltr'>fundamentum</span> <span class='ocrx_word' id='word_1_226' title='bbox 1001 3261 1094 3339; x_wconf 84' lang='lat' dir='ltr'>uliud,</span> 
     </span>
     <span class='ocr_line' id='line_1_36' title="bbox 202 3345 1094 3430; baseline -0.002 -24"><span class='ocrx_word' id='word_1_227' title='bbox 202 3349 295 3409; x_wconf 83' lang='lat' dir='ltr'>scilcet</span> <span class='ocrx_word' id='word_1_228' title='bbox 314 3348 493 3430; x_wconf 88' lang='lat' dir='ltr'>principale,</span> <span class='ocrx_word' id='word_1_229' title='bbox 515 3367 606 3409; x_wconf 89' lang='lat' dir='ltr'>nemo</span> <span class='ocrx_word' id='word_1_230' title='bbox 629 3365 746 3427; x_wconf 91' lang='lat' dir='ltr'>ponere</span> <span class='ocrx_word' id='word_1_231' title='bbox 767 3352 992 3427; x_wconf 72' lang='lat' dir='ltr'>potest-quam</span> <span class='ocrx_word' id='word_1_232' title='bbox 1013 3345 1094 3427; x_wconf 90' lang='lat' dir='ltr'>quod</span> 
     </span>
     <span class='ocr_line' id='line_1_37' title="bbox 204 3430 763 3509; baseline 0.002 -17"><span class='ocrx_word' id='word_1_233' title='bbox 204 3433 310 3508; x_wconf 86' lang='lat' dir='ltr'>positum</span> <span class='ocrx_word' id='word_1_234' title='bbox 335 3439 392 3509; x_wconf 88' lang='lat' dir='ltr'>est,</span> <span class='ocrx_word' id='word_1_235' title='bbox 415 3431 531 3492; x_wconf 90' lang='lat' dir='ltr'>scilicet</span> <span class='ocrx_word' id='word_1_236' title='bbox 547 3431 700 3492; x_wconf 88' lang='lat' dir='ltr'>Christum</span> <span class='ocrx_word' id='word_1_237' title='bbox 714 3430 763 3505; x_wconf 73' lang='grc'>*).</span> 
     </span>
    </p>

    <p class='ocr_par' dir='ltr' id='par_1_11' title="bbox 205 3511 1094 3678">
     <span class='ocr_line' id='line_1_38' title="bbox 261 3511 1092 3597; baseline -0.006 -21"><span class='ocrx_word' id='word_1_238' title='bbox 261 3516 306 3577; x_wconf 87' lang='lat' dir='ltr'>De</span> <span class='ocrx_word' id='word_1_239' title='bbox 327 3514 463 3577; x_wconf 89' lang='lat' dir='ltr'>secundo</span> <span class='ocrx_word' id='word_1_240' title='bbox 485 3515 571 3597; x_wconf 83' lang='lat' dir='ltr'>dixit,</span> <span class='ocrx_word' id='word_1_241' title='bbox 595 3531 657 3574; x_wconf 91' lang='lat' dir='ltr'>non</span> <span class='ocrx_word' id='word_1_242' title='bbox 678 3533 747 3575; x_wconf 88' lang='lat' dir='ltr'>esse</span> <span class='ocrx_word' id='word_1_243' title='bbox 769 3511 807 3572; x_wconf 88' lang='lat' dir='ltr'>ad</span> <span class='ocrx_word' id='word_1_244' title='bbox 825 3513 1032 3593; x_wconf 88' lang='lat' dir='ltr'>propositum,</span> <span class='ocrx_word' id='word_1_245' title='bbox 1054 3530 1092 3572; x_wconf 93' lang='lat' dir='ltr'>an</span> 
     </span>
     <span class='ocr_line' id='line_1_39' title="bbox 205 3595 1094 3678; baseline 0.001 -24"><span class='ocrx_word' id='word_1_246' title='bbox 205 3595 285 3659; x_wconf 87' lang='lat' dir='ltr'>Petrus</span> <span class='ocrx_word' id='word_1_247' title='bbox 317 3601 357 3660; x_wconf 88' lang='lat' dir='ltr'>sit</span> <span class='ocrx_word' id='word_1_248' title='bbox 376 3605 539 3678; x_wconf 87' lang='lat' dir='ltr'>petra,·et</span> <span class='ocrx_word' id='word_1_249' title='bbox 569 3603 616 3657; x_wconf 90' lang='lat' dir='ltr'>est</span> <span class='ocrx_word' id='word_1_250' title='bbox 648 3604 745 3660; x_wconf 90' lang='lat' dir='ltr'>totum</span> <span class='ocrx_word' id='word_1_251' title='bbox 767 3595 923 3675; x_wconf 83' lang='lat' dir='ltr'>negotium</span> <span class='ocrx_word' id='word_1_252' title='bbox 948 3603 1094 3662; x_wconf 82' lang='lat' dir='ltr'>nostrum.</span> 
     </span>
    </p>
   </div>
   <div class='ocr_carea' id='block_1_6' title="bbox 208 3755 366 3766">
    <p class='ocr_par' dir='ltr' id='par_1_12' title="bbox 208 3755 366 3766">
     <span class='ocr_line' id='line_1_40' title="bbox 208 3755 366 3766; baseline 0.006 -2"><span class='ocrx_word' id='word_1_253' title='bbox 208 3755 366 3766; x_wconf 34' lang='lat'>½*.</span> 
     </span>
    </p>
   </div>
   <div class='ocr_carea' id='block_1_7' title="bbox 229 3863 422 3932">
    <p class='ocr_par' dir='ltr' id='par_1_13' title="bbox 229 3863 422 3932">
     <span class='ocr_line' id='line_1_41' title="bbox 229 3863 422 3932; baseline 0.016 -13"><span class='ocrx_word' id='word_1_254' title='bbox 229 3863 254 3932; x_wconf 78' lang='lat'>⁸)</span> <span class='ocrx_word' id='word_1_255' title='bbox 271 3867 292 3919; x_wconf 90' lang='lat'>1.</span> <span class='ocrx_word' id='word_1_256' title='bbox 312 3866 376 3920; x_wconf 87' lang='lat' dir='ltr'>Cor.</span> <span class='ocrx_word' id='word_1_257' title='bbox 397 3866 422 3922; x_wconf 84' lang='lat'>3.</span> 
     </span>
    </p>
   </div>
   <div class='ocr_carea' id='block_1_8' title="bbox 0 0 1360 4417">
    <p class='ocr_par' dir='ltr' id='par_1_14' title="bbox 0 0 1360 4417">
     <span class='ocr_line' id='line_1_42' title="bbox 0 0 1360 4417; baseline 0 0"><span class='ocrx_word' id='word_1_258' title='bbox 0 0 1360 4417; x_wconf 95' lang='lat' dir='ltr'> </span> 
     </span>
    </p>
   </div>
  </div>
 </body>
</html>
