2709 4417
448 361 522 418 xm.
542 361 576 415 da
593 366 732 431 potestate
749 360 851 430 Papae
1034 356 1097 425 333

200 542 338 604 eelesiae
354 545 506 606 iussuum
519 545 660 622 detrahit,
683 544 860 605 iniustitiam
872 542 959 621 faeit3
980 545 1031 623 qui
1047 563 1097 604 au·

199 645 240 686 em
255 626 421 688 Romanae
433 629 583 689 ecelesiae
599 628 803 707 privilegium,
825 627 863 687 ab
886 627 954 706 ipso
977 647 1096 688 summo

199 711 318 769 mnium
342 711 543 771 eeclesiarum
564 711 666 790 eapite
687 709 844 784 traditum,
873 708 962 791 (vide
982 710 1097 770 hiat-um

199 799 273 851 atum
290 792 504 872 Stentoreum)
523 794 642 854 auferre
654 800 792 871 conatur,
815 793 865 853 hie
877 793 983 872 proaul
1003 792 1097 853 dubio

199 893 213 934 a
233 873 389 934 haeresim
410 876 530 938 labitur.

264 957 408 1018 Eeeiesia
429 959 571 1019 Romana
592 977 654 1019 non
676 958 771 1018 babet
802 959 864 1040 ius,
899 956 954 1016 sed
977 958 1097 1036 privile·

199 1040 275 1118 giam.
320 1039 432 1114 Quod?
463 1042 546 1120 quod
569 1049 617 1102 est
644 1060 739 1120 supra
759 1046 877 1121 petram
899 1038 971 1100 fidei
992 1039 1097 1100 aedifl·

199 1129 269 1199 ata3
295 1122 357 1183 hoe
378 1125 458 1184 enim
481 1124 576 1185 solius
597 1124 758 1185 Romanae
780 1122 931 1183 eeclesiae
955 1130 1016 1200 est,
1038 1125 1098 1182 isto

199 1205 444 1283 iut01e‚deinde‚
467 1215 584 1287 petram
607 1206 688 1283 fidei,
711 1205 854 1285 intelligit
875 1204 1097 1283 praelationem

199 1306 263 1347 iane
291 1289 439 1368 primatus
471 1291 591 1350 terreni.
633 1289 712 1349 Nam
745 1289 822 1348 haee
854 1288 915 1348 duo
947 1295 1097 1368 perpetuo

199 1370 292 1430 miscet
316 1377 347 1430 et
369 1371 528 1432 confundit
548 1372 625 1432 haee
646 1370 746 1451 palea.

267 1452 424 1533 Obsecro,
461 1463 575 1533 quanta
597 1454 744 1534 patientia
765 1460 827 1528 est,
866 1454 926 1512 iata
947 1452 1098 1513 tolerare?

199 1535 318 1594 Primum
342 1538 421 1596 sieut
449 1537 530 1599 dixi:
563 1537 595 1599 Si
616 1544 704 1616 petra
724 1534 816 1595 fidem
839 1537 956 1616 signat,
991 1534 1097 1595 eadem

199 1625 232 1678 est
253 1619 389 1678 omnium
412 1620 629 1699 eeclesiarum,
661 1618 747 1678 nulle
785 1617 903 1695 reliquo
926 1618 1098 1698 privilegio.

199 1699 217 1761 ii
237 1707 339 1760 autem
362 1720 425 1762 non
441 1704 576 1764 omnium
599 1709 646 1762 est
667 1700 786 1777 eadem,
807 1700 875 1761 sola
889 1701 946 1760 erit
967 1700 1100 1760 eeclesia

199 1782 340 1863 iomaua,
370 1804 432 1844 non
454 1785 570 1845 habens
593 1786 642 1844 eui
663 1782 902 1864 praefereturl).
946 1782 1099 1862 Secunda,

199 1866 321 1945 ipetra
348 1865 421 1927 fidei
455 1867 631 1949 dignitatem
663 1865 829 1946 signifieat,
860 1866 919 1924 iam
953 1866 1010 1925 sibi
1040 1867 1099 1945 ipsi

199 1947 370 2009 entradicit
390 1951 420 2009 iu
445 1950 555 2010 eodem
578 1949 683 2026 verbo,
706 1949 893 2026 verbumque
915 1947 1026 2008 Christi
1048 1947 1099 2008 ad·
1192 1956 1200 1965 '

199 2030 316 2107 dierat,
338 2031 410 2092 fidei
433 2032 689 2112 significationem
711 2032 743 2090 in
765 2031 926 2111 potestatis
949 2029 1099 2110 significa·

199 2116 301 2174 ionem
324 2115 513 2191 subvertens,
537 2123 568 2176 et
589 2115 768 2194 spiritumin
792 2131 924 2190 earnem,
946 2113 1097 2173 Christum

199 2196 221 2255 d
245 2197 393 2256 mundum
416 2199 549 2257 trahens.
592 2198 662 2256 Non
685 2215 759 2276 ergo
781 2196 1024 2274 aethaeratieus,
1047 2199 1097 2276 qui

199 2287 278 2358 :egat
300 2280 362 2339 hoe
382 2281 574 2361 privilegium
598 2281 759 2340 Romanae
782 2278 949 2356 ecelesiae,
971 2278 1025 2339 sed
1046 2280 1099 2340 ille

199 2370 371 2440 epravater
392 2368 439 2423 est
460 2362 544 2423 verbi
564 2363 637 2436 Dei,
670 2364 721 2440 qui
749 2381 804 2440 per
825 2360 896 2421 fidei
918 2371 1034 2441 petram
1055 2363 1099 2422 in-

199 2445 295 2526 elligit
316 2446 508 2525 privilegium
530 2446 689 2525 potentiae
710 2444 898 2523 temporalis.

267 2527 359 2601 Quod
380 2537 481 2588 autem
511 2530 541 2587 in
575 2527 636 2587 tine
657 2527 853 2588 Ambrosium
875 2526 1014 2605 adducit,
1047 2527 1098 2606 qui

199 2629 216 2669 e
240 2618 370 2671 matrem
392 2611 592 2670 eeclesiarum
605 2610 812 2687 asseriteequi
833 2610 1014 2669 Romanam,
1037 2609 1099 2670 Uti-

199 2712 256 2752 iam
278 2701 311 2752 et
330 2695 399 2772 ipse
418 2693 499 2754 idem
523 2694 638 2752 faceret
658 2711 727 2752 eum
751 2691 932 2767 Ambrosio,
967 2692 1100 2752 eeclesia

199 2778 326 2836 tomana
350 2783 446 2835 mater
466 2783 534 2855 eet,
563 2774 702 2835 sednon
731 2776 866 2834 omnium
890 2775 1099 2838 eeclesiarum.

199 2858 261 2917 iam
286 2864 318 2918 et
344 2859 523 2937 metropolis
545 2858 700 2936 quaelibet
721 2866 769 2917 est
781 2865 878 2916 mater
890 2859 1099 2935 ecelesiarum,

199 2947 271 3001 uxta
302 2940 423 3000 Petrum
460 2949 583 3002 statuta.
632 2939 752 3000 Deinde
789 2940 930 3000 Romana
967 2941 1100 3000 ecelesia

199 3041 341 3102 nunquam
363 3023 464 3083 verbis
485 3023 595 3084 Christi
617 3025 673 3084 has
695 3023 898 3083 contumelias
920 3024 1001 3100 feeit,
1023 3040 1100 3118 quas

199 3125 263 3166 {aaa
285 3106 377 3185 palea
398 3108 486 3183 iacit,
520 3107 575 3165 sed
609 3127 663 3186 per
691 3117 807 3185 petram
830 3104 922 3164 fldem
945 3106 1099 3185 inteiligit,

199 3207 248 3250 ion
270 3189 441 3268 tyrannidis
463 3189 671 3250 ambitionem.

267 3271 403 3332 Octavus
428 3274 481 3348 (ut
501 3270 594 3332 finem
621 3273 768 3332 iaciamus
802 3271 909 3331 horum
938 3270 1099 3349 deploran-

199 3354 294 3416 torum
316 3356 514 3434 interpretum
536 3355 710 3434 Scriptum
745 3354 886 3429 divinae)
910 3362 958 3412 est
990 3354 1100 3412 iterum

199 3438 354 3498 inaaletus
366 3437 475 3497 adem
497 3437 599 3496 distin.
620 3457 646 3500 a.
668 3437 883 3498 &aromata
929 3434 998 3499 (Sia
1018 3436 1100 3495 enim

199 3541 280 3582 tusus
292 3528 350 3596 est,
371 3522 508 3598 quisquis
519 3521 609 3580 tuerit
631 3523 690 3580 iste
700 3520 936 3580 barbarissimua
953 3518 1101 3593 neurim,

199 3607 278 3665 itiam
301 3611 388 3664 tanto
410 3601 551 3664 Pontifici
580 3603 711 3663 tribuere
744 3611 860 3661 tantam
890 3611 922 3661 et
948 3602 1100 3662 insititiam

199 3697 218 3751 a
238 3690 444 3761 temeritaten,
465 3696 611 3763 quantam
632 3686 804 3746 videbimus
808 3704 835 3762 i:

199 3828 239 3935 v1)
259 3873 290 3920 11²
308 3870 352 3921 aa
367 3876 481 3936 pum:
496 3880 692 3943 mm.
