2709 4417
222 337 286 414 278
469 341 560 396 nasot
580 343 607 395 le
626 357 711 410 cuper
729 341 915 409 Propcaition.

224 523 388 608 Habel'(in
405 544 467 606 quo
489 525 546 588 albi
560 522 693 606 placet),
715 532 748 586 at
767 525 813 585 aio
825 524 951 586 tandem
972 522 1013 584 ad
1035 532 1054 586 'u

224 609 293 689 Hop
314 617 370 684 est
391 608 475 686 quod
497 609 562 669 vult
576 608 757 688 Apostolus,
779 606 863 687 quod
885 606 955 667 aula
975 607 1037 668 lida

224 691 360 770 ficemur,
382 710 445 752 non
461 691 614 772 operibus,
637 692 709 768 lieet
721 709 818 772 opera
826 692 890 752 ianr
909 689 1055 752 iustificat

227 777 413 836 omittamus.

307 874 347 935 Et
367 874 438 936 inde
461 875 551 934 latina
574 873 666 934 audet
686 872 798 945 dicere,
820 873 904 953 quod
914 874 968 934 lex
988 875 1055 933 luat«

227 964 274 1020 eat
294 958 411 1038 posita,
441 959 512 1037 quia
532 959 595 1017 iam
618 959 715 1016 iustus
737 976 776 1017 ex
797 955 859 1017 lide
887 966 952 1017 non
974 962 1045 1036 eget

227 1041 281 1102 aed
305 1059 359 1100 aua
382 1052 493 1120 sponte
516 1039 588 1100 lacit
610 1058 715 1120 opera.
758 1039 847 1100 Hunc
879 1036 1055 1118 loquendi«

227 1123 384 1203 talligendi
405 1123 529 1183 modurn
558 1125 588 1181 in
620 1121 765 1202 operibus
787 1124 848 1182 auia
870 1123 1038 1196 submersi,

227 1226 317 1286 quam
339 1205 514 1283 intelligunt
534 1205 699 1285 sophistae
727 1205 911 1266 huiuamodi.
956 1205 1035 1266 Naro

226 1291 356 1351 Roman.
378 1291 407 1352 2.
430 1288 518 1349 dicit:
551 1287 622 1348 Non
643 1287 799 1348 auditores
822 1288 909 1368 legia,
934 1288 989 1348 aed
1011 1287 1055 1347 iar

226 1374 303 1454 legia
324 1370 575 1448 instillabantur,
600 1370 742 1448 loquitur,
765 1369 846 1449 quod
871 1377 1052 1450 reputantur

228 1475 290 1516 non
314 1453 395 1534 quod
417 1473 472 1535 per
484 1473 579 1533 opera
590 1452 801 1531 iustificentur,
823 1459 916 1532 atqua
932 1453 1054 1513 sacerel

228 1545 275 1598 eat
296 1537 425 1619 implere
445 1536 564 1616 legem,
591 1535 681 1615 'quod
713 1542 760 1596 eat
781 1530 906 1596 credere
927 1538 959 1596 in
983 1536 1054 1597 Chn'

310 1653 400 1729 Quod
433 1661 536 1715 autern
557 1651 668 1714 Jacobi
697 1652 832 1733 apostoli
853 1652 1025 1714 inducitur:

228 1739 294 1798 aine
316 1736 459 1816 operibus
488 1742 696 1814 mortuaest,
725 1737 854 1815 primum
877 1737 967 1798 stilus
995 1738 1055 1816 epis

227 1819 424 1899 illina'longe
448 1825 495 1879 cat
514 1819 593 1878 inira
621 1818 822 1898 apostolicam
854 1821 1048 1880 maiestatem

229 1922 295 1962 cum
319 1901 446 1962 Paulino
470 1900 650 1961 ullomodo
674 1901 910 1980 comparandus.
955 1901 1055 1962 D'eiud

228 1984 289 2046 lide
310 1986 381 2045 viva
403 1985 537 2063 loquitur
558 1982 681 2044 Paulus.
724 1983 803 2043 Nam
826 1982 903 2044 fidas
940 1991 1055 2045 mortua

229 2074 276 2128 eat
296 2067 383 2143 fides,
407 2066 460 2128 aed
473 2067 591 2145 opinio.
613 2067 656 2126 At
672 2065 743 2126 vide
762 2065 940 2146 dreulogoa,
963 2067 1045 2126 hanc

229 2152 423 2211 autoritatem
446 2149 600 2210 mordicus
623 2156 739 2226 tenent,
760 2149 835 2208 nihil
857 2167 1055 2229 prorauacnrt

229 2233 310 2313 quod
333 2239 398 2293 tota
421 2232 482 2294 alia
503 2232 661 2313 Scriptura
683 2231 775 2291 fldem
809 2232 876 2292 aine
898 2231 1045 2312 operibus

229 2316 361 2377 mandat.
404 2314 461 2374 Hic
485 2316 565 2374 enim
585 2334 652 2375 mos
676 2333 782 2374 eornm
816 2319 879 2392 eat,
918 2332 980 2374 una
1021 2313 1055 2375 ah

229 2397 419 2459 oratiuncula
440 2404 542 2458 textus
565 2404 673 2457 contra
694 2403 790 2458 tcum
813 2396 1010 2477 scripturam
1033 2415 1055 2458 c

229 2500 356 2562 engere.
660 2504 662 2509 ⁴

316 2597 481 2660 Debebant
507 2615 581 2677 ergo
602 2596 647 2675 hi,
685 2597 737 2676 qui
770 2594 858 2657 titulo
889 2595 1055 2676 theologia·

229 2680 355 2757 llantur,
391 2681 509 2741 discere
530 2681 678 2760 primum,
699 2678 769 2759 quid
793 2686 876 2740 esset
896 2679 974 2739 fides
999 2685 1030 2738 et
1053 2710 1055 2727 ι

198 2761 201 2765 ’
229 2765 314 2823 iuxta
336 2763 526 2844 Scripturas,
560 2780 680 2822 acuon
707 2780 782 2822 mox
803 2760 966 2836 damnare,
1001 2761 1052 2840 qui

229 2852 336 2907 contra
357 2866 428 2906 anas
441 2846 607 2927 opiniones
623 2847 809 2906 inveteratae
820 2843 1035 2904 offendissent.

230 2931 255 2988 ci
276 2929 408 3008 populus
431 2929 478 2989 hia
492 2928 680 3010 offenditur,
717 2929 780 2988 suis
801 2927 954 3006 imputent
974 2926 1055 2986 infeli

229 3011 354 3087 studiis,
391 3011 473 3091 quod
503 3011 650 3091 populum
672 3029 736 3071 non
767 3010 939 3070 docuerunt
974 3009 1055 3070 intel

230 3093 323 3154 verba
344 3095 402 3154 Dei
425 3101 456 3155 et
475 3100 581 3174 tropos
595 3093 770 3174 scripturae
790 3094 984 3152 necessarios
1008 3091 1046 3151 ad

229 3182 300 3236 tem.
348 3177 409 3257 lpai
442 3183 565 3237 autores
601 3185 672 3237 sunt
710 3175 927 3236 scandalorum
963 3175 1054 3234 huius¹

230 3259 326 3319 Multo
349 3260 485 3340 periculo
507 3258 724 3339 praedicantur
746 3276 842 3338 opera
862 3261 937 3338 praa
952 3256 1037 3317 ude:

230 3347 333 3402 autern
355 3343 421 3402 aine
439 3348 533 3422 oper'c
555 3342 639 3403 nullo
661 3341 798 3424 periculo
819 3341 1031 3421 praedicatur,

169 3490 172 3497 ‚
230 3431 315 3486 terea
337 3424 419 3504 quod
441 3425 538 3484 facilis
562 3434 609 3484 eat
631 3433 662 3486 at
682 3425 828 3506 proclivia
849 3423 984 3504 populus
1013 3425 1045 3483 in

231 3508 309 3568 ciam
338 3526 481 3588 operum,
515 3513 546 3568 et
568 3527 663 3588 opera
694 3508 785 3569 facile
816 3505 1046 3587 praeponderat

229 3590 289 3652 Ubi
320 3598 421 3672 autem
456 3609 531 3670 pura
562 3590 638 3652 fides
660 3597 746 3652 recta
768 3589 913 3664 docetur,
943 3595 1055 3670 opunte

230 3677 263 3735 et
283 3674 348 3734 sine
369 3673 506 3756 periculo
526 3675 652 3735 venient
664 3688 774 3756 opera,
796 3671 868 3733 dum
890 3671 1055 3749 didicerint

221 3759 324 3822 iorem
348 3761 423 3841 vim,
444 3760 510 3821 imo
532 3763 646 3836 totana
662 3758 701 3816 in
716 3755 783 3815 lude
794 3756 947 3832 poa'ntarn„
962 3773 1044 3828 unae

173 3871 175 3874 ’
216 3864 330 3930 opera.
