2709 4417
269 351 333 418 368
519 353 613 410 llasol.
633 354 661 408 L.
681 369 764 423 super
781 355 983 424 Propositione

271 542 436 602 autoritate
458 540 647 620 scripturae,
669 540 701 601 id
723 550 785 618 est,
807 539 1004 601 mendaciter
1024 539 1123 600 facere
1141 558 1179 601 co

312 644 337 701 r,
359 630 488 703 parcant
503 623 535 685 H.
557 623 747 704 Hieronymo
770 624 863 683 tantis
885 622 1049 688 autoribus
1070 625 1177 685 munito.
1217 688 1218 699 ,

296 706 446 766 roclamat
466 706 519 765 illa
540 705 635 786 longe
650 706 873 786 impudentius,
897 709 1069 785 episcopos
1089 714 1178 786 poten·

271 789 314 848 tia
335 787 507 849 divitiarum
531 795 561 848 et
577 789 749 849 humilitate
761 791 955 867 paupertatis
975 790 1108 849 invicem
1123 809 1176 851 esse

272 872 322 930 vel
344 871 538 931 sublimiores
566 871 616 931 vel
636 872 807 934 inferiores.
852 871 923 950 Ego
946 890 1100 932 consensu
1119 872 1175 933 fide·

271 953 345 1013 lium
368 960 400 1014 ct
419 953 551 1013 decretis
572 953 730 1014 hominum
752 953 782 1013 id
805 960 924 1016 astruo.
947 954 1012 1015 Cur
1032 973 1091 1014 non
1111 953 1174 1015 hunc

272 1037 507 1113 irreverentem,
536 1035 764 1115 blasphemum,
787 1035 991 1112 seditiosum,
1014 1035 1060 1097 bis
1081 1039 1173 1116 septies

272 1118 455 1179 comburunt
481 1119 654 1178 haereticae
682 1120 841 1199 pravitatis
863 1121 1043 1198 pravissimi
1071 1121 1173 1198 inquiri

272 1201 377 1261 tores?
413 1201 521 1261 Sinant
549 1219 598 1260 me
626 1219 695 1260 cum
716 1201 909 1280 Hieronymo
933 1203 1056 1262 interim
1076 1221 1172 1282 sapere,

273 1285 376 1343 sinant
403 1303 471 1343 cum
501 1282 615 1358 Panlo,
644 1283 752 1359 Petro,
785 1284 942 1363 Iohanne,
966 1285 1051 1344 Luca
1070 1287 1171 1349 sentire.

272 1364 305 1427 Bi
326 1365 387 1425 hoc
409 1385 471 1425 non
496 1374 544 1424 est
565 1368 652 1441 satis,
681 1385 757 1446 age,
772 1366 965 1427 'comburant
987 1386 1044 1427 sna
1063 1368 1173 1428 Decreta

272 1449 413 1530 primum.
456 1448 534 1507 Nam
566 1447 644 1507 haec
673 1449 806 1528 epistola
825 1451 974 1510 recitatur
993 1453 1026 1510 in
1048 1451 1174 1528 Decretis,

273 1529 342 1592 dist.
367 1533 415 1594 93.
438 1549 465 1590 c.
488 1530 633 1610 legimus,
662 1532 787 1610 legitur,
815 1531 953 1609 auditur,
977 1532 1116 1607 docetur,
1135 1553 1173 1613 ap·

271 1615 420 1693 probatur
451 1613 529 1672 haec
561 1613 600 1674 ab
632 1615 780 1673 universis
817 1615 848 1673 in
877 1615 1013 1675 ecclesia
1044 1616 1174 1676 Romana.

273 1695 335 1756 Gur
362 1715 421 1775 ego
450 1714 529 1754 unus
559 1696 726 1774 prohibeor
755 1696 856 1757 dicere
885 1704 918 1758 et
947 1700 1078 1775 sentire,
1108 1699 1173 1777 quod

271 1779 395 1857 ipsimet
416 1798 524 1839 omnes
548 1778 661 1856 dicunt,
685 1780 827 1857 sentiunt,
847 1780 1019 1860 iubeatque
1040 1780 1161 1841 sentire?

354 1861 559 1941 Hieronymus
582 1880 645 1920 non
669 1860 763 1922 modo
785 1863 952 1943 episcopos
981 1871 1095 1942 aequat
1112 1866 1176 1924 inter

273 1962 317 2022 se,
340 1944 394 2004 sed
417 1951 448 2004 et
471 1942 668 2023 presbyteros
690 1946 844 2024 episcopis
867 1953 1043 2026 comparat,
1063 1946 1175 2006 alterum

275 2028 401 2102 aetatis,
434 2026 562 2086 alterum
595 2024 688 2087 officii
721 2046 833 2087 nomen
858 2047 940 2088 esse
973 2031 1176 2108 pronuncians.

275 2108 358 2188 Hgo'
376 2109 468 2188 longe
496 2110 687 2169 reverentius
714 2109 834 2170 locutus
863 2111 938 2171 nihil
960 2119 1052 2191 peto,
1082 2112 1137 2173 nisi
1154 2121 1178 2170 ut
1217 2184 1218 2193 χ

274 2199 382 2251 contra
403 2191 483 2250 hanc
506 2192 664 2251 veritatem
687 2211 749 2252 non
772 2211 867 2273 cogar
879 2194 1052 2274 Scripturas
1075 2204 1105 2255 et
1125 2214 1176 2254 var·

274 2273 345 2333 bum
368 2273 425 2332 Dci
453 2272 591 2336 illudere.
637 2273 683 2334 Sit
704 2275 862 2335 Romanus
884 2277 1026 2356 pontifex
1048 2276 1177 2357 quidquid

274 2356 423 2434 voluerit,
459 2357 552 2417 modo
576 2358 740 2417 autoritate
762 2357 938 2438 Scripturas
958 2360 990 2419 id
1014 2379 1076 2421 non
1098 2369 1178 2421 astru

274 2445 343 2516 ant,
371 2439 425 2499 sed
456 2447 487 2499 et
508 2439 680 2519 Scripturas
710 2459 816 2501 eorum
839 2444 943 2502 sensui
964 2445 1063 2523 aptari
1085 2445 1179 2524 patiar,

252 2518 368 2583 ‘'modo
405 2541 446 2582 ne
472 2522 554 2582 hunc
582 2540 651 2582 esse
680 2543 858 2603 germanum
888 2531 920 2585 et
946 2526 1046 2586 solum
1070 2545 1184 2601 sensum¹

275 2605 473 2666 contendant.
517 2605 571 2666 Sat
599 2623 673 2684 argo
703 2614 764 2683 est,
795 2606 880 2684 quod
909 2608 1112 2688 frigidissimis
1132 2609 1201 2673 De.

275 2691 366 2748 cretis
389 2691 537 2768 primatus
559 2691 714 2768 asseritur,
736 2691 787 2767 qui
805 2690 1037 2750 ferventissimis
1049 2693 1106 2752 Dei
1126 2711 1179 2752 ver·

274 2770 321 2831 bis
344 2779 481 2852 negatur.
504 2770 563 2831 Sed
587 2771 746 2831 audiamus
768 2774 876 2832 iterum
899 2773 1042 2853 eundem,
1063 2776 1094 2835 in
1111 2794 1180 2835 com·

276 2857 425 2915 mentario
448 2873 539 2933 super
560 2854 732 2933 Epistulam
754 2856 793 2915 ad
816 2856 928 2919 Titum.

244 3037 246 3042 ·
280 3015 334 3100 [D.
355 3019 560 3098 Hieronymus
590 3020 621 3079 in
649 3021 876 3186 copmeptariis
898 3021 1060 3102 Hpistolae
1082 3023 1120 3084 ad
1142 3023 1180 3083 li·

700 3123 760 3168 um.

358 3266 441 3327 ldem
465 3274 513 3327 est
535 3286 609 3346 ergo
631 3268 794 3349 presbyter
815 3271 866 3348 qui
889 3272 1070 3352 episcopus,
1093 3280 1123 3332 et
1141 3292 1178 3331 an·

275 3355 398 3427 tequam
421 3349 536 3421 diaboli
557 3351 703 3411 instinctu
726 3353 827 3412 studia
848 3353 879 3412 iu
901 3354 1055 3434 religione
1076 3353 1180 3430 fierent,

274 3439 306 3492 ct
327 3432 479 3492 diceretur
501 3434 532 3492 in
546 3433 682 3512 populis:
705 3435 773 3515 Ego
796 3454 862 3494 sum
874 3436 971 3513 Pauli,
993 3456 1055 3517 ego
1069 3437 1180 3516 Apollo,

275 3533 334 3594 ego
358 3523 459 3575 autem
482 3515 602 3595 Cephe,
636 3520 791 3577 communi
821 3519 1071 3598 presbyterorum
1095 3520 1179 3579 consi-

273 3597 315 3657 lio
339 3597 491 3658 ecclesiae
512 3598 769 3678 gubernabantur.
812 3600 978 3680 Postquam
1009 3621 1083 3662 vero
1106 3620 1179 3661 unus-

273 3680 404 3759 quisque
426 3699 497 3757 eos,
532 3700 608 3760 quos
637 3681 819 3762 baptisarat,
856 3702 928 3744 suos
960 3703 1030 3744 essa
1058 3684 1179 3765 putabat

268 3781 335 3827 non
358 3761 485 3848 Christi,
504 3765 539 3827 in
559 3770 628 3826 tuto
652 3765 731 3824 orbe
751 3764 910 3823 decretum
931 3771 995 3838 est,
1006 3773 1049 3822 ut
1061 3785 1141 3822 anas
1154 3765 1188 3820 da

260 3850 465 3940 presbyteris
492 3851 617 3915 electus
639 3848 929 3926 superponeretur,
945 3841 992 3898 ab
1009 3858 1109 3916 suern
1125 3841 1213 3896 omma
