2709 4417
234 307 300 409 ΙΜ)
354 366 358 371 ’
444 344 610 412 ,Βὶεριιιιιίο
631 342 975 412 inportunissimum

341 428 354 460 Ι

237 549 320 611 μ,
342 529 574 610 qood-impium
594 529 634 589 sit
654 549 674 590 u
689 501 756 589 Deo
778 547 904 608 sperare
922 529 1079 589 dimidiam
1098 551 1120 591 vr

237 616 334 675 uiorn:
363 631 438 694 ergo
462 619 564 692 quoad
586 631 729 692 poenam.
752 610 890 673 Admitto
913 619 1023 691 totum,
1046 633 1120 674 seoun

237 695 308 758 dum
330 695 496 776 proedicto.
588 708 592 713 ·
776 710 778 720 ·

320 781 381 840 lum
409 778 464 839 illo
493 778 640 838 autoritas
668 777 762 859 Greg.
792 780 822 840 4.
855 774 948 839 Mon:
982 778 1044 838 Ant
1070 781 1120 839 enir

238 881 296 922 nos
316 861 377 922 hoo
398 860 501 922 flendo
524 862 720 940 insequimur,
741 869 794 921 sut
808 863 878 941 ipse
898 860 1120 940 iudicand03vi

235 944 318 1007 eliud
340 944 441 1024 aptius
453 962 509 1024 pro
524 963 573 1004 me
587 943 699 1004 edduoi
715 945 826 1022 potuit.
870 944 1016 1005 Similiter
1037 944 1120 1006 etilln

235 1027 340 1090 Hiero.
362 1026 608 1105 GRMensurum,
631 1026 778 1106 admitto,
809 1025 895 1105 quod
917 1032 1022 1088 tumen
1044 1027 1120 1089 Hiero

237 1112 321 1192 nymi
344 1129 413 1171 esse
434 1109 552 1171 dubito.
897 1136 903 1148 ν
1060 1126 1062 1130 ·

253 1198 260 1211 ‘
320 1193 459 1254 Admitto
481 1199 597 1268 totum,
620 1191 704 1270 quod
729 1210 866 1252 oenones
889 1209 952 1252 non
977 1193 1049 1252 sutis
1067 1212 1120 1272 pror

241 1276 356 1356 figunt,
380 1275 451 1336 ideo
473 1275 614 1353 relinquo
637 1274 763 1335 arbitrio
787 1274 971 1336 sucerdotis.
1013 1274 1120 1336 Addoe

238 1378 298 1439 ego
321 1358 419 1418 multo
440 1359 538 1438 magis
561 1358 686 1418 arbitrio
708 1358 783 1439 Dei,
816 1358 867 1436 qui
897 1358 984 1418 solus
1014 1366 1058 1417 est
1076 1377 1120 1437 pon

238 1443 365 1584 populor
401 1442 576 1521 spirituum,
609 1448 641 1500 et
662 1460 725 1501 non
753 1424 878 1520 ignatius
906 1460 1009 1519 neque
1035 1441 1120 1518 iniquo

251 1545 270 1584 u
293 1526 364 1585 ient.
440 1555 443 1561 1

322 1605 428 1667 Plooet
457 1613 489 1666 et
515 1606 571 1665 ille
606 1606 755 1666 autoritas
782 1605 947 1685 Augustini
975 1625 1001 1666 o.
1039 1605 1120 1665 nullus

245 1691 291 1751 lte
311 1690 485 1769 impartitur
505 1689 603 1748 nDeo
627 1689 754 1768 largitas
776 1689 1021 1766 miserirordiae,
1041 1696 1072 1748 ut
1087 1707 1118 1749 no

237 1773 428 1851 relinquatur
448 1773 581 1832 iustitiae
601 1771 774 1851 discipline.
822 1772 930 1832 Potest
952 1791 1009 1851 pro
1030 1791 1091 1847 me,
1112 1791 1120 1831 ε

239 1875 295 1936 pro
318 1855 355 1916 D.
376 1855 414 1917 D.
436 1855 551 1934 volere,
575 1862 707 1916 transeo.

321 1938 361 1998 ut
382 1936 515 2001 Isidorus
544 1937 684 2015 quamvis
712 1938 870 1998 nonsatis
893 1938 996 2016 gravis
1018 1937 1119 1996 autori

238 2021 286 2080 his
306 2020 414 2098 rebus,
436 2020 539 2100 plaoet
559 2027 679 2098 temen,
709 2019 791 2098 quod
813 2021 1001 2099 poenitentis
1024 2019 1120 2079 sasso

239 2105 355 2164 tionem
370 2106 495 2164 ‘tentum
529 2102 634 2162 divino
657 2104 780 2182 pensari
815 2101 929 2163 iudioio
959 2101 1061 2179 dietat,
1089 2121 1119 2161 no

238 2186 384 2248 humano.
426 2186 513 2266 Ergo
533 2186 628 2245 multo
650 2187 752 2245 minus
764 2187 877 2245 remitti
899 2193 1003 2266 potest
1023 2186 1119 2244 humen

238 2269 369 2348 iudioio,
402 2288 470 2330 oum
505 2269 600 2328 elevis
621 2271 784 2349 potestatis
807 2287 869 2329 non
893 2268 1006 2329 debeat
1027 2287 1120 2348 operm

245 2353 304 2412 nisi
324 2355 407 2432 prior
429 2353 469 2412 sit
490 2353 584 2411 clavis
606 2353 770 2430 scientiae,
807 2371 886 2430 quoe
908 2354 1001 2429 soiet,
1034 2350 1120 2430 quid(

238 2442 385 2515 quantum
406 2434 517 2495 solvet.

321 2518 413 2597 Apud
434 2519 533 2578 Deum
555 2517 785 2596 productiorem
820 2537 888 2577 esse
910 2535 1044 2596 poenam
1064 2535 1119 2594 quur

239 2601 361 2681 oulpem
388 2620 427 2660 ex
440 2600 616 2681 Augustino
638 2600 789 2677 concedo,
813 2600 1025 2660 salvatamen
1046 2605 1119 2658 autor

170 2685 172 2689 ’
238 2689 301 2744 tote
322 2683 408 2743 Pauli
430 2684 559 2744 Roman.
582 2686 612 2745 7.
634 2683 776 2744 dicentis:
809 2684 878 2742 Non
896 2684 1023 2743 invenio
1044 2684 1120 2740 inm

238 2767 300 2827 hou
320 2775 377 2844 est,
399 2768 430 2826 in
442 2786 535 2827 oerne
555 2785 634 2844 men,
657 2765 781 2827 bonum.
826 2767 918 2826 Cuius
930 2767 1079 2826 sententio
1092 2783 1117 2823 es

238 2869 372 2930 poenum
394 2857 427 2910 et
446 2857 606 2930 peoootum
630 2849 721 2909 simul
742 2849 831 2909 finiri.

320 2933 406 2993 Haeo
428 2932 466 2993 de
479 2935 577 3012 prima
590 2932 805 2996 Gonolusiune.
828 2967 831 2973 ·
850 2930 912 2991 Sed
934 2939 1044 2991 eontra
1063 2929 1120 2989 sliu

238 3015 327 3095 dioit,
361 3034 431 3076 esse
453 3015 702 3077 manifestissime
739 3016 846 3076 falsum
874 3021 905 3074 et
925 3022 1048 3094 praeter
1066 3032 1120 3072 usui

161 3146 163 3148 -
240 3101 335 3160 totius
356 3099 523 3177 eoelesite,
554 3097 637 3177 quod
665 3099 793 3176 quilibet
821 3098 967 3158 sacerdos
991 3095 1120 3157 debetol

237 3182 359 3243 solvere
393 3203 413 3242 a
433 3202 537 3262 poeno
567 3189 598 3242 et
630 3181 722 3261 eulpa
753 3182 974 3262 poenitentem.
1027 3181 1066 3239 Et
1090 3179 1120 3236 ho

239 3265 350 3345 probat
371 3267 471 3345 primo
495 3286 534 3326 ex
550 3264 650 3342 dietis,
673 3264 703 3324 id
722 3273 778 3343 est,
802 3285 842 3325 ex
863 3264 970 3323 nihilo.
1014 3259 1120 3323 Seourni

237 3367 294 3428 per
311 3350 582 3428 rationem,‚quio
613 3356 838 3408 sacromentum
872 3349 1079 3426 poenitentioe
1109 3361 1120 3402 s

238 3431 392 3511 quoddam
428 3432 584 3507 iudiciale,
618 3440 649 3491 et
675 3431 714 3491 ad
746 3431 890 3491 iudicium
912 3429 1069 3490 ferendum
1087 3447 1119 3508 pe

238 3516 315 3575 tinet
336 3516 513 3576 iurisdietio.
557 3514 800 3576 Iurisdiotionem
823 3521 925 3573 eutem
949 3533 1019 3573 esse
1041 3517 1120 3572 court

238 3606 300 3658 tam
324 3601 354 3659 in
376 3599 570 3661 inferioribus
594 3597 743 3657 Praelatis
765 3598 804 3658 od
828 3597 998 3657 tollendam
1023 3595 1119 3656 eonius

237 3699 338 3762 onem,
363 3688 424 3743 tam
437 3685 469 3742 in
479 3681 680 3763 pendentibus
693 3701 786 3759 quem
802 3683 835 3739 in
849 3681 998 3773 peoontis,
1019 3675 1120 3740 seound

224 3767 260 3826 in
282 3763 535 3832 detestationem
557 3764 737 3840 eriminum,
756 3760 1020 3836 elioupiqmlluet
1034 3761 1120 3814 emm

216 3854 378 3917 saeerdos
405 3861 501 3920 esset
524 3852 726 3934 episeopus,
758 3841 1024 3915 tremendum*
1045 3842 1120 3904 &u
