2709 4417
312 412 317 423 ·
375 331 507 388 adversm
526 337 729 391 criminationes
748 335 886 391 Johannis
905 337 1160 401 Eccii.17-

311 525 346 595 7)
368 520 476 600 Neque
498 521 570 601 quid
591 521 678 602 fldes,
701 544 801 622 neque
825 526 896 605 quid
916 491 1069 603 contritio,
1092 545 1142 587 ne·

240 622 289 699 que
308 603 376 682 quid
405 603 535 664 liberum
557 570 714 667 arbitrium
735 609 789 686 sit,
818 609 953 669 ostendit
981 628 1014 668 sc
1037 627 1140 705 nosse,

240 687 280 764 qui
300 685 424 745 liberum
448 687 601 748 arbitrium
624 697 765 768 actuum,
793 693 858 751 sive
879 691 1045 763 bonorum,
1075 693 1140 752 sive

239 767 380 847 malorum,
403 768 561 830 dominum
583 790 651 831 csse
673 772 810 851 balbutit
832 781 968 835 autnon
990 774 1058 833 sola
1080 771 1141 834 fide

171 887 173 925 ‚
236 849 308 911 verbi
329 869 419 930 qum
442 851 613 930 iustificari,
640 862 693 915 out
714 854 806 916 fidem
830 876 893 917 non
915 855 981 917 tolli
1003 855 1142 936 quolibet

171 983 172 995 ,
233 934 347 995 crimine
366 936 511 997 somniat.

303 1014 495 1099 )Verrtat1
528 1020 559 1078 st
585 1019 696 1079 rationi
720 1020 904 1081 contrarium
933 1027 980 1080 est
1006 984 1141 1098 quidem,

228 1099 314 1159 invite
338 1100 506 1161 morientes
527 1099 695 1162 deiicere
687 1122 717 1162 ru
740 1104 881 1178 caritate,
914 1102 1047 1181 ideoque
1075 1105 1138 1181 pati

226 1181 377 1243 horrorem
389 1184 567 1262 purgatorii,
589 1184 682 1245 modo
696 1180 809 1246 veritas
831 1189 863 1245 et
883 1187 961 1247 ratio
984 1185 1138 1262 nitidem,

224 1263 301 1342 quod
325 1265 431 1344 opinio
454 1265 719 1361 theologistarum.

299 1350 337 1420 9)
363 1347 523 1419 Animas
516 1368 545 1407 rn
568 1350 745 1429 purgatorio
769 1368 837 1409 esse
859 1355 957 1408 certas
979 1349 1018 1409 de
1040 1349 1138 1410 salute

219 1449 288 1506 sua,
325 1449 385 1489 nec
405 1431 535 1510 gratiam
563 1433 593 1490 in
617 1433 661 1492 eis
683 1431 806 1511 augeri,
842 1433 955 1491 scimus
979 1452 997 1491 a
1020 1432 1137 1492 theolo-

218 1513 303 1590 gistis
325 1515 439 1590 asseri,
467 1512 521 1573 sed
546 1515 688 1573 miramur
709 1513 905 1574 doctissimos
927 1514 1028 1590 viros,
1055 1514 1136 1592 quod

218 1593 308 1653 huius
329 1594 402 1656 fidei
425 1614 499 1655 suae
522 1596 670 1656 rationem
694 1615 751 1657 nec
773 1597 924 1671 stultae¹)
942 1598 1136 1657 verisirnilerrr

216 1675 346 1737 reddere
368 1684 508 1756 possunt.

305 1763 361 1833 10)
386 1760 525 1821 Meritum
548 1760 659 1821 Christi
687 1780 756 1821 ease
778 1761 952 1821 thesaurum
976 1761 1136 1832 ecclesiae,

216 1847 247 1900 et
269 1849 446 1904 sanctorum
469 1844 583 1903 meritis
604 1844 719 1921 iuvari,
752 1850 865 1903 certum
884 1850 940 1905 est.
982 1843 1060 1903 Esse
1085 1863 1136 1902 au·

215 1930 277 1984 tem
318 1925 492 1986 thesaurum
523 1926 780 2006 indulgentiarum
808 1944 900 1985 nemo
934 1926 1041 1985 nisif
1027 1925 1135 1985 foedus

215 2006 368 2085 adulator,
390 2008 667 2089 extravagantes²l
693 2009 859 2069 averitate
881 2014 913 2068 et
933 2007 1022 2068 fictae
1045 2026 1134 2086 quaa

216 2089 287 2150 dam
309 2090 462 2166 ecelesiae
483 2111 595 2170 praxea
617 2099 671 2151 aut
692 2111 763 2151 usus
781 2090 934 2151 simulant.

302 2171 357 2254 lt)
382 2172 505 2245 Dicere,
518 2173 803 2269 indulgentiascsse
824 2172 936 2234 bonum
948 2172 1134 2250 Christiano,

216 2257 292 2315 est
283 2257 428 2332 insanire,
450 2264 520 2315 suut
542 2258 623 2316 euim
637 2257 796 2317 verissime
812 2257 913 2335 operis
929 2255 1000 2316 boui
1017 2257 1133 2332 vitium,
1151 2292 1154 2298 -

217 2346 248 2398 et
282 2338 458 2418 improbare
490 2338 696 2419 indulgentias
732 2339 824 2400 debet
855 2338 1060 2409 Christianus,
1094 2338 1135 2399 ob

219 2420 356 2499 abusum,
378 2422 451 2499 quia
472 2421 622 2482 Dominus
642 2421 725 2499 dicit,
747 2421 875 2501 Propter
896 2440 946 2481 me
968 2420 1057 2481 deleo
1080 2422 1136 2480 ini·

220 2504 349 2582 quitates
372 2514 450 2580 tuas,
472 2523 536 2564 non
558 2514 684 2585 propter
705 2504 859 2584 pecunias.

299 2589 355 2661 12)
385 2587 505 2666 ‚Papam
540 2606 633 2667 posse
659 2589 814 2647 remittere
847 2605 969 2645 omnem
1002 2604 1134 2664 poenam

221 2688 274 2749 pro
302 2670 440 2748 peccatis
469 2668 602 2731 debitam
632 2670 722 2729 huius
758 2676 789 2728 et
820 2669 940 2729 futurae
972 2669 1070 2745 vitae,
1105 2675 1136 2728 et

222 2752 297 2830 quod
321 2751 531 2831 indulgentiae
554 2753 673 2832 prosint
695 2770 756 2812 non
778 2752 959 2824 criminosis,
981 2752 1136 2811 somniant

223 2853 323 2895 secure
346 2834 551 2895 indoctissimi
572 2835 747 2914 sophistae,
782 2841 813 2894 et
841 2833 977 2912 pestiferi
998 2833 1134 2894 adulato-

224 2935 274 2994 res,
296 2937 359 2977 non
380 2926 483 2977 tamen
505 2917 554 2979 vel
580 2926 653 2978 nutu
674 2923 806 2996 prossunt
793 2916 999 2977 tostendere

299 2998 356 3081 13)
386 3000 562 3061 Romanam
591 3000 752 3060 ecclesiam
791 3018 860 3058 esse
894 2997 1034 3058 omnibus
1066 2997 1134 3058 aliis

225 3084 421 3161 superiorem,
449 3083 595 3162 probatur
617 3102 656 3142 cx
677 3081 878 3161 frigidissimis
901 3081 989 3141 Rom.
1014 3082 1133 3160 pontill-

226 3182 283 3223 cum
305 3165 447 3239 decretis,
469 3165 551 3225 intra
567 3164 807 3244 quadringentos
829 3181 927 3224 annos
949 3164 1039 3241 natis,
1062 3181 1134 3223 con·

226 3252 264 3307 tra
283 3266 361 3326 quae
382 3254 455 3306 sunt
475 3247 621 3327 historiae
642 3247 831 3327 approbatae
854 3246 937 3306 mille
960 3253 990 3305 et
1010 3253 1132 3305 centuni

225 3349 379 3408 annorum,
413 3337 517 3390 textus
549 3331 718 3409 scripturae
750 3330 949 3407 divinac,⁷et
977 3328 1136 3388 decretum

225 3410 321 3473 Niceni
344 3412 488 3493 Consilii,
503 3414 638 3505 omnium
660 3413 867 3473 sacratissimi.

298 3617 424 3625 -..οι-,σ-

286 3716 316 3777 1)
339 3716 368 3766 ln
388 3713 429 3766 ed.
451 3714 531 3781 Prop.
549 3713 629 3765 huth.
649 3728 674 3764 a.
695 3710 778 3766 1538:
799 3709 895 3763 stulto.

285 3784 317 3852 2)
338 3782 368 3837 ln
389 3782 532 3867 ed.'Prop.
554 3784 630 3837 luth.
651 3798 674 3835 a.
695 3782 779 3838 1558:
799 3781 1030 3869 Extraragantes.

233 3965 321 4004 ruam
332 3977 384 4015 opp.
402 3968 427 4009 ν.
440 3967 469 4006 Α.
484 3968 515 4008 ια
527 3969 570 4009 ser.
585 3969 638 4010 urar.
656 3972 671 4012 ι.
686 3981 710 4022 p.
726 3970 777 4014 vor.
792 3970 833 4012 ru.
951 3946 976 4015 ‘t
