2709 4417
388 339 529 409 par-sudus
546 341 656 394 animus
674 340 711 394 sd
730 345 857 397 mortam.
1034 339 1097 406 465

182 526 289 586 Merito
310 526 403 605 igitur
423 524 477 584 ilie
489 525 588 585 Deum
609 525 725 585 amabit
746 531 778 586 et
800 526 996 606 praedicabit,
1020 547 1097 590 mor-

182 616 239 667 tem
269 612 379 670 merito
411 626 479 667 cunr
512 625 624 687 magua
650 609 744 668 animi
773 608 891 670 laetitia
923 611 1035 671 subibit
1061 613 1097 687 is,

182 692 227 750 sui
249 710 306 771 per
326 691 454 770 gratiam
468 691 525 750 Dei
547 698 667 770 tempus
690 697 737 750 est
758 690 872 768 datum,
896 711 957 773 quo
980 700 1011 753 et
1028 712 1097 773 peo-

182 781 248 832 sata
269 793 326 833 sua
348 771 496 849 confiteri,
518 779 549 832 et
570 772 795 833 absolutionem
818 775 933 852 audire,
954 776 1029 835 item
1051 795 1098 835 sa-

182 862 368 916 cramentum
396 855 500 915 altaris
530 874 651 915 sumere
673 857 781 935 possit.
825 856 932 918 Certus
955 859 1036 918 euim
1059 858 1098 919 de

182 957 234 997 sua
254 938 356 999 salute
377 944 440 1010 est,
469 938 520 1015 qui
542 956 667 997 securus
688 939 783 999 verbo
805 939 878 1016 Dei,
900 940 982 1020 quod
1004 941 1098 1017 audit,

182 1022 336 1099 inuititur,
359 1028 391 1081 et
411 1019 501 1080 fidem
526 1039 611 1080 suam
636 1023 835 1082 sacramentis
858 1023 955 1082 munit
976 1030 1007 1083 et
1028 1042 1099 1084 con-

182 1102 287 1166 irmat.
327 1124 328 1128 ’

262 1189 295 1245 ln
328 1186 529 1247 sacramentis
563 1186 644 1244 enim
680 1191 779 1245 tecum
816 1186 966 1266 loquitur,
998 1194 1097 1247 tecum

182 1270 243 1348 agit
265 1268 402 1328 Christus
425 1268 574 1327 Dominus
603 1267 686 1327 Deus
714 1275 783 1328 tuus
815 1288 870 1348 per
896 1269 1098 1330 sacerdotem.

182 1351 286 1429 deque
317 1350 508 1410 sentiendum
538 1356 601 1426 est,
636 1349 718 1428 quod
755 1351 803 1410 vel
832 1371 910 1431 opus
942 1351 1017 1412 iliud
1049 1353 1098 1412 vel

182 1432 325 1511 uerbum,
347 1433 429 1512 quod
453 1431 556 1508 audis,
579 1434 619 1493 sit
641 1432 783 1497 bominis.
827 1434 905 1494 Nom
927 1436 994 1514 ipse
1015 1435 1098 1494 Deus

183 1517 285 1576 omnia
321 1517 374 1576 tibi
406 1518 437 1575 in
465 1514 518 1575 illo
550 1514 644 1575 verbo
673 1517 838 1594 promittit,
871 1536 949 1595 quae
977 1518 1037 1576 iam
1060 1517 1098 1576 de
1175 1534 1180 1545 r

182 1597 301 1658 Christo
320 1598 461 1658 diximus.
483 1596 523 1656 Et
540 1596 605 1657 vult
622 1617 698 1657 suae
721 1598 792 1658 fidei
813 1601 944 1679 pignora
965 1600 1098 1659 esseiiia

183 1689 390 1757 sacramento,
424 1688 456 1740 ut
477 1686 577 1739 certus
606 1681 663 1751 sis,
695 1680 777 1759 quod
801 1681 911 1741 Christi
932 1683 994 1742 vito
1015 1690 1098 1742 tuam

183 1771 322 1840 mortem,
345 1762 426 1842 quod
451 1762 561 1822 Christi
584 1762 761 1822 obedientia
784 1774 835 1823 tua
856 1771 993 1843 peccata,
1017 1763 1097 1843 quod

183 1844 290 1906 3hristi
304 1865 393 1906 amor
404 1845 553 1905 infernum
562 1851 645 1903 tuum
658 1846 690 1904 iu
703 1865 736 1904 se
744 1848 894 1925 receperit
905 1846 1097 1908 etdevicerit.

260 1927 319 1988 Est
346 1934 379 1990 et
405 1926 486 1988 aliud
509 1926 663 2005 quoddam
687 1929 900 2007 commodum,
934 1928 1016 2007 quod
1044 1948 1100 2008 per

183 2014 256 2070 naec
278 2019 473 2073 sacramenta
495 2010 619 2088 reliquis
638 2010 759 2069 Sanctis
781 2018 811 2071 te
833 2011 949 2071 addunt
971 2012 1099 2088 socium,

183 2100 209 2152 ut
232 2095 339 2153 venias
361 2094 391 2153 in
415 2093 595 2155 Sanctorum
631 2095 904 2172 congregationem
943 2100 974 2153 et
995 2113 1098 2154 veram
1191 2111 1193 2119 ·

183 2174 365 2236 Sanctorum
388 2176 644 2238 communionem,
688 2175 765 2234 Nam
789 2183 820 2236 et
840 2183 940 2236 tecum
962 2178 993 2237 in
1016 2175 1098 2236 Chri·
1199 2177 1203 2185 ’

183 2266 224 2318 sto
251 2261 429 2334 moriuntur,
454 2266 553 2317 tecum
577 2266 707 2337 peccata
728 2265 861 2337 portant,
888 2266 988 2319 tecum
1011 2259 1099 2318 iufer-

183 2360 251 2400 num
285 2360 408 2420 quoque
439 2342 573 2400 vincunt.
625 2339 735 2399 Gravis
764 2360 838 2421 ergo
868 2342 1041 2402 consolatio
1067 2343 1098 2400 iu

183 2423 239 2483 iilis
264 2424 465 2483 sacramentis
488 2430 550 2498 est,
579 2441 659 2500 quae
689 2423 763 2482 nibil
785 2423 867 2483 atiud
889 2431 976 2498 sunt,
1008 2443 1099 2503 quam

183 2506 308 2566 uerbum
331 2507 386 2565 Dei
419 2516 449 2565 et
477 2506 596 2585 siguum
620 2505 774 2583 quoddam
798 2506 931 2583 visibile,
965 2506 1047 2585 quod
1068 2508 1099 2565 in

183 2588 289 2649 >culos
312 2589 446 2650 incurrit.
490 2587 529 2647 Et
562 2589 641 2647 sicut
668 2587 743 2649 illud
777 2590 884 2649 vocate
910 2588 1035 2649 verbum
1058 2590 1100 2648 in·

183 2673 271 2731 currit
303 2673 334 2731 in
364 2690 452 2731 aures
487 2689 601 2748 easque
629 2671 713 2748 ferit,
735 2673 779 2730 ita
800 2680 992 2731 sacramenta
1013 2673 1100 2752 signa

183 2760 252 2814 sunt
274 2752 399 2814 divinae
414 2753 579 2813 voluntatis
598 2753 737 2812 subiecta
755 2754 862 2831 oculis,
884 2755 992 2834 quibus
1013 2756 1100 2814 inniti

184 2835 257 2896 ides
280 2837 372 2897 debet
401 2855 457 2895 ceu
487 2834 575 2895 flrmo
598 2834 726 2912 baculo,
757 2855 818 2914 quo
847 2856 918 2897 usus
940 2845 988 2897 est
1009 2835 1100 2896 lacob

184 2919 362 2996 ratriaroha‚
385 2938 452 2978 oum
477 2919 674 2996 pertransiret
694 2918 866 2997 Iordanem,
894 2920 924 2979 in
947 2938 1026 2998 quae
1048 2937 1100 2980 no·

184 3003 233 3062 rtri
259 3002 342 3062 oculi
363 3000 456 3062 defixi
481 3019 550 3060 esse
572 2999 685 3060 debent
707 3019 761 3060 eeu
784 3003 814 3060 in
836 3002 1001 3078 lucernam,
1022 3019 1102 3081 quae

184 3086 251 3145 riae
273 3083 336 3144 dux
367 3084 466 3144 estin
490 3083 621 3143 obscuro
645 3090 677 3143 et
698 3084 868 3162 caliginoso
893 3085 961 3145 loco
986 3085 1102 3161 mortis,

184 3168 305 3247 peccati
335 3174 367 3227 et
389 3166 515 3243 inferni,
550 3166 628 3226 siout
650 3165 846 3247 Propheta*)
872 3186 994 3245 quoque
1014 3167 1100 3226 dicit:

184 3249 321 3310 Lucerna
342 3249 471 3329 pedibus
495 3249 570 3307 meis
592 3249 717 3309 verbum
742 3258 835 3324 tuum,
858 3259 890 3309 et
911 3248 1100 3330 Petrus**):

184 3331 338 3393 Habemus
371 3331 533 3392 firmiorem
577 3350 750 3391 sermonem
789 3331 1016 3412 propheticum,
1053 3333 1101 3391 oui

184 3415 252 3474 dum
278 3414 434 3474 attenditis
470 3433 526 3473 ceu
554 3413 698 3474 lucernae
727 3415 887 3494 apparenti
916 3416 947 3474 in
970 3414 1100 3475 obscuro

184 3498 262 3575 ioco,
285 3504 369 3557 recte
392 3497 490 3557 facitis
514 3503 571 3556 etc.

264 3580 305 3640 Et
337 3598 426 3656 sane,
457 3578 612 3657 quodnam
643 3577 725 3666 aliud
768 3579 798 3638 in
835 3579 937 3639 mortis
964 3580 1100 3659 periculo

184 3682 314 3742 quaeres
336 3661 505 3723 auxilium?
545 3661 659 3721 Omnes
684 3661 786 3737 euim,
808 3665 959 3741 quotquot
980 3681 1101 3723 servan-

184 3754 234 3821 tur,
260 3745 324 3804 boc
344 3751 506 3804 servantur
528 3745 630 3825 signo,
652 3743 738 3826 quod
752 3743 910 3805 Christum
926 3746 987 3807 tibi
1005 3754 1109 3805 ostreu-

218 3831 601 3916 ‘o'raan‘r‘r‘a'f‘ffirss
618 3847 681 3904 Pet.
703 3849 733 3906 a.

184 3943 276 3982 nuum
290 3955 343 3993 our·
361 3948 386 3988 v.
397 3949 427 3989 a
443 3952 473 3991 aa
490 3953 536 3994 rer.
550 3954 610 3998 nur„
624 3957 641 3998 r.
656 3969 682 4009 p
700 3958 758 4001 uon
768 3958 816 3999 ιιι.
940 3919 990 3982 {Q

1180 3936 1204 4019 ,t
