2709 4417
365 349 423 401 suis
441 348 552 417 blpsine·
567 348 715 437 disputetis
733 366 759 403 a.
777 349 849 403 ΠΧ.
1022 339 1086 414 231

223 539 271 599 lta
291 536 482 598 solidissima
503 539 615 598 verius
637 532 723 598 Eccii
746 544 778 610 et
797 537 1001 598 lloclauorum
1023 542 1085 599 lure·

187 630 221 682 ‚ut
240 621 342 682 lucem
364 627 396 682 et
416 619 583 701 publicum,
605 618 662 681 sibi
685 620 803 681 scilicet
823 621 1086 700 optimecousci'u,

187 706 252 784 prasi
276 703 363 764 orbis
384 711 417 764 et
438 705 586 783 cuiusque
606 705 714 783 optimi
737 704 792 763 viri
808 703 954 763 iudicium
978 722 1084 782 parum

187 789 215 866 it,
238 806 299 866 quo
320 792 450 866 recepta
471 788 542 847 sunt
562 790 627 846 tarrl
649 786 762 861 multa,
785 796 863 865 qu'ae
886 787 958 847 olim
977 785 1009 848 S.
1032 784 1086 846 Pa-

187 890 230 931 res
251 869 414 946 dixerunt,
436 870 637 948 scripserunt,
661 868 905 949 disputaverunt.
938 862 1087 930 Fecerunt

187 953 318 1027 tasorte,
341 951 425 1031 quod
446 951 562 1012 iudices
584 952 650 1012 lore
671 963 831 1031 sperarent
852 972 924 1028 eos,
955 968 1033 1030 quos
1054 953 1085 1012 iu

187 1035 416 1097 universitatibus
425 1037 538 1114 passim
561 1041 668 1095 osrntra
690 1054 748 1094 uos
773 1053 827 1114 pro
851 1054 885 1094 se
907 1042 989 1095 stare
1010 1035 1085 1094 scie·

187 1125 254 1194 tant,
276 1125 332 1178 aut
353 1115 437 1196 quod
459 1119 558 1198 mugla
579 1119 737 1196 suspicor,
759 1116 842 1196 quod
865 1117 977 1177 Eecius
1000 1135 1086 1176 meus

187 1202 308 1263 conscius
331 1200 388 1261 sibi
411 1210 472 1260 nou¹
495 1201 670 1276 intellectae
692 1219 711 1259 a
733 1205 769 1259 se‘
782 1199 958 1280 Scripturas
979 1200 1085 1260 latibu-

187 1305 227 1345 um
251 1284 343 1344 buius
367 1285 574 1344 conscientiae
596 1282 655 1343 bec
672 1284 792 1342 ratione
814 1290 984 1361 quaereret
1006 1280 1085 1342 Narb

187 1369 222 1428 tsi
256 1374 306 1427 est
336 1367 430 1426 homo
463 1367 495 1425 iu
524 1366 619 1426 literis
652 1365 794 1425 bonlauis
827 1371 858 1425 et
890 1365 1085 1444 opinionibus

187 1449 360 1510 sholasticis
392 1450 477 1509 varis
504 1456 535 1508 et
562 1449 691 1528 copiose
718 1447 868 1523 eruditus,
904 1455 1008 1507 tamen·
1039 1448 1086 1507 sb·

187 1552 282 1592 rarum
308 1532 463 1592 literarum
485 1549 544 1611 ego
567 1533 691 1591 inanem
714 1531 818 1590 inveni
851 1526 1085 1609 disputatorem,

187 1615 248 1675 uod
271 1615 346 1674 mibi
368 1633 424 1694 pro
448 1613 597 1674 modestia
618 1632 674 1673 suu
696 1615 857 1692 ignoscet,
887 1608 959 1690 quil
980 1628 1088 1672 verum*

187 1700 246 1776 ico,
269 1706 302 1758 et
323 1716 380 1758 suo
403 1703 541 1776 tempore
562 1695 720 1776 probabo,
744 1695 794 1754 ubi
817 1714 854 1754 ea
873 1704 937 1754 non'
960 1692 1086 1754 suffece-

187 1788 248 1857 ut,
281 1798 362 1859 quse
390 1780 520 1859 ipsemet
547 1780 578 1839 in
599 1797 748 1858 papyrum
782 1777 889 1838 effudit
910 1778 1088 1837 testimonia·

187 1864 339 1943 uperitiae
361 1862 448 1921 huius
482 1860 639 1922 credibilia
672 1862 771 1923 nimis.
815 1860 885 1920 Nou
907 1859 989 1940 quod
1013 1859 1086 1928 mibi

187 1946 225 2007 oli
260 1944 422 2007 vendicem
454 1943 675 2016 Scriptur'arum
719 1950 892 2003 sanctarum
926 1943 1085 2002 scientiam

189 2030 234 2088 sic
255 2030 338 2089 euim
360 2046 410 2098 me
432 2027 512 2087 solet
534 2028 707 2096 criminari,
742 2025 865 2104 quando
893 2024 975 2084 aliud
1003 2023 1090 2103 quod·

187 2112 252 2171 icat
274 2129 337 2171 non
361 2116 408 2170 est
429 2109 468 2168 ad
480 2116 634 2187 monum),
657 2108 711 2168 sed
731 2107 813 2187 quod
835 2107 963 2168 arbitrer
984 2125 1034 2166 me
1054 2108 1085 2166 in

189 2195 265 2254 acris
287 2193 383 2252 literis
405 2199 521 2252 loomin
534 2198 688 2251 versatum
711 2198 742 2251 et
763 2192 972 2267 exercitatum,
995 2198 1027 2249 ut
1048 2188 1087 2249 de

187 2276 350 2337 tobolastici
373 2274 509 2354 theologi
532 2275 675 2352 scientis,
704 2275 755 2352 qui
779 2291 882 2333 sacras
909 2274 1012 2332 literas
1034 2272 1086 2330 vix

187 2381 194 2418 t
214 2360 317 2418 limine
339 2358 492 2432 salutavit,
514 2357 628 2436 possim
642 2358 709 2416 siue
717 2357 853 2436 periculo
872 2356 1087 2434 pronunciare.

235 2442 343 2502 Altera
351 2440 490 2500 machino
500 2438 566 2517 fuit,
580 2439 769 2499 Oarlstadius
782 2439 844 2499 iant
858 2454 921 2498 nou
944 2437 1110 2514 noster¹)·'

187 2543 273 2584 recum
295 2523 391 2584 libros
414 2522 565 2583 attulerat.
589 2521 665 2581 Cum
688 2523 728 2580 sit
749 2520 967 2580 honestissima
989 2519 1090 2599 dispu-

187 2606 254 2667 andi
277 2614 309 2666 et
330 2605 485 2664 tutissima
502 2607 593 2681 ratio,
617 2623 656 2664 ex
678 2602 890 2682 praesentibus
913 2602 997 2663 libris
1019 2602 1090 2663 loca

187 2688 348 2763 ostendere,
371 2694 404 2747 et
424 2686 565 2747 dictavel
583 2686 715 2766 probare
739 2686 787 2746 vel
810 2686 952 2761 refirtare,
975 2703 1089 2764 magno

187 2772 300 2832 tumultu
324 2768 508 2830 bocllccius
530 2777 636 2829 noster
655 2768 846 2828 detrectavit.
867 2768 945 2828 Nom
968 2766 1090 2827 videba-

187 2864 217 2914 tur
237 2852 397 2914 cuiusdam
420 2852 629 2931 compilatoris
662 2851 789 2931 ingenio
821 2859 852 2910 et
879 2869 973 2929 opera
995 2849 1090 2909 fretus

187 2938 282 2998 nullas
305 2935 538 2996 consarcinasse
559 2934 744 2994 autoritates·
760 2932 790 2995 S,
813 2932 954 3008 Patrum,
977 2931 1090 2992 studiu-

187 3018 387 3097 profectionis
409 3018 635 3094 suaeauxisse3
656 3015 739 3086 ibi2)
764 3016 931 3095 periculum
954 3018 1029 3091 era't‘,
1051 3032 1089 3072 ue

187 3103 248 3163 icut
270 3101 437 3179 aliquoties
452 3098 706 3174 convincebatur,
729 3100 772 3158 ito
783 3117 906 3178 semper
927 3099 1089 3158 convince·

187 3193 262 3263 stur,
285 3183 368 3243 male
388 3181 547 3242 induxisse
568 3181 650 3241 diota
663 3181 795 3242 Patrum.
814 3180 896 3240 liam
915 3186 984 3239 curu'
1005 3196 1090 3257 prae

187 3267 316 3329 edentia
337 3271 369 3325 el
390 3265 555 3342 sequeutia
570 3283 632 3324 non
662 3263 791 3323 vidisset
813 3274 891 3331 (uec
912 3263 992 3322 enim
1015 3259 1090 3319 veri·

187 3370 231 3428 rs,
261 3357 296 3409 ut
319 3347 398 3426 dixi,
424 3346 662 3426 quaerebatur),
699 3347 742 3405 ita
764 3346 833 3405 illos
855 3345 885 3417 ³)
911 3344 1028 3423 aptavit
1049 3340 1089 3400 ad

188 3432 388 3512 roposituur,
412 3435 445 3488 ut
468 3429 547 3489 nihil·
564 3431 666 3489 minus·
685 3429 803 3488 valeret
822 3427 862 3487 ad
884 3427 1086 3507 propositum,

187 3517 233 3576 isi·
257 3511 342 3593 quod
364 3511 544 3572 delectabat
562 3516 632 3571 euru
654 3510 820 3590 aliquando
852 3520 883 3570 et
910 3511 1005 3568 risuur
1036 3507 1089 3565 rui-

187 3598 265 3658 cere
284 3594 450 3656 auditorio.

187 3853 201 3881 „
201 3781 231 3896 ,1
236 3758 380 3900 ,gw-
401 3782 492 3849 vtio:
511 3781 614 3838 αιτιοι.
634 3786 746 3841 noem.
784 3782 819 3854 ι)
841 3783 874 3837 ιι
893 3776 940 3837 eu.
955 3777 1033 3834 teus.
1051 3756 1115 3829 uui.
