2709 4417
258 337 301 404 10
421 339 526 394 Conna
542 339 572 393 F.
591 340 692 394 tuther
711 345 739 393 et
757 340 791 395 D.
810 340 980 395 Bodaastein

258 545 315 606 aas
336 533 368 587 et
388 528 510 607 culpas,
536 529 580 588 ita
601 526 683 608 quo'd
705 526 859 607 praelatrn
882 546 944 588 nou
966 527 1104 607 plenarie
1127 528 1180 589 atr

258 610 382 670 solvens
404 630 422 669 a
444 631 545 691 poena
567 619 599 671 et
618 610 707 691 culpa
722 617 838 689 peccet,
861 610 945 670 velut
961 611 1028 670 usui
1049 618 1180 671 sanctae

259 694 362 753 matris
385 691 535 753 eeclesiae
555 693 727 770 adversum,
750 712 812 753 non
835 699 1040 773 acceptamus.
1061 764 1066 773 ¹

319 778 357 849 6)
382 775 508 836 iluimus
539 777 568 835 in
600 777 779 857 purgatorio
812 794 874 834 non
904 771 1083 836 satisfacere
1119 794 1178 855 pro

258 866 455 939 peccatorum
478 860 605 938 poenis,
627 878 646 918 a
669 876 797 938 quorum
821 858 918 937 culpis
942 857 1105 918 absolutae
1128 858 1180 917 hic

258 959 320 1001 non
343 941 568 1019 satisfecerunt,
595 948 771 1021 reputamus
800 959 982 1013 erroneum,
1013 940 1091 1000 sicut
1112 959 1179 1000 non

258 1025 393 1084 estsine
415 1043 535 1100 errore,
569 1027 619 1103 qui
650 1042 713 1084 non
742 1022 838 1084 credit
858 1023 956 1083 Deum
985 1042 1004 1082 a
1027 1023 1178 1083 morituro

257 1106 412 1185 requirere
434 1105 536 1183 aliam,
560 1125 651 1185 quam
675 1106 783 1167 mortis
805 1124 948 1185 poenam.

320 1193 356 1260 i)
380 1189 485 1265 Errat,
519 1189 570 1269 qui
592 1189 720 1249 liberum
742 1188 897 1249 arbitrium
919 1187 1053 1247 hominis
1082 1195 1181 1268 negat

259 1271 417 1333 dominum
441 1274 562 1332 actuum
592 1270 726 1332 hominis
754 1289 873 1348 exeo,
906 1271 977 1350 quia
1001 1270 1101 1349 ipsum
1125 1268 1179 1330 ha-

259 1353 386 1416 beatae
408 1355 509 1414 active
531 1352 570 1413 ad
593 1354 725 1431 malurn,
756 1352 795 1413 ad
817 1353 930 1414 bonum
959 1370 1033 1412 vero
1057 1358 1179 1412 tantum

259 1437 396 1519 passive,
423 1436 502 1497 sicul
523 1456 586 1496 non
610 1444 656 1496 est
678 1437 745 1497 sine
767 1454 890 1509 errore,
911 1436 962 1514 qui
985 1433 1077 1494 fidem
1104 1451 1179 1515 quo-

258 1518 334 1581 libet
362 1520 489 1579 crimine
519 1520 671 1599 eorrumpi
701 1525 809 1579 contra
830 1517 1039 1579 scholasticos
1074 1519 1179 1577 existi-

260 1609 332 1677 mat,
354 1620 412 1661 nec
433 1604 499 1662 sinc
521 1602 655 1663 maximo
678 1620 791 1675 errore,
814 1603 864 1680 qui
879 1601 963 1661 nulla
984 1600 1180 1660 contritionis

258 1683 363 1746 habita
386 1685 505 1745 ratione
527 1685 556 1743 in
579 1685 647 1745 sola
668 1683 729 1744 fide
751 1703 840 1763 quem
864 1681 982 1745 absolvi
1005 1683 1181 1762 procaciter

260 1766 427 1847 praedicat.
613 1818 614 1821 ,

319 1850 356 1925 8)
382 1848 428 1909 Ex
449 1849 681 1929 imperfectione
704 1847 838 1909 caritatis
861 1847 910 1909 val
931 1846 1003 1907 fldei
1024 1847 1055 1906 in
1071 1846 1179 1907 anima

259 1932 370 1992 mortui
392 1931 456 1992 fleri
478 1933 636 1992 horrorem
659 1937 691 1991 et
713 1933 799 2010 quasi
823 1930 1088 2011 desperationem,
1113 1930 1180 2008 qui·

257 2015 314 2076 bus
335 2016 367 2075 in
391 2016 567 2096 purgatorio
591 2013 775 2091 afficiantur,
807 2020 838 2074 ct
859 2011 941 2093 quod
961 2012 1046 2072 illum
1070 2011 1179 2072 horro-

215 2149 221 2168 ,
258 2116 322 2159 rem
348 2117 387 2157 ex
408 2097 517 2157 timore
539 2098 644 2157 mortis
667 2097 838 2173 incurrant,
872 2115 932 2175 quo
969 2096 1055 2174 quasi
1089 2095 1181 2153 inviti

260 2179 442 2256 moriantur,
466 2199 527 2241 non
550 2180 729 2259 recipimus,
767 2180 840 2258 quia
870 2178 989 2239 veritati
1011 2183 1042 2237 et
1063 2177 1178 2236 rationi

261 2261 457 2324 contrarium.

320 2348 357 2420 9)
383 2344 509 2405 Animas
530 2345 561 2403 in
583 2344 760 2424 purgatorio
783 2342 891 2424 mereri
923 2343 1071 2402 maiorem
1107 2360 1178 2422 gra-

259 2430 349 2505 tiam,
378 2435 431 2487 aut
455 2446 560 2487 eorum
583 2427 720 2505 praemia
741 2426 850 2499 minui,
879 2425 904 2485 si
926 2424 1034 2496 alienis
1058 2424 1177 2484 meritis

258 2509 440 2588 liberentur,
462 2515 598 2569 autnon
621 2528 690 2568 csse
713 2517 811 2568 certas
833 2507 872 2567 de
893 2506 1008 2587 salute,
1043 2513 1096 2566 aut
1119 2506 1180 2566 suf-

259 2592 357 2673 fragia
381 2597 486 2653 nostra
508 2591 599 2665 nolle,
621 2590 654 2651 ut
674 2590 747 2651 fidei
768 2598 893 2651 nostrae
917 2596 948 2649 et
965 2589 1048 2651 omni
1066 2589 1182 2649 rationi

262 2674 392 2736 adversa
413 2692 570 2755 negamus.
1100 2677 1102 2684 '

322 2755 377 2840 10)
403 2757 542 2817 Meritum
563 2756 716 2836 passionis
739 2754 850 2816 Christi
872 2773 935 2815 non
957 2773 1027 2815 esse
1049 2752 1177 2814 thesau-

258 2859 324 2901 rum
347 2839 514 2915 ecclesiae,
548 2857 587 2898 ex
610 2857 670 2916 quo
694 2837 803 2897 dentur
839 2835 1068 2916 indulgentiae,
1105 2837 1183 2915 quia

260 2924 381 2984 veritati
409 2928 440 2982 et
470 2921 648 3002 apostolicis
677 2920 808 2981 decretis
837 2920 982 2995 obvians,
1014 2938 1180 2999 negamus,

261 3006 340 3065 sicut
366 3005 469 3065 claves
503 3023 572 3064 esse
600 3003 775 3063 thesaurum
809 3002 958 3062 ecclesiae
986 3001 1181 3080 imperitissi-

261 3107 343 3149 mum
381 3088 550 3167 opinamur.
600 3086 715 3146 Meritis
751 3103 873 3164 quoque
912 3094 1085 3145 sanctornm
1122 3102 1182 3143 nos

262 3171 400 3232 adiuvari
422 3171 472 3250 pie
494 3168 654 3230 credimus.
1214 3161 1219 3170 ⁶

326 3257 381 3322 11)
406 3253 530 3330 Dicere,
552 3250 758 3332 indulgentias
780 3268 842 3311 non
865 3248 1028 3329 expedire,
1060 3254 1109 3308 est
1137 3266 1181 3307 er-

262 3356 326 3413 ror,
350 3336 451 3396 dicere
472 3336 562 3407 item,
590 3333 797 3413 indulgentias
820 3351 888 3393 esse
918 3332 1023 3391 vitium
1052 3329 1181 3409 aliquod

263 3420 382 3499 operis,
405 3436 466 3497 quo
487 3418 587 3497 ipsum
610 3417 709 3476 minus
733 3414 854 3490 valeat,
888 3431 974 3474 error
1005 3418 1053 3473 est
1084 3414 1181 3491 pessi-

198 3520 203 3531 ·
263 3521 339 3562 mus.
382 3499 483 3576 Quare
507 3507 538 3560 et
557 3499 637 3558 hunc
658 3517 760 3559 errare
782 3498 943 3572 sentimus,
966 3496 1017 3575 qui
1038 3494 1124 3572 dicit,
1146 3515 1179 3555 se

262 3585 359 3646 teneri
386 3581 559 3663 improbare
594 3581 817 3662 indulgentias,
852 3581 924 3660 quia
952 3578 1102 3639 Dominus
1137 3577 1179 3637 di-

263 3674 327 3746 cat,
355 3666 482 3746 Propter
503 3684 551 3725 me
570 3663 659 3725 deleo
682 3664 872 3743 iniquitates,
895 3680 966 3722 non
980 3666 1108 3741 propter
1129 3680 1177 3740 pe·

258 3751 379 3812 eunias.
980 3811 982 3816 ,
1021 3805 1025 3818 Ι,

309 3835 372 3899 12)
395 3832 517 3915 Papam
544 3850 611 3893 non
640 3848 737 3914 posse
755 3827 912 3889 remittere
937 3844 1091 3917 poenam,
1123 3833 1187 3904 pro·
