<?xml version="1.0" encoding="UTF-8"?>
<!DOCTYPE html PUBLIC "-//W3C//DTD XHTML 1.0 Transitional//EN"
    "http://www.w3.org/TR/xhtml1/DTD/xhtml1-transitional.dtd">
<html xmlns="http://www.w3.org/1999/xhtml" xml:lang="en" lang="en">
 <head>
  <title>
</title>
<meta http-equiv="Content-Type" content="text/html;charset=utf-8" />
  <meta name='ocr-system' content='tesseract 3.04.00' />
  <meta name='ocr-capabilities' content='ocr_page ocr_carea ocr_par ocr_line ocrx_word'/>
</head>
<body>
  <div class='ocr_page' id='page_1' title='image "./operalatinavari00schmgoog_0016.png"; bbox 0 0 2709 4417; ppageno 0'>
   <div class='ocr_carea' id='block_1_1' title="bbox 253 341 939 412">
    <p class='ocr_par' dir='ltr' id='par_1_1' title="bbox 253 341 939 412">
     <span class='ocr_line' id='line_1_1' title="bbox 253 341 939 412; baseline 0.003 -17"><span class='ocrx_word' id='word_1_1' title='bbox 253 341 276 406; x_wconf 82' lang='lat'>4</span> <span class='ocrx_word' id='word_1_2' title='bbox 481 343 633 412; x_wconf 72' lang='lat' dir='ltr'><strong>Disputatio</strong></span> <span class='ocrx_word' id='word_1_3' title='bbox 652 348 682 399; x_wconf 86' lang='lat' dir='ltr'>ct</span> <span class='ocrx_word' id='word_1_4' title='bbox 696 343 848 398; x_wconf 67' lang='lat' dir='ltr'>hcmstio</span> <span class='ocrx_word' id='word_1_5' title='bbox 866 343 939 397; x_wconf 82' lang='lat' dir='ltr'>Eccii</span> 
     </span>
    </p>
   </div>
   <div class='ocr_carea' id='block_1_2' title="bbox 255 524 1128 612">
    <p class='ocr_par' dir='ltr' id='par_1_2' title="bbox 255 524 1128 612">
     <span class='ocr_line' id='line_1_2' title="bbox 255 524 1128 612; baseline -0.002 -20"><span class='ocrx_word' id='word_1_6' title='bbox 255 524 358 592; x_wconf 82' lang='lat' dir='ltr'>teshic</span> <span class='ocrx_word' id='word_1_7' title='bbox 368 529 523 592; x_wconf 89' lang='lat' dir='ltr'>reddimus</span> <span class='ocrx_word' id='word_1_8' title='bbox 534 532 626 592; x_wconf 91' lang='lat' dir='ltr'>istum</span> <span class='ocrx_word' id='word_1_9' title='bbox 633 531 720 594; x_wconf 79' lang='lat' dir='ltr'>Ecoii</span> <span class='ocrx_word' id='word_1_10' title='bbox 729 531 1056 612; x_wconf 84' lang='lat' dir='ltr'>lihellum‚positioncs</span> <span class='ocrx_word' id='word_1_11' title='bbox 1069 536 1128 591; x_wconf 77' lang='lat' dir='ltr'>aut·</span> 
     </span>
    </p>
   </div>
   <div class='ocr_carea' id='block_1_3' title="bbox 165 614 1128 3019">
    <p class='ocr_par' dir='ltr' id='par_1_3' title="bbox 165 614 1128 3019">
     <span class='ocr_line' id='line_1_3' title="bbox 254 614 1128 695; baseline -0.001 -21"><span class='ocrx_word' id='word_1_12' title='bbox 254 615 337 695; x_wconf 89' lang='lat' dir='ltr'>ipsas</span> <span class='ocrx_word' id='word_1_13' title='bbox 359 615 525 695; x_wconf 82' lang='lat' dir='ltr'>repetimus</span> <span class='ocrx_word' id='word_1_14' title='bbox 548 634 587 677; x_wconf 87' lang='lat' dir='ltr'>ex</span> <span class='ocrx_word' id='word_1_15' title='bbox 609 614 732 695; x_wconf 84' lang='lat' dir='ltr'>libello,</span> <span class='ocrx_word' id='word_1_16' title='bbox 764 617 815 695; x_wconf 94' lang='lat' dir='ltr'>qui</span> <span class='ocrx_word' id='word_1_17' title='bbox 837 634 896 676; x_wconf 90' lang='lat' dir='ltr'>nec</span> <span class='ocrx_word' id='word_1_18' title='bbox 922 615 993 676; x_wconf 89' lang='lat' dir='ltr'>loco</span> <span class='ocrx_word' id='word_1_19' title='bbox 1015 634 1075 675; x_wconf 90' lang='lat' dir='ltr'>nec</span> <span class='ocrx_word' id='word_1_20' title='bbox 1088 634 1128 674; x_wconf 91' lang='lat' dir='ltr'>an</span> 
     </span>
     <span class='ocr_line' id='line_1_4' title="bbox 253 695 1128 779; baseline -0.001 -22"><span class='ocrx_word' id='word_1_21' title='bbox 253 695 389 759; x_wconf 88' lang='lat' dir='ltr'>indicato</span> <span class='ocrx_word' id='word_1_22' title='bbox 412 705 484 758; x_wconf 90' lang='lat' dir='ltr'>tunc</span> <span class='ocrx_word' id='word_1_23' title='bbox 501 699 648 779; x_wconf 87' lang='lat' dir='ltr'>temporis</span> <span class='ocrx_word' id='word_1_24' title='bbox 670 701 701 759; x_wconf 92' lang='lat' dir='ltr'>in</span> <span class='ocrx_word' id='word_1_25' title='bbox 718 700 827 779; x_wconf 86' lang='lat' dir='ltr'>vulgus</span> <span class='ocrx_word' id='word_1_26' title='bbox 849 698 947 761; x_wconf 87' lang='lat' dir='ltr'>editus</span> <span class='ocrx_word' id='word_1_27' title='bbox 971 707 1019 759; x_wconf 86' lang='lat' dir='ltr'>est</span> <span class='ocrx_word' id='word_1_28' title='bbox 1038 697 1128 757; x_wconf 84' lang='lat' dir='ltr'>subh</span> 
     </span>
     <span class='ocr_line' id='line_1_5' title="bbox 254 780 1128 859; baseline -0.002 -18"><span class='ocrx_word' id='word_1_29' title='bbox 254 780 357 841; x_wconf 88' lang='lat' dir='ltr'>titulo:</span> <span class='ocrx_word' id='word_1_30' title='bbox 392 781 568 859; x_wconf 84' lang='lat' dir='ltr'>„Contenta</span> <span class='ocrx_word' id='word_1_31' title='bbox 598 783 630 842; x_wconf 92' lang='lat' dir='ltr'>in</span> <span class='ocrx_word' id='word_1_32' title='bbox 658 782 719 842; x_wconf 91' lang='lat' dir='ltr'>hoo</span> <span class='ocrx_word' id='word_1_33' title='bbox 746 782 868 844; x_wconf 91' lang='lat' dir='ltr'>libello:</span> <span class='ocrx_word' id='word_1_34' title='bbox 901 781 1021 842; x_wconf 81' lang='lat' dir='ltr'>Erasmi</span> <span class='ocrx_word' id='word_1_35' title='bbox 1041 782 1128 841; x_wconf 82' lang='lat' dir='ltr'>Rota:</span> 
     </span>
     <span class='ocr_line' id='line_1_6' title="bbox 169 862 1128 945; baseline -0.004 -20"><span class='ocrx_word' id='word_1_36' title='bbox 169 916 174 925; x_wconf 91' lang='lat'><strong>.</strong></span> <span class='ocrx_word' id='word_1_37' title='bbox 256 863 337 924; x_wconf 90' lang='lat' dir='ltr'>dami</span> <span class='ocrx_word' id='word_1_38' title='bbox 360 863 501 944; x_wconf 77' lang='lat' dir='ltr'>Epistola</span> <span class='ocrx_word' id='word_1_39' title='bbox 537 862 576 925; x_wconf 89' lang='lat' dir='ltr'>ad</span> <span class='ocrx_word' id='word_1_40' title='bbox 597 864 834 926; x_wconf 85' lang='lat' dir='ltr'>illustrissimum</span> <span class='ocrx_word' id='word_1_41' title='bbox 856 866 1028 945; x_wconf 73' lang='lat' dir='ltr'>Principem</span> <span class='ocrx_word' id='word_1_42' title='bbox 1051 863 1128 922; x_wconf 85' lang='lat' dir='ltr'>acl</span> 
     </span>
     <span class='ocr_line' id='line_1_7' title="bbox 256 946 1128 1028; baseline -0.001 -22"><span class='ocrx_word' id='word_1_43' title='bbox 256 950 323 1021; x_wconf 86' lang='lat' dir='ltr'>cem</span> <span class='ocrx_word' id='word_1_44' title='bbox 345 946 580 1028; x_wconf 82' lang='lat' dir='ltr'>Saxoniaeetc.</span> <span class='ocrx_word' id='word_1_45' title='bbox 607 947 804 1009; x_wconf 88' lang='lat' dir='ltr'>Fridericum.</span> <span class='ocrx_word' id='word_1_46' title='bbox 845 949 1019 1010; x_wconf 89' lang='lat' dir='ltr'>Positiones</span> <span class='ocrx_word' id='word_1_47' title='bbox 1039 947 1128 1007; x_wconf 85' lang='lat' dir='ltr'>Jcan:</span> 
     </span>
     <span class='ocr_line' id='line_1_8' title="bbox 254 1029 1128 1092; baseline -0.002 -3"><span class='ocrx_word' id='word_1_48' title='bbox 254 1029 343 1090; x_wconf 86' lang='lat' dir='ltr'>Eckii</span> <span class='ocrx_word' id='word_1_49' title='bbox 365 1030 578 1092; x_wconf 74' lang='lat' dir='ltr'>scholasticae.</span> <span class='ocrx_word' id='word_1_50' title='bbox 602 1031 1062 1092; x_wconf 82' lang='lat' dir='ltr'>PositioneshlartiniLutherii</span> <span class='ocrx_word' id='word_1_51' title='bbox 1084 1029 1128 1088; x_wconf 74' lang='lat' dir='ltr'>th«</span> 
     </span>
     <span class='ocr_line' id='line_1_9' title="bbox 255 1113 1128 1193; baseline -0.001 -22"><span class='ocrx_word' id='word_1_52' title='bbox 255 1113 384 1193; x_wconf 78' lang='lat' dir='ltr'>logicae.</span> <span class='ocrx_word' id='word_1_53' title='bbox 428 1113 651 1175; x_wconf 86' lang='lat' dir='ltr'>Conclusiones</span> <span class='ocrx_word' id='word_1_54' title='bbox 683 1113 827 1175; x_wconf 84' lang='lat' dir='ltr'>Andreae</span> <span class='ocrx_word' id='word_1_55' title='bbox 849 1113 1054 1175; x_wconf 79' lang='lat' dir='ltr'>Oarolostadii</span> <span class='ocrx_word' id='word_1_56' title='bbox 1084 1113 1128 1172; x_wconf 70' lang='lat' dir='ltr'>thu</span> 
     </span>
     <span class='ocr_line' id='line_1_10' title="bbox 255 1195 1128 1276; baseline -0.002 -21"><span class='ocrx_word' id='word_1_57' title='bbox 255 1195 387 1276; x_wconf 85' lang='lat' dir='ltr'>logicae.</span> <span class='ocrx_word' id='word_1_58' title='bbox 428 1195 479 1256; x_wconf 86' lang='lat' dir='ltr'>Ad</span> <span class='ocrx_word' id='word_1_59' title='bbox 499 1196 657 1258; x_wconf 85' lang='lat' dir='ltr'>lectorem.</span> <span class='ocrx_word' id='word_1_60' title='bbox 700 1197 803 1258; x_wconf 89' lang='lat' dir='ltr'>Habes</span> <span class='ocrx_word' id='word_1_61' title='bbox 823 1197 889 1275; x_wconf 80' lang='lat' dir='ltr'>hic,</span> <span class='ocrx_word' id='word_1_62' title='bbox 910 1198 1022 1258; x_wconf 83' lang='lat' dir='ltr'>Lector</span> <span class='ocrx_word' id='word_1_63' title='bbox 1043 1196 1128 1275; x_wconf 90' lang='lat' dir='ltr'>optin</span> 
     </span>
     <span class='ocr_line' id='line_1_11' title="bbox 255 1277 1127 1359; baseline 0 -22"><span class='ocrx_word' id='word_1_64' title='bbox 255 1277 294 1338; x_wconf 91' lang='lat' dir='ltr'>ad</span> <span class='ocrx_word' id='word_1_65' title='bbox 326 1277 477 1340; x_wconf 89' lang='lat' dir='ltr'>illustriss.</span> <span class='ocrx_word' id='word_1_66' title='bbox 505 1279 660 1341; x_wconf 81' lang='lat' dir='ltr'>Saxoniae</span> <span class='ocrx_word' id='word_1_67' title='bbox 688 1279 814 1357; x_wconf 87' lang='lat' dir='ltr'>ducem,</span> <span class='ocrx_word' id='word_1_68' title='bbox 844 1281 933 1340; x_wconf 86' lang='lat' dir='ltr'>Rom.</span> <span class='ocrx_word' id='word_1_69' title='bbox 961 1282 1033 1359; x_wconf 88' lang='lat' dir='ltr'>imp.</span> <span class='ocrx_word' id='word_1_70' title='bbox 1057 1278 1127 1339; x_wconf 90' lang='lat' dir='ltr'>elec</span> 
     </span>
     <span class='ocr_line' id='line_1_12' title="bbox 254 1361 1128 1443; baseline 0.002 -23"><span class='ocrx_word' id='word_1_71' title='bbox 254 1380 330 1437; x_wconf 73' lang='lat' dir='ltr'>rem,</span> <span class='ocrx_word' id='word_1_72' title='bbox 352 1361 537 1423; x_wconf 85' lang='lat' dir='ltr'>Fridericum</span> <span class='ocrx_word' id='word_1_73' title='bbox 559 1361 827 1443; x_wconf 89' lang='lat' dir='ltr'>prudentissimum</span> <span class='ocrx_word' id='word_1_74' title='bbox 849 1364 1027 1442; x_wconf 86' lang='lat' dir='ltr'>principem,</span> <span class='ocrx_word' id='word_1_75' title='bbox 1049 1362 1128 1422; x_wconf 85' lang='lat' dir='ltr'>Erae</span> 
     </span>
     <span class='ocr_line' id='line_1_13' title="bbox 255 1444 1128 1526; baseline -0.001 -22"><span class='ocrx_word' id='word_1_76' title='bbox 255 1444 457 1507; x_wconf 85' lang='lat' dir='ltr'>Roterodami</span> <span class='ocrx_word' id='word_1_77' title='bbox 477 1445 705 1525; x_wconf 80' lang='lat' dir='ltr'>prudentissimi</span> <span class='ocrx_word' id='word_1_78' title='bbox 728 1447 884 1526; x_wconf 87' lang='lat' dir='ltr'>scriptoris</span> <span class='ocrx_word' id='word_1_79' title='bbox 907 1445 1086 1525; x_wconf 88' lang='lat' dir='ltr'>epistolam,</span> <span class='ocrx_word' id='word_1_80' title='bbox 1110 1463 1128 1522; x_wconf 86' lang='lat' dir='ltr'>q</span> 
     </span>
     <span class='ocr_line' id='line_1_14' title="bbox 255 1527 1128 1609; baseline 0 -23"><span class='ocrx_word' id='word_1_81' title='bbox 255 1529 301 1587; x_wconf 85' lang='lat' dir='ltr'>vir</span> <span class='ocrx_word' id='word_1_82' title='bbox 321 1527 374 1587; x_wconf 90' lang='lat' dir='ltr'>ille</span> <span class='ocrx_word' id='word_1_83' title='bbox 396 1529 654 1609; x_wconf 73' lang='lat' dir='ltr'>veretheologus</span> <span class='ocrx_word' id='word_1_84' title='bbox 667 1528 887 1609; x_wconf 85' lang='lat' dir='ltr'>benignissimo</span> <span class='ocrx_word' id='word_1_85' title='bbox 906 1528 1075 1589; x_wconf 88' lang='lat' dir='ltr'>studiorum</span> <span class='ocrx_word' id='word_1_86' title='bbox 1089 1528 1128 1586; x_wconf 80' lang='lat' dir='ltr'>ln</span> 
     </span>
     <span class='ocr_line' id='line_1_15' title="bbox 256 1610 1128 1691; baseline -0.001 -21"><span class='ocrx_word' id='word_1_87' title='bbox 256 1611 357 1671; x_wconf 91' lang='lat' dir='ltr'>cenati</span> <span class='ocrx_word' id='word_1_88' title='bbox 389 1612 517 1690; x_wconf 87' lang='lat' dir='ltr'>primunr</span> <span class='ocrx_word' id='word_1_89' title='bbox 539 1611 668 1672; x_wconf 87' lang='lat' dir='ltr'>litteras</span> <span class='ocrx_word' id='word_1_90' title='bbox 698 1611 842 1673; x_wconf 88' lang='lat' dir='ltr'>meliores</span> <span class='ocrx_word' id='word_1_91' title='bbox 865 1630 1030 1690; x_wconf 89' lang='lat' dir='ltr'>carumque</span> <span class='ocrx_word' id='word_1_92' title='bbox 1052 1610 1128 1691; x_wconf 83' lang='lat' dir='ltr'>prof·</span> 
     </span>
     <span class='ocr_line' id='line_1_16' title="bbox 255 1693 1128 1772; baseline 0.001 -20"><span class='ocrx_word' id='word_1_93' title='bbox 255 1711 341 1753; x_wconf 88' lang='lat' dir='ltr'>sores</span> <span class='ocrx_word' id='word_1_94' title='bbox 370 1693 579 1772; x_wconf 85' lang='lat' dir='ltr'>commendat,</span> <span class='ocrx_word' id='word_1_95' title='bbox 611 1693 722 1755; x_wconf 91' lang='lat' dir='ltr'>deinde</span> <span class='ocrx_word' id='word_1_96' title='bbox 749 1695 871 1754; x_wconf 82' lang='lat' dir='ltr'>Martini</span> <span class='ocrx_word' id='word_1_97' title='bbox 891 1694 1023 1754; x_wconf 89' lang='lat' dir='ltr'>Lutherii</span> <span class='ocrx_word' id='word_1_98' title='bbox 1045 1712 1128 1754; x_wconf 75' lang='lat' dir='ltr'>causa</span> 
     </span>
     <span class='ocr_line' id='line_1_17' title="bbox 241 1777 1108 1857; baseline 0 -21"><span class='ocrx_word' id='word_1_99' title='bbox 241 1777 360 1855; x_wconf 67' lang='lat' dir='ltr'>‚paucis</span> <span class='ocrx_word' id='word_1_100' title='bbox 382 1777 537 1856; x_wconf 76' lang='lat' dir='ltr'>attingens</span> <span class='ocrx_word' id='word_1_101' title='bbox 563 1779 594 1837; x_wconf 94' lang='lat' dir='ltr'>in</span> <span class='ocrx_word' id='word_1_102' title='bbox 621 1797 655 1838; x_wconf 89' lang='lat' dir='ltr'>rc</span> <span class='ocrx_word' id='word_1_103' title='bbox 677 1778 857 1857; x_wconf 89' lang='lat' dir='ltr'>scrupulosa</span> <span class='ocrx_word' id='word_1_104' title='bbox 887 1778 932 1836; x_wconf 87' lang='lat' dir='ltr'>sic</span> <span class='ocrx_word' id='word_1_105' title='bbox 952 1783 1108 1854; x_wconf 87' lang='lat' dir='ltr'>versatur,</span> 
     </span>
     <span class='ocr_line' id='line_1_18' title="bbox 255 1859 1128 1940; baseline -0.002 -22"><span class='ocrx_word' id='word_1_106' title='bbox 255 1877 313 1918; x_wconf 91' lang='lat' dir='ltr'>nec</span> <span class='ocrx_word' id='word_1_107' title='bbox 335 1861 536 1920; x_wconf 80' lang='lat' dir='ltr'>temeritatem</span> <span class='ocrx_word' id='word_1_108' title='bbox 563 1861 594 1919; x_wconf 95' lang='lat' dir='ltr'>in</span> <span class='ocrx_word' id='word_1_109' title='bbox 617 1859 868 1940; x_wconf 87' lang='lat' dir='ltr'>pronunciando,</span> <span class='ocrx_word' id='word_1_110' title='bbox 900 1879 959 1921; x_wconf 93' lang='lat' dir='ltr'>nec</span> <span class='ocrx_word' id='word_1_111' title='bbox 979 1861 1128 1940; x_wconf 71' lang='lat' dir='ltr'>praevarii</span> 
     </span>
     <span class='ocr_line' id='line_1_19' title="bbox 255 1942 1128 2022; baseline -0.001 -20"><span class='ocrx_word' id='word_1_112' title='bbox 255 1943 371 2002; x_wconf 88' lang='lat' dir='ltr'>tionem</span> <span class='ocrx_word' id='word_1_113' title='bbox 390 1943 421 2002; x_wconf 91' lang='lat' dir='ltr'>in</span> <span class='ocrx_word' id='word_1_114' title='bbox 443 1942 666 2022; x_wconf 87' lang='lat' dir='ltr'>patrocinando</span> <span class='ocrx_word' id='word_1_115' title='bbox 681 1943 858 2004; x_wconf 90' lang='lat' dir='ltr'>calumniari</span> <span class='ocrx_word' id='word_1_116' title='bbox 875 1945 987 2022; x_wconf 86' lang='lat' dir='ltr'>possis,</span> <span class='ocrx_word' id='word_1_117' title='bbox 1008 1962 1069 2022; x_wconf 91' lang='lat' dir='ltr'>qua</span> <span class='ocrx_word' id='word_1_118' title='bbox 1084 1962 1128 2022; x_wconf 88' lang='lat' dir='ltr'>pa:</span> 
     </span>
     <span class='ocr_line' id='line_1_20' title="bbox 256 2025 1128 2107; baseline 0 -23"><span class='ocrx_word' id='word_1_119' title='bbox 256 2026 412 2088; x_wconf 87' lang='lat' dir='ltr'>miraberis</span> <span class='ocrx_word' id='word_1_120' title='bbox 425 2025 574 2087; x_wconf 81' lang='lat' dir='ltr'>Erasmici</span> <span class='ocrx_word' id='word_1_121' title='bbox 594 2027 656 2087; x_wconf 89' lang='lat' dir='ltr'>stili</span> <span class='ocrx_word' id='word_1_122' title='bbox 677 2026 856 2107; x_wconf 88' lang='lat' dir='ltr'>popularem</span> <span class='ocrx_word' id='word_1_123' title='bbox 871 2025 1052 2087; x_wconf 87' lang='lat' dir='ltr'>libertatem.</span> <span class='ocrx_word' id='word_1_124' title='bbox 1074 2026 1128 2085; x_wconf 80' lang='lat' dir='ltr'>Por</span> 
     </span>
     <span class='ocr_line' id='line_1_21' title="bbox 254 2108 1128 2188; baseline 0 -21"><span class='ocrx_word' id='word_1_125' title='bbox 254 2108 439 2169; x_wconf 89' lang='lat' dir='ltr'>Lutheriana</span> <span class='ocrx_word' id='word_1_126' title='bbox 460 2128 554 2169; x_wconf 88' lang='lat' dir='ltr'>causa</span> <span class='ocrx_word' id='word_1_127' title='bbox 575 2128 720 2188; x_wconf 89' lang='lat' dir='ltr'>quorsum</span> <span class='ocrx_word' id='word_1_128' title='bbox 743 2111 784 2170; x_wconf 88' lang='lat' dir='ltr'>sit</span> <span class='ocrx_word' id='word_1_129' title='bbox 802 2129 940 2186; x_wconf 83' lang='lat' dir='ltr'>evasura,</span> <span class='ocrx_word' id='word_1_130' title='bbox 962 2110 1066 2170; x_wconf 83' lang='lat' dir='ltr'>forsan</span> <span class='ocrx_word' id='word_1_131' title='bbox 1088 2127 1128 2188; x_wconf 88' lang='lat' dir='ltr'>pa</span> 
     </span>
     <span class='ocr_line' id='line_1_22' title="bbox 255 2189 1128 2272; baseline -0.001 -20"><span class='ocrx_word' id='word_1_132' title='bbox 255 2189 300 2252; x_wconf 89' lang='lat' dir='ltr'>bit</span> <span class='ocrx_word' id='word_1_133' title='bbox 321 2211 360 2252; x_wconf 86' lang='lat' dir='ltr'>ex</span> <span class='ocrx_word' id='word_1_134' title='bbox 382 2198 494 2253; x_wconf 87' lang='lat' dir='ltr'>eventu</span> <span class='ocrx_word' id='word_1_135' title='bbox 516 2191 723 2253; x_wconf 88' lang='lat' dir='ltr'>scholasticae</span> <span class='ocrx_word' id='word_1_136' title='bbox 745 2191 968 2272; x_wconf 86' lang='lat' dir='ltr'>disputationis,</span> <span class='ocrx_word' id='word_1_137' title='bbox 990 2211 1081 2271; x_wconf 89' lang='lat' dir='ltr'>quarn</span> <span class='ocrx_word' id='word_1_138' title='bbox 1104 2192 1128 2251; x_wconf 95' lang='lat' dir='ltr'>L</span> 
     </span>
     <span class='ocr_line' id='line_1_23' title="bbox 255 2274 1128 2355; baseline 0 -21"><span class='ocrx_word' id='word_1_139' title='bbox 255 2276 320 2335; x_wconf 89' lang='lat' dir='ltr'>siae</span> <span class='ocrx_word' id='word_1_140' title='bbox 348 2275 495 2337; x_wconf 85' lang='lat' dir='ltr'>vicesima</span> <span class='ocrx_word' id='word_1_141' title='bbox 527 2275 657 2355; x_wconf 87' lang='lat' dir='ltr'>septima</span> <span class='ocrx_word' id='word_1_142' title='bbox 689 2277 802 2335; x_wconf 88' lang='lat' dir='ltr'>mensis</span> <span class='ocrx_word' id='word_1_143' title='bbox 831 2276 915 2336; x_wconf 78' lang='lat' dir='ltr'>lunii</span> <span class='ocrx_word' id='word_1_144' title='bbox 944 2274 994 2335; x_wconf 90' lang='lat' dir='ltr'>die</span> <span class='ocrx_word' id='word_1_145' title='bbox 1020 2275 1087 2336; x_wconf 84' lang='lat' dir='ltr'>sore</span> <span class='ocrx_word' id='word_1_146' title='bbox 1110 2275 1128 2335; x_wconf 75' lang='lat' dir='ltr'>ii</span> 
     </span>
     <span class='ocr_line' id='line_1_24' title="bbox 254 2357 1128 2438; baseline -0.002 -19"><span class='ocrx_word' id='word_1_147' title='bbox 254 2357 367 2419; x_wconf 89' lang='lat' dir='ltr'>dudum</span> <span class='ocrx_word' id='word_1_148' title='bbox 395 2360 475 2419; x_wconf 89' lang='lat' dir='ltr'>inter</span> <span class='ocrx_word' id='word_1_149' title='bbox 502 2368 603 2438; x_wconf 87' lang='lat' dir='ltr'>partes</span> <span class='ocrx_word' id='word_1_150' title='bbox 637 2361 791 2419; x_wconf 91' lang='lat' dir='ltr'>convenit.</span> <span class='ocrx_word' id='word_1_151' title='bbox 835 2357 978 2437; x_wconf 82' lang='lat' dir='ltr'>Quisquis</span> <span class='ocrx_word' id='word_1_152' title='bbox 1007 2377 1081 2438; x_wconf 84' lang='lat' dir='ltr'>ergo</span> <span class='ocrx_word' id='word_1_153' title='bbox 1110 2378 1128 2417; x_wconf 44' lang='lat' dir='ltr'>r,</span> 
     </span>
     <span class='ocr_line' id='line_1_25' title="bbox 253 2440 1126 2522; baseline -0.003 -20"><span class='ocrx_word' id='word_1_154' title='bbox 253 2440 412 2502; x_wconf 83' lang='lat' dir='ltr'>conflictus</span> <span class='ocrx_word' id='word_1_155' title='bbox 436 2449 593 2522; x_wconf 88' lang='lat' dir='ltr'>spectator</span> <span class='ocrx_word' id='word_1_156' title='bbox 614 2461 684 2501; x_wconf 84' lang='lat' dir='ltr'>esse</span> <span class='ocrx_word' id='word_1_157' title='bbox 705 2443 805 2521; x_wconf 79' lang='lat' dir='ltr'>cupis,</span> <span class='ocrx_word' id='word_1_158' title='bbox 835 2441 884 2502; x_wconf 85' lang='lat' dir='ltr'>fec</span> <span class='ocrx_word' id='word_1_159' title='bbox 905 2441 1018 2520; x_wconf 84' lang='lat' dir='ltr'>hospes</span> <span class='ocrx_word' id='word_1_160' title='bbox 1041 2444 1071 2500; x_wconf 91' lang='lat' dir='ltr'>in</span> <span class='ocrx_word' id='word_1_161' title='bbox 1095 2448 1126 2500; x_wconf 90' lang='lat' dir='ltr'>te</span> 
     </span>
     <span class='ocr_line' id='line_1_26' title="bbox 253 2524 1128 2605; baseline -0.005 -19"><span class='ocrx_word' id='word_1_162' title='bbox 253 2544 329 2605; x_wconf 88' lang='lat' dir='ltr'>pore</span> <span class='ocrx_word' id='word_1_163' title='bbox 354 2525 446 2587; x_wconf 86' lang='lat' dir='ltr'>adsis.</span> <span class='ocrx_word' id='word_1_164' title='bbox 490 2526 574 2585; x_wconf 86' lang='lat' dir='ltr'>Bene</span> <span class='ocrx_word' id='word_1_165' title='bbox 605 2524 707 2585; x_wconf 85' lang='lat' dir='ltr'>vale.“</span> <span class='ocrx_word' id='word_1_166' title='bbox 750 2525 827 2585; x_wconf 83' lang='lat' dir='ltr'>Cum</span> <span class='ocrx_word' id='word_1_167' title='bbox 860 2531 945 2584; x_wconf 87' lang='lat' dir='ltr'>textu</span> <span class='ocrx_word' id='word_1_168' title='bbox 978 2524 1066 2584; x_wconf 87' lang='lat' dir='ltr'>huius</span> <span class='ocrx_word' id='word_1_169' title='bbox 1102 2524 1128 2583; x_wconf 71' lang='lat' dir='ltr'>li?</span> 
     </span>
     <span class='ocr_line' id='line_1_27' title="bbox 254 2606 1128 2686; baseline -0.006 -19"><span class='ocrx_word' id='word_1_170' title='bbox 254 2607 437 2668; x_wconf 88' lang='lat' dir='ltr'>contulimus</span> <span class='ocrx_word' id='word_1_171' title='bbox 472 2609 564 2667; x_wconf 92' lang='lat' dir='ltr'>etiam</span> <span class='ocrx_word' id='word_1_172' title='bbox 594 2614 712 2668; x_wconf 86' lang='lat' dir='ltr'>textum</span> <span class='ocrx_word' id='word_1_173' title='bbox 733 2606 840 2668; x_wconf 90' lang='lat' dir='ltr'>harum</span> <span class='ocrx_word' id='word_1_174' title='bbox 863 2607 1009 2686; x_wconf 85' lang='lat' dir='ltr'>thesium,</span> <span class='ocrx_word' id='word_1_175' title='bbox 1048 2607 1128 2685; x_wconf 72' lang='lat' dir='ltr'>quii</span> 
     </span>
     <span class='ocr_line' id='line_1_28' title="bbox 253 2687 1128 2769; baseline -0.003 -18"><span class='ocrx_word' id='word_1_176' title='bbox 253 2693 285 2751; x_wconf 94' lang='lat' dir='ltr'>in</span> <span class='ocrx_word' id='word_1_177' title='bbox 306 2689 405 2768; x_wconf 89' lang='lat' dir='ltr'>libro,</span> <span class='ocrx_word' id='word_1_178' title='bbox 441 2692 492 2769; x_wconf 91' lang='lat' dir='ltr'>qui</span> <span class='ocrx_word' id='word_1_179' title='bbox 528 2709 609 2750; x_wconf 90' lang='lat' dir='ltr'>anno</span> <span class='ocrx_word' id='word_1_180' title='bbox 634 2692 713 2754; x_wconf 68' lang='lat'>1549</span> <span class='ocrx_word' id='word_1_181' title='bbox 746 2690 802 2751; x_wconf 89' lang='lat' dir='ltr'>sub</span> <span class='ocrx_word' id='word_1_182' title='bbox 834 2691 895 2751; x_wconf 87' lang='lat' dir='ltr'>hcc</span> <span class='ocrx_word' id='word_1_183' title='bbox 923 2690 1011 2750; x_wconf 88' lang='lat' dir='ltr'>titulo</span> <span class='ocrx_word' id='word_1_184' title='bbox 1040 2687 1128 2768; x_wconf 93' lang='lat' dir='ltr'>prodi</span> 
     </span>
     <span class='ocr_line' id='line_1_29' title="bbox 254 2772 1128 2853; baseline -0.002 -20"><span class='ocrx_word' id='word_1_185' title='bbox 254 2773 428 2853; x_wconf 87' lang='lat' dir='ltr'>Disputatio</span> <span class='ocrx_word' id='word_1_186' title='bbox 452 2773 668 2834; x_wconf 90' lang='lat' dir='ltr'>excellentium</span> <span class='ocrx_word' id='word_1_187' title='bbox 689 2773 727 2832; x_wconf 91' lang='lat' dir='ltr'>D.</span> <span class='ocrx_word' id='word_1_188' title='bbox 745 2773 905 2841; x_wconf 89' lang='lat' dir='ltr'>doctorum</span> <span class='ocrx_word' id='word_1_189' title='bbox 916 2773 1067 2834; x_wconf 75' lang='lat' dir='ltr'>iohannis</span> <span class='ocrx_word' id='word_1_190' title='bbox 1085 2772 1128 2831; x_wconf 83' lang='lat' dir='ltr'>Ec</span> 
     </span>
     <span class='ocr_line' id='line_1_30' title="bbox 165 2855 1128 2935; baseline 0 -19"><span class='ocrx_word' id='word_1_191' title='bbox 165 2861 167 2865; x_wconf 71' lang='lat'>‘</span> <span class='ocrx_word' id='word_1_192' title='bbox 254 2862 286 2917; x_wconf 89' lang='lat' dir='ltr'>et</span> <span class='ocrx_word' id='word_1_193' title='bbox 306 2855 450 2917; x_wconf 82' lang='lat' dir='ltr'>Andreae</span> <span class='ocrx_word' id='word_1_194' title='bbox 463 2856 677 2918; x_wconf 75' lang='lat' dir='ltr'>&#39;Carolostadii</span> <span class='ocrx_word' id='word_1_195' title='bbox 699 2856 821 2935; x_wconf 78' lang='lat' dir='ltr'>lipsiae</span> <span class='ocrx_word' id='word_1_196' title='bbox 850 2865 925 2935; x_wconf 79' lang='lat' dir='ltr'>etc,</span> <span class='ocrx_word' id='word_1_197' title='bbox 959 2862 991 2917; x_wconf 93' lang='lat' dir='ltr'>et</span> <span class='ocrx_word' id='word_1_198' title='bbox 1016 2855 1128 2917; x_wconf 78' lang='lat' dir='ltr'>edition</span> 
     </span>
     <span class='ocr_line' id='line_1_31' title="bbox 254 2939 1096 3019; baseline 0.005 -20"><span class='ocrx_word' id='word_1_199' title='bbox 254 2939 580 3019; x_wconf 88' lang='lat' dir='ltr'>Propositionum</span> <span class='ocrx_word' id='word_1_200' title='bbox 601 2939 759 3000; x_wconf 88' lang='lat' dir='ltr'>Lutheri</span> <span class='ocrx_word' id='word_1_201' title='bbox 781 2959 809 3001; x_wconf 92' lang='lat' dir='ltr'>a.</span> <span class='ocrx_word' id='word_1_202' title='bbox 833 2941 913 3004; x_wconf 79' lang='lat'>1538</span> <span class='ocrx_word' id='word_1_203' title='bbox 936 2945 967 3000; x_wconf 90' lang='lat' dir='ltr'>et</span> <span class='ocrx_word' id='word_1_204' title='bbox 990 2940 1096 3003; x_wconf 60' lang='lat'>1558:</span> 
     </span>
    </p>
   </div>
   <div class='ocr_carea' id='block_1_4' title="bbox 167 3104 1128 3336">
    <p class='ocr_par' dir='ltr' id='par_1_4' title="bbox 167 3104 1128 3336">
     <span class='ocr_line' id='line_1_32' title="bbox 253 3104 1128 3184; baseline 0.002 -20"><span class='ocrx_word' id='word_1_205' title='bbox 253 3104 480 3184; x_wconf 88' lang='lat' dir='ltr'>Disputatio</span> <span class='ocrx_word' id='word_1_206' title='bbox 511 3110 551 3167; x_wconf 91' lang='lat' dir='ltr'>et</span> <span class='ocrx_word' id='word_1_207' title='bbox 571 3105 786 3166; x_wconf 75' lang='lat' dir='ltr'>Excusatio</span> <span class='ocrx_word' id='word_1_208' title='bbox 817 3105 854 3168; x_wconf 89' lang='lat' dir='ltr'>D.</span> <span class='ocrx_word' id='word_1_209' title='bbox 875 3106 959 3170; x_wconf 79' lang='lat' dir='ltr'>ioh.</span> <span class='ocrx_word' id='word_1_210' title='bbox 981 3106 1128 3167; x_wconf 84' lang='lat' dir='ltr'>Ecciis</span> 
     </span>
     <span class='ocr_line' id='line_1_33' title="bbox 167 3186 1128 3253; baseline 0.002 -6"><span class='ocrx_word' id='word_1_211' title='bbox 167 3194 170 3198; x_wconf 82' lang='grc'><strong>“</strong></span> <span class='ocrx_word' id='word_1_212' title='bbox 254 3206 394 3248; x_wconf 86' lang='lat' dir='ltr'>versus</span> <span class='ocrx_word' id='word_1_213' title='bbox 427 3186 734 3253; x_wconf 78' lang='lat' dir='ltr'>Criminationes</span> <span class='ocrx_word' id='word_1_214' title='bbox 766 3189 798 3250; x_wconf 81' lang='lat' dir='ltr'>F.</span> <span class='ocrx_word' id='word_1_215' title='bbox 831 3189 994 3250; x_wconf 84' lang='lat' dir='ltr'>Martini</span> <span class='ocrx_word' id='word_1_216' title='bbox 1029 3189 1128 3250; x_wconf 80' lang='lat' dir='ltr'>Lutt‹</span> 
     </span>
     <span class='ocr_line' id='line_1_34' title="bbox 487 3258 939 3336; baseline 0.009 -5"><span class='ocrx_word' id='word_1_217' title='bbox 487 3258 638 3332; x_wconf 83' lang='lat' dir='ltr'>ordinis</span> <span class='ocrx_word' id='word_1_218' title='bbox 672 3271 939 3336; x_wconf 84' lang='lat' dir='ltr'>Eremitarum.</span> 
     </span>
    </p>
   </div>
   <div class='ocr_carea' id='block_1_5' title="bbox 208 3436 1128 3941">
    <p class='ocr_par' dir='ltr' id='par_1_5' title="bbox 208 3436 1128 3941">
     <span class='ocr_line' id='line_1_35' title="bbox 334 3436 1128 3519; baseline 0.001 -22"><span class='ocrx_word' id='word_1_219' title='bbox 334 3436 401 3499; x_wconf 86' lang='lat' dir='ltr'>Deo</span> <span class='ocrx_word' id='word_1_220' title='bbox 435 3436 660 3497; x_wconf 87' lang='lat' dir='ltr'>amandissimis</span> <span class='ocrx_word' id='word_1_221' title='bbox 692 3439 836 3518; x_wconf 78' lang='lat' dir='ltr'>praelatis</span> <span class='ocrx_word' id='word_1_222' title='bbox 866 3439 1001 3499; x_wconf 90' lang='lat' dir='ltr'>Domino</span> <span class='ocrx_word' id='word_1_223' title='bbox 1031 3439 1128 3519; x_wconf 87' lang='lat' dir='ltr'>Caspa</span> 
     </span>
     <span class='ocr_line' id='line_1_36' title="bbox 234 3519 1126 3598; baseline 0 -18"><span class='ocrx_word' id='word_1_224' title='bbox 234 3519 366 3594; x_wconf 34' lang='lat' dir='ltr'>⁸Abbati</span> <span class='ocrx_word' id='word_1_225' title='bbox 396 3520 489 3580; x_wconf 84' lang='lat' dir='ltr'>fontis</span> <span class='ocrx_word' id='word_1_226' title='bbox 513 3520 696 3598; x_wconf 70' lang='lat' dir='ltr'>suessonis,</span> <span class='ocrx_word' id='word_1_227' title='bbox 732 3530 763 3582; x_wconf 88' lang='lat' dir='ltr'>et</span> <span class='ocrx_word' id='word_1_228' title='bbox 788 3521 922 3583; x_wconf 91' lang='lat' dir='ltr'>Domino</span> <span class='ocrx_word' id='word_1_229' title='bbox 943 3522 1080 3582; x_wconf 81' lang='lat' dir='ltr'>Jchcnni</span> <span class='ocrx_word' id='word_1_230' title='bbox 1103 3522 1126 3581; x_wconf 89' lang='lat' dir='ltr'>P</span> 
     </span>
     <span class='ocr_line' id='line_1_37' title="bbox 253 3603 1128 3683; baseline 0.001 -21"><span class='ocrx_word' id='word_1_231' title='bbox 253 3603 337 3683; x_wconf 82' lang='lat' dir='ltr'>tingi,</span> <span class='ocrx_word' id='word_1_232' title='bbox 356 3605 544 3682; x_wconf 79' lang='lat' dir='ltr'>praeposito,</span> <span class='ocrx_word' id='word_1_233' title='bbox 566 3605 704 3682; x_wconf 88' lang='lat' dir='ltr'>patronis</span> <span class='ocrx_word' id='word_1_234' title='bbox 717 3606 779 3665; x_wconf 88' lang='lat' dir='ltr'>suis</span> <span class='ocrx_word' id='word_1_235' title='bbox 795 3603 1091 3683; x_wconf 83' lang='lat' dir='ltr'>observandissimis,</span> <span class='ocrx_word' id='word_1_236' title='bbox 1113 3605 1128 3663; x_wconf 92' lang='lat' dir='ltr'>l</span> 
     </span>
     <span class='ocr_line' id='line_1_38' title="bbox 245 3685 854 3768; baseline 0.007 -25"><span class='ocrx_word' id='word_1_237' title='bbox 245 3687 313 3744; x_wconf 80' lang='lat' dir='ltr'>cias</span> <span class='ocrx_word' id='word_1_238' title='bbox 332 3687 365 3746; x_wconf 85' lang='lat' dir='ltr'>in</span> <span class='ocrx_word' id='word_1_239' title='bbox 387 3685 526 3749; x_wconf 87' lang='lat' dir='ltr'>Domino</span> <span class='ocrx_word' id='word_1_240' title='bbox 547 3686 624 3748; x_wconf 77' lang='lat' dir='ltr'>lesu</span> <span class='ocrx_word' id='word_1_241' title='bbox 644 3685 727 3749; x_wconf 90' lang='lat' dir='ltr'>bene</span> <span class='ocrx_word' id='word_1_242' title='bbox 748 3706 854 3768; x_wconf 75' lang='lat' dir='ltr'>agere.</span> 
     </span>
     <span class='ocr_line' id='line_1_39' title="bbox 318 3767 1128 3835; baseline -0.009 -6"><span class='ocrx_word' id='word_1_243' title='bbox 318 3767 397 3831; x_wconf 83' lang='lat' dir='ltr'>Cum</span> <span class='ocrx_word' id='word_1_244' title='bbox 422 3771 503 3834; x_wconf 88' lang='lat' dir='ltr'>rnihi</span> <span class='ocrx_word' id='word_1_245' title='bbox 526 3792 614 3835; x_wconf 88' lang='lat' dir='ltr'>nova</span> <span class='ocrx_word' id='word_1_246' title='bbox 635 3771 786 3835; x_wconf 85' lang='lat' dir='ltr'>doctrina</span> <span class='ocrx_word' id='word_1_247' title='bbox 801 3768 990 3830; x_wconf 77' lang='lat' dir='ltr'>Reuereudu</span> <span class='ocrx_word' id='word_1_248' title='bbox 1002 3767 1128 3825; x_wconf 60' lang='lat' dir='ltr'>latiis·</span> 
     </span>
     <span class='ocr_line' id='line_1_40' title="bbox 208 3843 1128 3941; baseline 0 -34"><span class='ocrx_word' id='word_1_249' title='bbox 208 3843 352 3914; x_wconf 73' lang='lat' dir='ltr'>Lutheri</span> <span class='ocrx_word' id='word_1_250' title='bbox 370 3855 617 3941; x_wconf 84' lang='lat' dir='ltr'>Augustiniani</span> <span class='ocrx_word' id='word_1_251' title='bbox 648 3858 726 3931; x_wconf 81' lang='lat' dir='ltr'>visa</span> <span class='ocrx_word' id='word_1_252' title='bbox 754 3854 875 3919; x_wconf 80' lang='lat' dir='ltr'>luisset</span> <span class='ocrx_word' id='word_1_253' title='bbox 906 3852 947 3910; x_wconf 83' lang='lat' dir='ltr'>iu</span> <span class='ocrx_word' id='word_1_254' title='bbox 966 3846 1079 3908; x_wconf 72' lang='lat' dir='ltr'>mulos</span> <span class='ocrx_word' id='word_1_255' title='bbox 1110 3861 1128 3899; x_wconf 70' lang='lat' dir='ltr'>a</span> 
     </span>
    </p>
   </div>
   <div class='ocr_carea' id='block_1_6' title="bbox 0 0 1360 4417">
    <p class='ocr_par' dir='ltr' id='par_1_6' title="bbox 0 0 1360 4417">
     <span class='ocr_line' id='line_1_41' title="bbox 0 0 1360 4417; baseline 0 0"><span class='ocrx_word' id='word_1_256' title='bbox 0 0 1360 4417; x_wconf 95' lang='lat' dir='ltr'> </span> 
     </span>
    </p>
   </div>
  </div>
 </body>
</html>
