<?xml version="1.0" encoding="UTF-8"?>
<!DOCTYPE html PUBLIC "-//W3C//DTD XHTML 1.0 Transitional//EN"
    "http://www.w3.org/TR/xhtml1/DTD/xhtml1-transitional.dtd">
<html xmlns="http://www.w3.org/1999/xhtml" xml:lang="en" lang="en">
 <head>
  <title>
</title>
<meta http-equiv="Content-Type" content="text/html;charset=utf-8" />
  <meta name='ocr-system' content='tesseract 3.04.00' />
  <meta name='ocr-capabilities' content='ocr_page ocr_carea ocr_par ocr_line ocrx_word'/>
</head>
<body>
  <div class='ocr_page' id='page_1' title='image "./operalatinavari00schmgoog_0104.png"; bbox 0 0 2709 4417; ppageno 0'>
   <div class='ocr_carea' id='block_1_1' title="bbox 226 344 1018 429">
    <p class='ocr_par' dir='ltr' id='par_1_1' title="bbox 226 344 1018 429">
     <span class='ocr_line' id='line_1_1' title="bbox 226 344 1018 429; baseline 0.001 -18"><span class='ocrx_word' id='word_1_1' title='bbox 226 354 269 424; x_wconf 68' lang='grc' dir='ltr'>ιι</span> <span class='ocrx_word' id='word_1_2' title='bbox 420 359 576 428; x_wconf 68' lang='lat' dir='ltr'>uspersus</span> <span class='ocrx_word' id='word_1_3' title='bbox 594 361 703 429; x_wconf 63' lang='lat' dir='ltr'>upum</span> <span class='ocrx_word' id='word_1_4' title='bbox 722 361 817 415; x_wconf 72' lang='grc' dir='ltr'><strong>ιιιιιι</strong></span> <span class='ocrx_word' id='word_1_5' title='bbox 836 376 860 413; x_wconf 74' lang='grc' dir='ltr'>ι.</span> <span class='ocrx_word' id='word_1_6' title='bbox 878 359 937 414; x_wconf 88' lang='grc' dir='ltr'>ιιι</span> <span class='ocrx_word' id='word_1_7' title='bbox 1012 344 1018 353; x_wconf 93' lang='grc'>’</span> 
     </span>
    </p>
   </div>
   <div class='ocr_carea' id='block_1_2' title="bbox 137 543 1129 3696">
    <p class='ocr_par' dir='ltr' id='par_1_2' title="bbox 221 543 1126 1541">
     <span class='ocr_line' id='line_1_2' title="bbox 225 543 1111 646; baseline 0.006 -41"><span class='ocrx_word' id='word_1_8' title='bbox 225 545 277 606; x_wconf 85' lang='lat' dir='ltr'>vix</span> <span class='ocrx_word' id='word_1_9' title='bbox 305 545 381 606; x_wconf 93' lang='lat' dir='ltr'>duos</span> <span class='ocrx_word' id='word_1_10' title='bbox 408 551 531 607; x_wconf 88' lang='lat' dir='ltr'>autores</span> <span class='ocrx_word' id='word_1_11' title='bbox 544 543 689 646; x_wconf 62' lang='lat' dir='ltr'>habet,-</span> <span class='ocrx_word' id='word_1_12' title='bbox 710 551 742 606; x_wconf 87' lang='lat' dir='ltr'>et</span> <span class='ocrx_word' id='word_1_13' title='bbox 770 545 896 609; x_wconf 86' lang='lat' dir='ltr'>eosdenl</span> <span class='ocrx_word' id='word_1_14' title='bbox 922 545 1094 628; x_wconf 80' lang='lat' dir='ltr'>ambiguos</span> <span class='ocrx_word' id='word_1_15' title='bbox 1089 568 1111 610; x_wconf 91' lang='grc' dir='ltr'>ι</span> 
     </span>
     <span class='ocr_line' id='line_1_3' title="bbox 225 590 1114 710; baseline 0.004 -21"><span class='ocrx_word' id='word_1_16' title='bbox 225 647 311 690; x_wconf 84' lang='lat' dir='ltr'>susm</span> <span class='ocrx_word' id='word_1_17' title='bbox 345 630 537 690; x_wconf 87' lang='lat' dir='ltr'>sententiam</span> <span class='ocrx_word' id='word_1_18' title='bbox 544 590 672 691; x_wconf 77' lang='lat' dir='ltr'>‘&#39;&#39;Gum</span> <span class='ocrx_word' id='word_1_19' title='bbox 683 635 784 690; x_wconf 87' lang='lat' dir='ltr'>tomen</span> <span class='ocrx_word' id='word_1_20' title='bbox 813 630 911 691; x_wconf 86' lang='lat' dir='ltr'>maior</span> <span class='ocrx_word' id='word_1_21' title='bbox 932 648 1002 710; x_wconf 88' lang='lat' dir='ltr'>pars</span> <span class='ocrx_word' id='word_1_22' title='bbox 1022 636 1114 693; x_wconf 83' lang='lat' dir='ltr'>statuat</span> 
     </span>
     <span class='ocr_line' id='line_1_4' title="bbox 224 712 1116 794; baseline 0.006 -22"><span class='ocrx_word' id='word_1_23' title='bbox 224 712 344 773; x_wconf 84' lang='lat' dir='ltr'>Petrum</span> <span class='ocrx_word' id='word_1_24' title='bbox 366 713 408 772; x_wconf 93' lang='lat' dir='ltr'>ihi</span> <span class='ocrx_word' id='word_1_25' title='bbox 430 712 523 772; x_wconf 83' lang='lat' dir='ltr'>fuisse</span> <span class='ocrx_word' id='word_1_26' title='bbox 541 731 705 792; x_wconf 88' lang='lat' dir='ltr'>personam</span> <span class='ocrx_word' id='word_1_27' title='bbox 725 714 860 773; x_wconf 89' lang='lat' dir='ltr'>omnium</span> <span class='ocrx_word' id='word_1_28' title='bbox 875 720 965 794; x_wconf 81' lang='lat' dir='ltr'>apost</span> <span class='ocrx_word' id='word_1_29' title='bbox 952 713 1078 774; x_wconf 91' lang='lat' dir='ltr'>olorum</span> <span class='ocrx_word' id='word_1_30' title='bbox 1093 720 1116 777; x_wconf 83' lang='grc' dir='ltr'>ιι</span> 
     </span>
     <span class='ocr_line' id='line_1_5' title="bbox 224 794 1117 875; baseline 0.001 -20"><span class='ocrx_word' id='word_1_31' title='bbox 224 794 375 870; x_wconf 88' lang='lat' dir='ltr'>fidelium,</span> <span class='ocrx_word' id='word_1_32' title='bbox 398 795 479 874; x_wconf 87' lang='lat' dir='ltr'>quod</span> <span class='ocrx_word' id='word_1_33' title='bbox 502 796 624 874; x_wconf 90' lang='lat' dir='ltr'>etipse</span> <span class='ocrx_word' id='word_1_34' title='bbox 647 802 747 856; x_wconf 90' lang='lat' dir='ltr'>textus</span> <span class='ocrx_word' id='word_1_35' title='bbox 770 797 990 875; x_wconf 73' lang='lat' dir='ltr'>consequentia</span> <span class='ocrx_word' id='word_1_36' title='bbox 1012 817 1065 856; x_wconf 90' lang='lat' dir='ltr'>sua</span> <span class='ocrx_word' id='word_1_37' title='bbox 1080 817 1117 857; x_wconf 92' lang='lat' dir='ltr'>ur-</span> 
     </span>
     <span class='ocr_line' id='line_1_6' title="bbox 222 878 1118 960; baseline 0.003 -22"><span class='ocrx_word' id='word_1_38' title='bbox 222 887 284 960; x_wconf 87' lang='lat' dir='ltr'>get,</span> <span class='ocrx_word' id='word_1_39' title='bbox 297 878 367 939; x_wconf 93' lang='lat' dir='ltr'>dum</span> <span class='ocrx_word' id='word_1_40' title='bbox 382 879 536 940; x_wconf 82' lang='lat' dir='ltr'>Christus</span> <span class='ocrx_word' id='word_1_41' title='bbox 527 885 696 959; x_wconf 79' lang='lat' dir='ltr'>interrogat</span> <span class='ocrx_word' id='word_1_42' title='bbox 707 897 823 954; x_wconf 89' lang='lat' dir='ltr'>omnes,</span> <span class='ocrx_word' id='word_1_43' title='bbox 845 885 878 941; x_wconf 88' lang='lat' dir='ltr'>et</span> <span class='ocrx_word' id='word_1_44' title='bbox 894 898 957 940; x_wconf 94' lang='lat' dir='ltr'>non</span> <span class='ocrx_word' id='word_1_45' title='bbox 971 878 1066 940; x_wconf 93' lang='lat' dir='ltr'>solum</span> <span class='ocrx_word' id='word_1_46' title='bbox 1076 881 1118 941; x_wconf 87' lang='lat' dir='ltr'>Pe·</span> 
     </span>
     <span class='ocr_line' id='line_1_7' title="bbox 225 961 1121 1040; baseline 0.004 -19"><span class='ocrx_word' id='word_1_47' title='bbox 225 970 313 1037; x_wconf 88' lang='lat' dir='ltr'>trum,</span> <span class='ocrx_word' id='word_1_48' title='bbox 335 962 456 1022; x_wconf 89' lang='lat' dir='ltr'>dicens:</span> <span class='ocrx_word' id='word_1_49' title='bbox 480 962 544 1022; x_wconf 93' lang='lat' dir='ltr'>Vos</span> <span class='ocrx_word' id='word_1_50' title='bbox 566 968 667 1022; x_wconf 84' lang='lat' dir='ltr'>antem</span> <span class='ocrx_word' id='word_1_51' title='bbox 692 980 844 1040; x_wconf 90' lang='lat' dir='ltr'>quemme</span> <span class='ocrx_word' id='word_1_52' title='bbox 867 982 936 1023; x_wconf 90' lang='lat' dir='ltr'>esse</span> <span class='ocrx_word' id='word_1_53' title='bbox 958 961 1073 1024; x_wconf 78' lang='lat' dir='ltr'>dicitis?</span> <span class='ocrx_word' id='word_1_54' title='bbox 1090 962 1121 1025; x_wconf 81' lang='lat' dir='ltr'>ut</span> 
     </span>
     <span class='ocr_line' id='line_1_8' title="bbox 221 1007 1122 1127; baseline 0.003 -22"><span class='ocrx_word' id='word_1_55' title='bbox 221 1044 264 1108; x_wconf 94' lang='lat' dir='ltr'>ibi</span> <span class='ocrx_word' id='word_1_56' title='bbox 285 1007 402 1123; x_wconf 53' lang='lat' dir='ltr'>P&#39;etrus,</span> <span class='ocrx_word' id='word_1_57' title='bbox 424 1064 459 1106; x_wconf 89' lang='lat' dir='ltr'>os</span> <span class='ocrx_word' id='word_1_58' title='bbox 481 1044 701 1124; x_wconf 87' lang='lat' dir='ltr'>apostolorum,</span> <span class='ocrx_word' id='word_1_59' title='bbox 724 1052 757 1106; x_wconf 89' lang='grc' dir='ltr'>ιι</span> <span class='ocrx_word' id='word_1_60' title='bbox 773 1039 1012 1127; x_wconf 79' lang='lat' dir='ltr'>Chrysostomus</span> <span class='ocrx_word' id='word_1_61' title='bbox 1032 1047 1080 1124; x_wconf 82' lang='lat' dir='ltr'>ait,</span> <span class='ocrx_word' id='word_1_62' title='bbox 1097 1053 1122 1108; x_wconf 88' lang='lat' dir='ltr'>et</span> 
     </span>
     <span class='ocr_line' id='line_1_9' title="bbox 222 1119 1127 1210; baseline 0.003 -21"><span class='ocrx_word' id='word_1_63' title='bbox 222 1147 358 1209; x_wconf 88' lang='lat' dir='ltr'>persona</span> <span class='ocrx_word' id='word_1_64' title='bbox 380 1128 609 1209; x_wconf 88' lang='lat' dir='ltr'>apostolorum,</span> <span class='ocrx_word' id='word_1_65' title='bbox 637 1135 677 1188; x_wconf 96' lang='lat' dir='ltr'>ut</span> <span class='ocrx_word' id='word_1_66' title='bbox 698 1127 902 1210; x_wconf 81' lang='lat' dir='ltr'>Hieronymus</span> <span class='ocrx_word' id='word_1_67' title='bbox 929 1136 961 1190; x_wconf 89' lang='lat' dir='ltr'>et</span> <span class='ocrx_word' id='word_1_68' title='bbox 987 1119 1127 1210; x_wconf 77' lang='lat' dir='ltr'>Origenes</span> 
     </span>
     <span class='ocr_line' id='line_1_10' title="bbox 224 1210 1123 1292; baseline 0.001 -20"><span class='ocrx_word' id='word_1_69' title='bbox 224 1212 347 1290; x_wconf 87' lang='lat' dir='ltr'>dicunt,</span> <span class='ocrx_word' id='word_1_70' title='bbox 370 1217 401 1271; x_wconf 91' lang='lat' dir='ltr'>et</span> <span class='ocrx_word' id='word_1_71' title='bbox 421 1210 514 1289; x_wconf 89' lang='lat' dir='ltr'>Beda,</span> <span class='ocrx_word' id='word_1_72' title='bbox 537 1217 568 1271; x_wconf 90' lang='lat' dir='ltr'>et</span> <span class='ocrx_word' id='word_1_73' title='bbox 587 1212 792 1292; x_wconf 80' lang='lat' dir='ltr'>Augustinus,</span> <span class='ocrx_word' id='word_1_74' title='bbox 823 1220 854 1274; x_wconf 91' lang='lat' dir='ltr'>et</span> <span class='ocrx_word' id='word_1_75' title='bbox 872 1211 1068 1288; x_wconf 84' lang='lat' dir='ltr'>Ambrosius,</span> <span class='ocrx_word' id='word_1_76' title='bbox 1086 1231 1123 1273; x_wconf 87' lang='lat' dir='ltr'>re·</span> 
     </span>
     <span class='ocr_line' id='line_1_11' title="bbox 223 1259 1125 1376; baseline 0 -20"><span class='ocrx_word' id='word_1_77' title='bbox 223 1294 357 1376; x_wconf 79' lang='lat' dir='ltr'>spondet</span> <span class='ocrx_word' id='word_1_78' title='bbox 376 1313 434 1374; x_wconf 94' lang='lat' dir='ltr'>pro</span> <span class='ocrx_word' id='word_1_79' title='bbox 456 1293 606 1356; x_wconf 89' lang='lat' dir='ltr'>omnihus</span> <span class='ocrx_word' id='word_1_80' title='bbox 649 1293 726 1356; x_wconf 89' lang='lat' dir='ltr'>Ideo</span> <span class='ocrx_word' id='word_1_81' title='bbox 755 1294 816 1357; x_wconf 86' lang='lat' dir='ltr'>dixi</span> <span class='ocrx_word' id='word_1_82' title='bbox 845 1295 920 1356; x_wconf 93' lang='lat' dir='ltr'>nihil</span> <span class='ocrx_word' id='word_1_83' title='bbox 946 1259 1068 1375; x_wconf 84' lang='lat' dir='ltr'>probari</span> <span class='ocrx_word' id='word_1_84' title='bbox 1092 1315 1125 1356; x_wconf 86' lang='lat' dir='ltr'>ex</span> 
     </span>
     <span class='ocr_line' id='line_1_12' title="bbox 223 1377 1126 1459; baseline -0.001 -20"><span class='ocrx_word' id='word_1_85' title='bbox 223 1378 283 1439; x_wconf 88' lang='lat' dir='ltr'>hac</span> <span class='ocrx_word' id='word_1_86' title='bbox 304 1379 467 1439; x_wconf 88' lang='lat' dir='ltr'>autoritate</span> <span class='ocrx_word' id='word_1_87' title='bbox 488 1378 527 1438; x_wconf 93' lang='lat' dir='ltr'>de</span> <span class='ocrx_word' id='word_1_88' title='bbox 548 1378 688 1456; x_wconf 77' lang='lat' dir='ltr'>primatu.</span> <span class='ocrx_word' id='word_1_89' title='bbox 732 1377 819 1459; x_wconf 91' lang='lat' dir='ltr'>Item,</span> <span class='ocrx_word' id='word_1_90' title='bbox 842 1378 925 1457; x_wconf 92' lang='lat' dir='ltr'>quod</span> <span class='ocrx_word' id='word_1_91' title='bbox 947 1379 1077 1439; x_wconf 83' lang='lat' dir='ltr'>textus</span> <span class='ocrx_word' id='word_1_92' title='bbox 1069 1398 1126 1458; x_wconf 82' lang='lat' dir='ltr'>ipse</span> 
     </span>
     <span class='ocr_line' id='line_1_13' title="bbox 222 1460 1126 1541; baseline -0.001 -19"><span class='ocrx_word' id='word_1_93' title='bbox 222 1480 286 1522; x_wconf 93' lang='lat' dir='ltr'>non</span> <span class='ocrx_word' id='word_1_94' title='bbox 310 1460 426 1521; x_wconf 89' lang='lat' dir='ltr'>dicit</span> <span class='ocrx_word' id='word_1_95' title='bbox 404 1479 463 1520; x_wconf 81' lang='lat' dir='ltr'>sio:</span> <span class='ocrx_word' id='word_1_96' title='bbox 495 1460 541 1520; x_wconf 83' lang='lat' dir='ltr'>Tu</span> <span class='ocrx_word' id='word_1_97' title='bbox 564 1479 598 1520; x_wconf 92' lang='lat' dir='ltr'>es</span> <span class='ocrx_word' id='word_1_98' title='bbox 618 1460 748 1537; x_wconf 88' lang='lat' dir='ltr'>Petrus,</span> <span class='ocrx_word' id='word_1_99' title='bbox 775 1467 807 1522; x_wconf 89' lang='lat' dir='ltr'>et</span> <span class='ocrx_word' id='word_1_100' title='bbox 827 1481 920 1541; x_wconf 88' lang='lat' dir='ltr'>super</span> <span class='ocrx_word' id='word_1_101' title='bbox 940 1469 985 1539; x_wconf 87' lang='lat' dir='ltr'>te,</span> <span class='ocrx_word' id='word_1_102' title='bbox 1013 1460 1126 1521; x_wconf 85' lang='lat' dir='ltr'>sedau-</span> 
     </span>
    </p>

    <p class='ocr_par' dir='ltr' id='par_1_3' title="bbox 221 1506 1127 1956">
     <span class='ocr_line' id='line_1_14' title="bbox 223 1506 1126 1625; baseline -0.001 -20"><span class='ocrx_word' id='word_1_103' title='bbox 223 1563 278 1624; x_wconf 90' lang='lat' dir='ltr'>per</span> <span class='ocrx_word' id='word_1_104' title='bbox 297 1543 378 1604; x_wconf 90' lang='lat' dir='ltr'>hauc</span> <span class='ocrx_word' id='word_1_105' title='bbox 398 1542 538 1619; x_wconf 85' lang='lat' dir='ltr'>Petram,</span> <span class='ocrx_word' id='word_1_106' title='bbox 555 1544 716 1607; x_wconf 84' lang='lat' dir='ltr'>manifeste</span> <span class='ocrx_word' id='word_1_107' title='bbox 736 1506 875 1606; x_wconf 85' lang='lat' dir='ltr'>indicans</span> <span class='ocrx_word' id='word_1_108' title='bbox 895 1550 1016 1625; x_wconf 82' lang='lat' dir='ltr'>petram</span> <span class='ocrx_word' id='word_1_109' title='bbox 1036 1544 1126 1622; x_wconf 86' lang='lat' dir='ltr'>aliam,</span> 
     </span>
     <span class='ocr_line' id='line_1_15' title="bbox 222 1626 1127 1707; baseline -0.002 -19"><span class='ocrx_word' id='word_1_110' title='bbox 222 1645 322 1706; x_wconf 78' lang='lat' dir='ltr'>equa</span> <span class='ocrx_word' id='word_1_111' title='bbox 345 1626 451 1687; x_wconf 89' lang='lat' dir='ltr'>Petrus</span> <span class='ocrx_word' id='word_1_112' title='bbox 473 1626 570 1687; x_wconf 89' lang='lat' dir='ltr'>dictus</span> <span class='ocrx_word' id='word_1_113' title='bbox 591 1627 638 1688; x_wconf 85' lang='lat' dir='ltr'>sit.</span> <span class='ocrx_word' id='word_1_114' title='bbox 674 1626 807 1688; x_wconf 83' lang='lat' dir='ltr'>Proinde</span> <span class='ocrx_word' id='word_1_115' title='bbox 833 1646 902 1688; x_wconf 89' lang='lat' dir='ltr'>cum</span> <span class='ocrx_word' id='word_1_116' title='bbox 933 1628 995 1688; x_wconf 91' lang='lat' dir='ltr'>siut</span> <span class='ocrx_word' id='word_1_117' title='bbox 1015 1626 1127 1707; x_wconf 77' lang='lat' dir='ltr'>vulgatu</span> 
     </span>
     <span class='ocr_line' id='line_1_16' title="bbox 221 1708 1127 1791; baseline 0.001 -22"><span class='ocrx_word' id='word_1_118' title='bbox 221 1710 296 1788; x_wconf 86' lang='lat' dir='ltr'>iura,</span> <span class='ocrx_word' id='word_1_119' title='bbox 319 1715 350 1769; x_wconf 92' lang='grc' dir='ltr'>ιι</span> <span class='ocrx_word' id='word_1_120' title='bbox 369 1708 429 1790; x_wconf 93' lang='lat' dir='ltr'>ipsi</span> <span class='ocrx_word' id='word_1_121' title='bbox 449 1710 539 1770; x_wconf 89' lang='lat' dir='ltr'>Rom.</span> <span class='ocrx_word' id='word_1_122' title='bbox 560 1708 724 1770; x_wconf 85' lang='lat' dir='ltr'>Pontifices</span> <span class='ocrx_word' id='word_1_123' title='bbox 745 1715 894 1772; x_wconf 84' lang='lat' dir='ltr'>testentur</span> <span class='ocrx_word' id='word_1_124' title='bbox 914 1711 1127 1791; x_wconf 71' lang='lat' dir='ltr'>interpretatio·</span> 
     </span>
     <span class='ocr_line' id='line_1_17' title="bbox 222 1791 1127 1873; baseline -0.001 -20"><span class='ocrx_word' id='word_1_125' title='bbox 222 1811 292 1853; x_wconf 90' lang='lat' dir='ltr'>nem</span> <span class='ocrx_word' id='word_1_126' title='bbox 315 1791 489 1872; x_wconf 79' lang='lat' dir='ltr'>Scripturas</span> <span class='ocrx_word' id='word_1_127' title='bbox 506 1793 604 1872; x_wconf 77' lang='lat' dir='ltr'>magis</span> <span class='ocrx_word' id='word_1_128' title='bbox 625 1792 732 1853; x_wconf 81' lang='lat' dir='ltr'>valere</span> <span class='ocrx_word' id='word_1_129' title='bbox 753 1793 834 1873; x_wconf 91' lang='lat' dir='ltr'>apud</span> <span class='ocrx_word' id='word_1_130' title='bbox 856 1794 1027 1872; x_wconf 87' lang='lat' dir='ltr'>Doctores,</span> <span class='ocrx_word' id='word_1_131' title='bbox 1046 1811 1127 1872; x_wconf 83' lang='lat' dir='ltr'>quam</span> 
     </span>
     <span class='ocr_line' id='line_1_18' title="bbox 222 1875 1127 1956; baseline 0.001 -20"><span class='ocrx_word' id='word_1_132' title='bbox 222 1875 302 1956; x_wconf 90' lang='lat' dir='ltr'>apud</span> <span class='ocrx_word' id='word_1_133' title='bbox 325 1894 358 1936; x_wconf 89' lang='lat' dir='ltr'>se</span> <span class='ocrx_word' id='word_1_134' title='bbox 378 1877 473 1953; x_wconf 88' lang='lat' dir='ltr'>ipsos,</span> <span class='ocrx_word' id='word_1_135' title='bbox 495 1876 526 1935; x_wconf 93' lang='lat' dir='ltr'>in</span> <span class='ocrx_word' id='word_1_136' title='bbox 548 1875 648 1936; x_wconf 88' lang='lat' dir='ltr'>causis</span> <span class='ocrx_word' id='word_1_137' title='bbox 669 1894 744 1936; x_wconf 91' lang='lat' dir='ltr'>vero</span> <span class='ocrx_word' id='word_1_138' title='bbox 766 1875 1025 1950; x_wconf 84' lang='lat' dir='ltr'>descindendis1)</span> <span class='ocrx_word' id='word_1_139' title='bbox 1039 1895 1127 1937; x_wconf 87' lang='lat' dir='ltr'>secus.</span> 
     </span>
    </p>

    <p class='ocr_par' dir='ltr' id='par_1_4' title="bbox 221 1957 1128 2205">
     <span class='ocr_line' id='line_1_19' title="bbox 303 1957 1127 2039; baseline -0.001 -20"><span class='ocrx_word' id='word_1_140' title='bbox 303 1958 351 2019; x_wconf 89' lang='lat' dir='ltr'>De</span> <span class='ocrx_word' id='word_1_141' title='bbox 371 1958 501 2020; x_wconf 86' lang='lat' dir='ltr'>erticulo</span> <span class='ocrx_word' id='word_1_142' title='bbox 522 1957 577 2019; x_wconf 91' lang='lat' dir='ltr'>illo</span> <span class='ocrx_word' id='word_1_143' title='bbox 600 1957 756 2020; x_wconf 85' lang='lat' dir='ltr'>Hussilico</span> <span class='ocrx_word' id='word_1_144' title='bbox 779 1959 843 2020; x_wconf 84' lang='lat' dir='ltr'>dixi</span> <span class='ocrx_word' id='word_1_145' title='bbox 865 1960 938 2020; x_wconf 88' lang='lat' dir='ltr'>satis</span> <span class='ocrx_word' id='word_1_146' title='bbox 960 1959 1035 2037; x_wconf 85' lang='lat' dir='ltr'>heri,</span> <span class='ocrx_word' id='word_1_147' title='bbox 1056 1957 1127 2039; x_wconf 87' lang='lat' dir='ltr'>quod</span> 
     </span>
     <span class='ocr_line' id='line_1_20' title="bbox 222 2041 1128 2122; baseline 0.002 -20"><span class='ocrx_word' id='word_1_148' title='bbox 222 2041 357 2102; x_wconf 93' lang='lat' dir='ltr'>nondum</span> <span class='ocrx_word' id='word_1_149' title='bbox 380 2041 541 2122; x_wconf 80' lang='lat' dir='ltr'>probatum</span> <span class='ocrx_word' id='word_1_150' title='bbox 565 2046 627 2119; x_wconf 90' lang='lat' dir='ltr'>est,</span> <span class='ocrx_word' id='word_1_151' title='bbox 649 2059 719 2101; x_wconf 90' lang='lat' dir='ltr'>eum</span> <span class='ocrx_word' id='word_1_152' title='bbox 741 2061 810 2104; x_wconf 90' lang='lat' dir='ltr'>esse</span> <span class='ocrx_word' id='word_1_153' title='bbox 829 2042 1030 2104; x_wconf 87' lang='lat' dir='ltr'>haereticum.</span> <span class='ocrx_word' id='word_1_154' title='bbox 1069 2041 1128 2104; x_wconf 90' lang='lat' dir='ltr'>Hoc</span> 
     </span>
     <span class='ocr_line' id='line_1_21' title="bbox 221 2087 817 2205; baseline -0.003 -19"><span class='ocrx_word' id='word_1_155' title='bbox 221 2143 279 2205; x_wconf 91' lang='lat' dir='ltr'>pro</span> <span class='ocrx_word' id='word_1_156' title='bbox 301 2127 505 2204; x_wconf 80' lang='lat' dir='ltr'>responsione</span> <span class='ocrx_word' id='word_1_157' title='bbox 527 2087 682 2185; x_wconf 81' lang='lat' dir='ltr'>matutine.</span> <span class='ocrx_word' id='word_1_158' title='bbox 815 2166 817 2171; x_wconf 89' lang='lat'>-</span> 
     </span>
    </p>

    <p class='ocr_par' dir='ltr' id='par_1_5' title="bbox 137 2194 1129 3696">
     <span class='ocr_line' id='line_1_22' title="bbox 303 2194 1128 2288; baseline 0 -20"><span class='ocrx_word' id='word_1_159' title='bbox 303 2194 472 2268; x_wconf 87' lang='lat' dir='ltr'>Redeuudo</span> <span class='ocrx_word' id='word_1_160' title='bbox 495 2206 533 2267; x_wconf 90' lang='lat' dir='ltr'>ad</span> <span class='ocrx_word' id='word_1_161' title='bbox 555 2206 741 2283; x_wconf 78' lang='lat' dir='ltr'>hesternam,</span> <span class='ocrx_word' id='word_1_162' title='bbox 763 2205 886 2285; x_wconf 85' lang='lat' dir='ltr'>quando</span> <span class='ocrx_word' id='word_1_163' title='bbox 899 2207 1128 2288; x_wconf 81' lang='lat' dir='ltr'>egregiusDD.</span> 
     </span>
     <span class='ocr_line' id='line_1_23' title="bbox 221 2289 1128 2387; baseline 0.001 -37"><span class='ocrx_word' id='word_1_164' title='bbox 221 2290 357 2351; x_wconf 90' lang='lat' dir='ltr'>secundo</span> <span class='ocrx_word' id='word_1_165' title='bbox 393 2291 464 2351; x_wconf 88' lang='lat' dir='ltr'>loeo</span> <span class='ocrx_word' id='word_1_166' title='bbox 493 2291 638 2369; x_wconf 87' lang='lat' dir='ltr'>opposuit</span> <span class='ocrx_word' id='word_1_167' title='bbox 665 2289 892 2386; x_wconf 84' lang='lat' dir='ltr'>depositionem</span> <span class='ocrx_word' id='word_1_168' title='bbox 926 2290 1128 2387; x_wconf 72' lang='lat' dir='ltr'>chrysostomi</span> 
     </span>
     <span class='ocr_line' id='line_1_24' title="bbox 219 2366 1128 2453; baseline 0.003 -21"><span class='ocrx_word' id='word_1_169' title='bbox 219 2366 290 2435; x_wconf 87' lang='lat' dir='ltr'>ideo</span> <span class='ocrx_word' id='word_1_170' title='bbox 312 2373 424 2435; x_wconf 81' lang='lat' dir='ltr'>factam</span> <span class='ocrx_word' id='word_1_171' title='bbox 446 2372 625 2452; x_wconf 84' lang='lat' dir='ltr'>illegitime,</span> <span class='ocrx_word' id='word_1_172' title='bbox 649 2374 718 2453; x_wconf 91' lang='lat' dir='ltr'>quia</span> <span class='ocrx_word' id='word_1_173' title='bbox 741 2372 813 2434; x_wconf 93' lang='lat' dir='ltr'>odio</span> <span class='ocrx_word' id='word_1_174' title='bbox 835 2373 1038 2453; x_wconf 77' lang='lat' dir='ltr'>imperatricis</span> <span class='ocrx_word' id='word_1_175' title='bbox 1054 2373 1128 2435; x_wconf 85' lang='grc' dir='ltr'><strong>ιιιιι</strong></span> 
     </span>
     <span class='ocr_line' id='line_1_25' title="bbox 220 2454 1128 2537; baseline 0.001 -21"><span class='ocrx_word' id='word_1_176' title='bbox 220 2456 268 2517; x_wconf 88' lang='grc' dir='ltr'><strong>ιιι.</strong></span> <span class='ocrx_word' id='word_1_177' title='bbox 310 2456 399 2537; x_wconf 84' lang='lat' dir='ltr'>Nego</span> <span class='ocrx_word' id='word_1_178' title='bbox 422 2457 688 2534; x_wconf 86' lang='lat' dir='ltr'>consequentiam,</span> <span class='ocrx_word' id='word_1_179' title='bbox 718 2474 781 2516; x_wconf 93' lang='lat' dir='ltr'>non</span> <span class='ocrx_word' id='word_1_180' title='bbox 801 2454 873 2516; x_wconf 90' lang='lat' dir='ltr'>ideo</span> <span class='ocrx_word' id='word_1_181' title='bbox 896 2461 1036 2535; x_wconf 82' lang='lat' dir='ltr'>potestus</span> <span class='ocrx_word' id='word_1_182' title='bbox 1058 2455 1128 2517; x_wconf 91' lang='lat' dir='ltr'>ordi·</span> 
     </span>
     <span class='ocr_line' id='line_1_26' title="bbox 218 2535 1128 2618; baseline 0 -20"><span class='ocrx_word' id='word_1_183' title='bbox 218 2539 311 2599; x_wconf 86' lang='lat' dir='ltr'>nandi</span> <span class='ocrx_word' id='word_1_184' title='bbox 334 2545 365 2599; x_wconf 91' lang='lat' dir='ltr'>et</span> <span class='ocrx_word' id='word_1_185' title='bbox 386 2538 560 2618; x_wconf 87' lang='lat' dir='ltr'>deponendi</span> <span class='ocrx_word' id='word_1_186' title='bbox 582 2558 637 2618; x_wconf 89' lang='lat' dir='ltr'>per</span> <span class='ocrx_word' id='word_1_187' title='bbox 659 2557 779 2599; x_wconf 90' lang='lat' dir='ltr'>sacrum</span> <span class='ocrx_word' id='word_1_188' title='bbox 800 2535 949 2599; x_wconf 81' lang='lat' dir='ltr'>Niceuum</span> <span class='ocrx_word' id='word_1_189' title='bbox 972 2539 1128 2600; x_wconf 87' lang='lat' dir='ltr'>concilium</span> 
     </span>
     <span class='ocr_line' id='line_1_27' title="bbox 220 2620 1128 2702; baseline 0.001 -22"><span class='ocrx_word' id='word_1_190' title='bbox 220 2625 333 2681; x_wconf 89' lang='lat' dir='ltr'>statuta</span> <span class='ocrx_word' id='word_1_191' title='bbox 344 2622 400 2683; x_wconf 87' lang='lat' dir='ltr'>furt</span> <span class='ocrx_word' id='word_1_192' title='bbox 419 2622 588 2702; x_wconf 87' lang='lat' dir='ltr'>illegitima,</span> <span class='ocrx_word' id='word_1_193' title='bbox 611 2623 688 2700; x_wconf 78' lang='lat' dir='ltr'>quis</span> <span class='ocrx_word' id='word_1_194' title='bbox 704 2640 776 2682; x_wconf 89' lang='lat' dir='ltr'>casu</span> <span class='ocrx_word' id='word_1_195' title='bbox 798 2621 877 2682; x_wconf 86' lang='lat' dir='ltr'>forte</span> <span class='ocrx_word' id='word_1_196' title='bbox 896 2620 1004 2682; x_wconf 91' lang='lat' dir='ltr'>habuit</span> <span class='ocrx_word' id='word_1_197' title='bbox 1026 2622 1128 2683; x_wconf 90' lang='lat' dir='ltr'>malum</span> 
     </span>
     <span class='ocr_line' id='line_1_28' title="bbox 137 2703 1129 2784; baseline 0.001 -21"><span class='ocrx_word' id='word_1_198' title='bbox 137 2766 138 2771; x_wconf 59' lang='grc'>,</span> <span class='ocrx_word' id='word_1_199' title='bbox 219 2723 317 2764; x_wconf 87' lang='grc' dir='ltr'><strong>ιιιι.</strong></span> <span class='ocrx_word' id='word_1_200' title='bbox 339 2703 448 2764; x_wconf 86' lang='lat' dir='ltr'>Nem</span> <span class='ocrx_word' id='word_1_201' title='bbox 440 2725 470 2764; x_wconf 92' lang='lat' dir='ltr'>1n</span> <span class='ocrx_word' id='word_1_202' title='bbox 493 2703 600 2765; x_wconf 84' lang='lat' dir='ltr'>eedem</span> <span class='ocrx_word' id='word_1_203' title='bbox 623 2706 714 2765; x_wconf 86' lang='lat' dir='ltr'>etiarn</span> <span class='ocrx_word' id='word_1_204' title='bbox 732 2703 860 2765; x_wconf 85' lang='lat' dir='ltr'>historia</span> <span class='ocrx_word' id='word_1_205' title='bbox 881 2704 1043 2781; x_wconf 86' lang='lat' dir='ltr'>scribitur,</span> <span class='ocrx_word' id='word_1_206' title='bbox 1054 2703 1129 2784; x_wconf 91' lang='lat' dir='ltr'>qnod</span> 
     </span>
     <span class='ocr_line' id='line_1_29' title="bbox 220 2787 1128 2867; baseline 0 -19"><span class='ocrx_word' id='word_1_207' title='bbox 220 2787 309 2849; x_wconf 84' lang='lat' dir='ltr'>Rom.</span> <span class='ocrx_word' id='word_1_208' title='bbox 332 2787 474 2848; x_wconf 84' lang='lat' dir='ltr'>Pontifex</span> <span class='ocrx_word' id='word_1_209' title='bbox 495 2787 602 2849; x_wconf 88' lang='lat' dir='ltr'>Viator</span> <span class='ocrx_word' id='word_1_210' title='bbox 626 2788 742 2867; x_wconf 86' lang='lat' dir='ltr'>Martyr</span> <span class='ocrx_word' id='word_1_211' title='bbox 768 2787 866 2848; x_wconf 88' lang='lat' dir='ltr'>voluit</span> <span class='ocrx_word' id='word_1_212' title='bbox 892 2787 986 2848; x_wconf 84' lang='lat' dir='ltr'>Asiae</span> <span class='ocrx_word' id='word_1_213' title='bbox 1021 2789 1128 2867; x_wconf 83' lang='lat' dir='ltr'>episoo</span> 
     </span>
     <span class='ocr_line' id='line_1_30' title="bbox 220 2868 1128 2950; baseline 0 -20"><span class='ocrx_word' id='word_1_214' title='bbox 220 2888 278 2949; x_wconf 90' lang='lat' dir='ltr'>pos</span> <span class='ocrx_word' id='word_1_215' title='bbox 293 2873 569 2932; x_wconf 88' lang='lat' dir='ltr'>excommunicare.</span> <span class='ocrx_word' id='word_1_216' title='bbox 593 2871 634 2931; x_wconf 87' lang='lat' dir='ltr'>At</span> <span class='ocrx_word' id='word_1_217' title='bbox 653 2868 698 2930; x_wconf 91' lang='lat' dir='ltr'>illi</span> <span class='ocrx_word' id='word_1_218' title='bbox 719 2888 821 2929; x_wconf 91' lang='lat' dir='ltr'>rursus</span> <span class='ocrx_word' id='word_1_219' title='bbox 843 2875 988 2949; x_wconf 87' lang='lat' dir='ltr'>tanquam</span> <span class='ocrx_word' id='word_1_220' title='bbox 1003 2871 1128 2950; x_wconf 88' lang='lat' dir='ltr'>superio-</span> 
     </span>
     <span class='ocr_line' id='line_1_31' title="bbox 218 2953 1127 3030; baseline 0.001 -19"><span class='ocrx_word' id='word_1_221' title='bbox 218 2970 269 3012; x_wconf 88' lang='lat' dir='ltr'>res</span> <span class='ocrx_word' id='word_1_222' title='bbox 299 2953 520 3025; x_wconf 84' lang='lat' dir='ltr'>mandaverunt</span> <span class='ocrx_word' id='word_1_223' title='bbox 547 2953 721 3030; x_wconf 88' lang='lat' dir='ltr'>silentium,</span> <span class='ocrx_word' id='word_1_224' title='bbox 757 2957 789 3012; x_wconf 87' lang='lat' dir='ltr'>et</span> <span class='ocrx_word' id='word_1_225' title='bbox 822 2957 856 3012; x_wconf 92' lang='lat' dir='ltr'>ut</span> <span class='ocrx_word' id='word_1_226' title='bbox 881 2953 1046 3014; x_wconf 84' lang='lat' dir='ltr'>ecclesiam</span> <span class='ocrx_word' id='word_1_227' title='bbox 1073 2972 1127 3013; x_wconf 90' lang='grc' dir='ltr'>ιιι</span> 
     </span>
     <span class='ocr_line' id='line_1_32' title="bbox 219 3034 1127 3114; baseline 0.001 -20"><span class='ocrx_word' id='word_1_228' title='bbox 219 3035 410 3114; x_wconf 83' lang='lat' dir='ltr'>perturbaret</span> <span class='ocrx_word' id='word_1_229' title='bbox 430 3038 591 3113; x_wconf 88' lang='lat' dir='ltr'>iusserunt,</span> <span class='ocrx_word' id='word_1_230' title='bbox 612 3036 703 3100; x_wconf 83' lang='lat' dir='ltr'>lib.5.</span> <span class='ocrx_word' id='word_1_231' title='bbox 727 3034 964 3096; x_wconf 76' lang='lat' dir='ltr'>Ecclesiasticus</span> <span class='ocrx_word' id='word_1_232' title='bbox 980 3036 1127 3098; x_wconf 87' lang='lat' dir='ltr'>historiae.</span> 
     </span>
     <span class='ocr_line' id='line_1_33' title="bbox 221 3116 1126 3199; baseline -0.001 -21"><span class='ocrx_word' id='word_1_233' title='bbox 221 3116 281 3178; x_wconf 79' lang='lat' dir='ltr'>Sed</span> <span class='ocrx_word' id='word_1_234' title='bbox 305 3124 337 3178; x_wconf 87' lang='lat' dir='ltr'>et</span> <span class='ocrx_word' id='word_1_235' title='bbox 355 3119 478 3179; x_wconf 85' lang='lat' dir='ltr'>ireneus</span> <span class='ocrx_word' id='word_1_236' title='bbox 499 3118 710 3199; x_wconf 81' lang='lat' dir='ltr'>Lugdunensis</span> <span class='ocrx_word' id='word_1_237' title='bbox 732 3117 853 3179; x_wconf 83' lang='lat' dir='ltr'>Gallice</span> <span class='ocrx_word' id='word_1_238' title='bbox 882 3120 1047 3199; x_wconf 90' lang='lat' dir='ltr'>episcopus</span> <span class='ocrx_word' id='word_1_239' title='bbox 1063 3138 1126 3179; x_wconf 92' lang='lat' dir='ltr'>eun·</span> 
     </span>
     <span class='ocr_line' id='line_1_34' title="bbox 221 3199 1125 3282; baseline 0.003 -23"><span class='ocrx_word' id='word_1_240' title='bbox 221 3199 291 3260; x_wconf 89' lang='lat' dir='ltr'>dem</span> <span class='ocrx_word' id='word_1_241' title='bbox 312 3200 401 3262; x_wconf 86' lang='lat' dir='ltr'>Rom.</span> <span class='ocrx_word' id='word_1_242' title='bbox 424 3199 610 3282; x_wconf 73' lang='lat' dir='ltr'>Episcopum</span> <span class='ocrx_word' id='word_1_243' title='bbox 633 3203 787 3276; x_wconf 79' lang='lat' dir='ltr'>coercuit,</span> <span class='ocrx_word' id='word_1_244' title='bbox 809 3207 841 3262; x_wconf 92' lang='lat' dir='ltr'>et</span> <span class='ocrx_word' id='word_1_245' title='bbox 861 3209 949 3262; x_wconf 86' lang='lat' dir='ltr'>eraut</span> <span class='ocrx_word' id='word_1_246' title='bbox 969 3209 1043 3262; x_wconf 91' lang='lat' dir='ltr'>tunc</span> <span class='ocrx_word' id='word_1_247' title='bbox 1063 3205 1125 3262; x_wconf 89' lang='lat' dir='ltr'>tem·</span> 
     </span>
     <span class='ocr_line' id='line_1_35' title="bbox 220 3283 1125 3364; baseline 0 -21"><span class='ocrx_word' id='word_1_248' title='bbox 220 3284 304 3362; x_wconf 90' lang='lat' dir='ltr'>poris</span> <span class='ocrx_word' id='word_1_249' title='bbox 341 3285 372 3344; x_wconf 93' lang='lat' dir='ltr'>in</span> <span class='ocrx_word' id='word_1_250' title='bbox 394 3283 525 3344; x_wconf 79' lang='lat' dir='ltr'>Graecis</span> <span class='ocrx_word' id='word_1_251' title='bbox 547 3283 737 3364; x_wconf 77' lang='lat' dir='ltr'>Epiphanius</span> <span class='ocrx_word' id='word_1_252' title='bbox 767 3283 966 3346; x_wconf 74' lang='lat' dir='ltr'>celeberrime</span> <span class='ocrx_word' id='word_1_253' title='bbox 996 3284 1125 3345; x_wconf 86' lang='lat' dir='ltr'>laudatus</span> 
     </span>
     <span class='ocr_line' id='line_1_36' title="bbox 220 3366 1124 3448; baseline 0.002 -22"><span class='ocrx_word' id='word_1_254' title='bbox 220 3385 240 3426; x_wconf 86' lang='grc' dir='ltr'>ι</span> <span class='ocrx_word' id='word_1_255' title='bbox 261 3366 465 3447; x_wconf 78' lang='lat' dir='ltr'>Hieronymo,</span> <span class='ocrx_word' id='word_1_256' title='bbox 488 3367 653 3448; x_wconf 79' lang='lat' dir='ltr'>Gregorius</span> <span class='ocrx_word' id='word_1_257' title='bbox 676 3367 886 3442; x_wconf 83' lang='lat' dir='ltr'>Nezannenus,</span> <span class='ocrx_word' id='word_1_258' title='bbox 909 3367 1042 3428; x_wconf 81' lang='lat' dir='ltr'>Basilius</span> <span class='ocrx_word' id='word_1_259' title='bbox 1061 3368 1124 3428; x_wconf 90' lang='lat' dir='ltr'>olui-</span> 
     </span>
     <span class='ocr_line' id='line_1_37' title="bbox 221 3449 1123 3528; baseline 0.002 -20"><span class='ocrx_word' id='word_1_260' title='bbox 221 3449 396 3510; x_wconf 83' lang='lat' dir='ltr'>stianissimi</span> <span class='ocrx_word' id='word_1_261' title='bbox 418 3451 491 3528; x_wconf 85' lang='lat' dir='ltr'>viri,</span> <span class='ocrx_word' id='word_1_262' title='bbox 514 3469 576 3512; x_wconf 93' lang='lat' dir='ltr'>non</span> <span class='ocrx_word' id='word_1_263' title='bbox 598 3456 702 3510; x_wconf 86' lang='lat' dir='ltr'>tamen</span> <span class='ocrx_word' id='word_1_264' title='bbox 725 3449 780 3510; x_wconf 93' lang='lat' dir='ltr'>suh</span> <span class='ocrx_word' id='word_1_265' title='bbox 794 3450 891 3511; x_wconf 85' lang='lat' dir='ltr'>¹Rom.</span> <span class='ocrx_word' id='word_1_266' title='bbox 913 3449 1062 3511; x_wconf 89' lang='lat' dir='ltr'>Pontifloe</span> <span class='ocrx_word' id='word_1_267' title='bbox 1081 3470 1123 3511; x_wconf 93' lang='lat' dir='ltr'>uu·</span> 
     </span>
     <span class='ocr_line' id='line_1_38' title="bbox 220 3531 1123 3612; baseline 0.001 -21"><span class='ocrx_word' id='word_1_268' title='bbox 220 3549 311 3610; x_wconf 86' lang='lat' dir='ltr'>quam</span> <span class='ocrx_word' id='word_1_269' title='bbox 333 3533 473 3612; x_wconf 86' lang='lat' dir='ltr'>fuerunt,</span> <span class='ocrx_word' id='word_1_270' title='bbox 504 3532 559 3594; x_wconf 91' lang='lat' dir='ltr'>sed</span> <span class='ocrx_word' id='word_1_271' title='bbox 583 3535 668 3593; x_wconf 78' lang='lat' dir='ltr'>iuxta</span> <span class='ocrx_word' id='word_1_272' title='bbox 683 3531 796 3593; x_wconf 86' lang='lat' dir='ltr'>-Niceni</span> <span class='ocrx_word' id='word_1_273' title='bbox 819 3533 942 3594; x_wconf 89' lang='lat' dir='ltr'>concilii</span> <span class='ocrx_word' id='word_1_274' title='bbox 963 3539 1075 3595; x_wconf 85' lang='lat' dir='ltr'>statrrta</span> <span class='ocrx_word' id='word_1_275' title='bbox 1092 3532 1123 3593; x_wconf 90' lang='lat' dir='ltr'>ab</span> 
     </span>
     <span class='ocr_line' id='line_1_39' title="bbox 215 3614 982 3696; baseline 0.004 -23"><span class='ocrx_word' id='word_1_276' title='bbox 215 3615 374 3696; x_wconf 89' lang='lat' dir='ltr'>episcopis</span> <span class='ocrx_word' id='word_1_277' title='bbox 396 3617 620 3696; x_wconf 89' lang='lat' dir='ltr'>provinciarum</span> <span class='ocrx_word' id='word_1_278' title='bbox 645 3614 878 3677; x_wconf 85' lang='lat' dir='ltr'>ordinabantur..</span> <span class='ocrx_word' id='word_1_279' title='bbox 979 3678 982 3685; x_wconf 79' lang='grc'>,</span> 
     </span>
    </p>
   </div>
   <div class='ocr_carea' id='block_1_3' title="bbox 500 3785 662 3793">
    <p class='ocr_par' dir='ltr' id='par_1_6' title="bbox 500 3785 662 3793">
     <span class='ocr_line' id='line_1_40' title="bbox 500 3785 662 3793; baseline -0.019 0"><span class='ocrx_word' id='word_1_280' title='bbox 500 3785 662 3793; x_wconf 70' lang='grc'>.-,-.---...</span> 
     </span>
    </p>
   </div>
   <div class='ocr_carea' id='block_1_4' title="bbox 214 3870 736 3960">
    <p class='ocr_par' dir='ltr' id='par_1_7' title="bbox 214 3870 736 3960">
     <span class='ocr_line' id='line_1_41' title="bbox 214 3870 736 3960; baseline -0.017 -21"><span class='ocrx_word' id='word_1_281' title='bbox 214 3870 233 3925; x_wconf 59' lang='lat'>&#39;1</span> <span class='ocrx_word' id='word_1_282' title='bbox 256 3883 286 3950; x_wconf 84' lang='grc' dir='ltr'>ι)</span> <span class='ocrx_word' id='word_1_283' title='bbox 305 3874 368 3957; x_wconf 78' lang='lat' dir='ltr'>Ap.</span> <span class='ocrx_word' id='word_1_284' title='bbox 382 3875 736 3960; x_wconf 60' lang='lat' dir='ltr'>Loesohadecldcndis.</span> 
     </span>
    </p>
   </div>
   <div class='ocr_carea' id='block_1_5' title="bbox 0 0 1360 4417">
    <p class='ocr_par' dir='ltr' id='par_1_8' title="bbox 0 0 1360 4417">
     <span class='ocr_line' id='line_1_42' title="bbox 0 0 1360 4417; baseline 0 0"><span class='ocrx_word' id='word_1_285' title='bbox 0 0 1360 4417; x_wconf 95' lang='lat' dir='ltr'> </span> 
     </span>
    </p>
   </div>
  </div>
 </body>
</html>
