2709 4417
355 396 359 402 ·
450 368 520 432 nit
539 375 574 431 ria
591 380 731 446 pomam
748 377 848 447 Papae.
1030 371 1092 440 315

259 560 425 645 Seouudo,
446 585 506 648 ego
526 585 685 648 rogarem,
711 572 745 627 ut
765 565 940 626 adulatores
960 565 1092 626 Romani

189 646 333 708 nunnus
375 651 551 711 omitterent
580 651 641 712 hoo
674 649 926 711 terribilissimum
965 647 1092 709 verbum

189 730 315 806 ‚llegare
338 751 395 811 pro
425 734 587 797 statuendo
609 735 739 813 primatu
762 733 834 794 eins.
879 732 987 810 Neque
1010 733 1091 793 euim

189 813 339 875 arribilius
362 835 420 896 ego
433 815 559 877 verbum
571 818 603 877 in
615 817 721 889 totu1]
745 816 901 895 Scriptura
914 813 985 895 legi,
1008 814 1091 894 quud

189 898 352 958 tomunnm
373 898 549 978 pontificem
578 906 611 960 et
645 918 768 959 umnam
795 898 973 978 pontificem
995 900 1092 978 magis

189 999 292 1040 errere
315 983 421 1060 possit.
463 982 607 1059 Primum,
629 982 740 1062 quia²)
765 1000 892 1061 passere
914 1000 976 1065 uon
1001 982 1094 1060 sigui·

189 1061 248 1123 luat
270 1062 317 1139 id,
352 1064 435 1140 qnod
463 1083 531 1125 esse
566 1066 694 1145 primum
729 1073 782 1126 aut
803 1065 988 1144 prinoipem,
1020 1063 1092 1124 ideo

189 1165 216 1204 rx
238 1147 309 1225 ipso
332 1146 406 1207 nihil
428 1147 510 1208 aliud
533 1148 695 1226 probatur,
717 1167 809 1226 quem
832 1146 915 1226 quod
935 1147 1093 1207 Romanus

189 1229 315 1289 routifex
338 1228 430 1291 debet
451 1231 643 1309 praedicare,
673 1231 847 1310 docereque
876 1228 1001 1290 verbum
1024 1229 1092 1290 Dei.

189 1310 267 1386 lund
291 1314 318 1372 si
340 1312 401 1373 hoo
421 1313 528 1391 debet,
565 1315 627 1374 iam
651 1316 678 1375 ei
712 1314 914 1392 deponendus
942 1319 990 1373 est
1011 1318 1093 1373 totus

189 1402 233 1454 ste
256 1396 418 1471 primatus,
441 1396 490 1456 die
511 1416 548 1457 ao
570 1404 662 1459 noete
684 1398 715 1457 in
738 1398 832 1458 literis
855 1397 949 1457 saona
970 1415 1092 1456 versan-

189 1477 313 1558 lum³)‚
346 1498 421 1558 pure
442 1480 608 1558 erendum,
644 1481 786 1558 perieulis
815 1485 846 1539 et
868 1477 1012 1560 morte⁴J
1037 1498 1093 1557 pro

189 1560 270 1621 'erbo
295 1561 506 1622 laborandum.
550 1564 702 1640 Breviter,
725 1570 791 1623 tota
813 1564 926 1629 Roma,
947 1568 980 1621 ut
1000 1562 1094 1622 hodie

189 1650 229 1712 st,
254 1642 351 1723 longa
373 1646 401 1702 in
426 1645 518 1707 aliam
534 1647 643 1706 faciem
656 1645 811 1707 mutanda.
854 1646 1004 1705 Desinant
1019 1662 1093 1724 ergo

189 1733 305 1804 uopter
326 1727 424 1787 Deum
447 1728 542 1788 verba
559 1729 670 1789 Christi
693 1729 937 1808 spiritualissime
960 1729 1022 1787 suis
1045 1746 1095 1787 ou·

189 1809 360 1869 »iditatibns
382 1817 497 1889 aptare.
542 1809 628 1872 Haeo
650 1814 730 1871 enirn
754 1813 932 1872 siRomano
955 1809 1094 1890 pontifici

190 1897 331 1969 ptantnr‚
355 1895 491 1970 sequitur
505 1893 753 1976 irrefragabiliter
769 1894 992 1974 [necessarium
1015 1912 1093 1966 essa,

190 1969 216 2058 t]
242 1972 358 2034 duosat
383 1975 526 2036 verbum:
563 1976 640 2054 Aut,
676 1979 701 2037 si
723 1977 912 2050 uenderet,
947 1976 1022 2037 nihil
1053 1976 1093 2036 ud

189 2076 244 2116 um
268 2058 411 2141 pertinet.

259 2140 391 2216 Verum,
422 2142 519 2221 magis
541 2140 689 2217 observa,
720 2142 856 2207 Christus
878 2160 942 2202 nun
963 2142 1095 2221 imponit

192 2231 332 2282 asturam
349 2223 449 2300 Petro,
472 2225 529 2283 nisi
541 2225 625 2304 prius
646 2225 763 2304 diligat.
801 2224 945 2285 'Obsecro
959 2231 999 2301 te,
1022 2223 1094 2303 quid

189 2324 238 2366 oo
260 2305 332 2365 est?
353 2305 465 2367 Nonne
486 2308 630 2386 sequitur,
647 2306 736 2387 ,quod
760 2309 785 2366 si
807 2326 869 2367 nou
891 2306 1007 2387 diligat,
1030 2324 1093 2367 nou

189 2389 215 2447 it
237 2387 430 2448 andiendus?
458 2389 499 2449 At
521 2391 588 2468 quis
611 2409 668 2450 nos
691 2396 792 2451 oertos
814 2391 907 2450 laniet
928 2389 967 2450 da
988 2408 1094 2450 amors

189 2471 336 2531 ›ustor-is?
367 2470 578 2533 Dubitabimua
601 2491 694 2553 ergo,
728 2492 890 2552 quemnam
913 2471 1094 2533 audiamus?

189 2554 255 2613 lam
289 2555 314 2613 si
346 2553 451 2614 audire
473 2554 562 2615 uobis
584 2563 739 2635 pastorem
762 2562 974 2629 reserasset,
1001 2556 1094 2616 etiam

189 2636 221 2695 lli
259 2655 365 2696 amare
387 2637 539 2698 Christum
568 2657 698 2698 neeesse
732 2646 787 2701 est.
831 2638 908 2715 Aut,
941 2639 967 2697 si
990 2655 1095 2698 amare

189 2718 332 2778 ibristum
356 2738 417 2778 non
441 2728 727 2797 artuscensem
751 2720 855 2781 audire
867 2728 1020 2800 pastorem
1043 2739 1094 2781 ne·

189 2821 267 2862 resse
295 2809 357 2876 est,
391 2820 458 2860 oum
487 2809 649 2882 utrumqne
672 2803 808 2864 Christus
836 2804 1001 2882 copularit,
1037 2822 1095 2864 neo

189 2891 331 2944 torturam
369 2884 427 2944 uisi
459 2889 573 2946 amanti
596 2887 792 2949 oommiaerit.
835 2886 916 2962 Quid
933 2887 983 2946 hio
1003 2887 1093 2947 faeie·

189 2967 268 3027 nus?
302 2968 383 3043 seio,
419 2968 517 3048 quod,
551 2970 576 3028 si
611 2976 857 3048 reotepensuret
889 2969 949 3029 boo
968 2968 1094 3030 verbum

189 3046 325 3146 [christi]
349 3048 476 3129 quilibet
498 3052 672 3130 episeopus,
696 3051 883 3131 desperaret,
906 3051 1093 3112 semodium

189 3134 268 3192 iuius
291 3133 423 3193 civitatis
445 3151 575 3212 pascere
596 3153 698 3212 posse.

261 3215 357 3294 igitur
377 3215 438 3275 hoo
459 3214 626 3294 effecimus,
648 3216 731 3294 quod
753 3217 813 3276 ista
834 3217 997 3278 autoritate
1020 3216 1095 3276 nihil

189 3297 344 3374 nubatur,
375 3316 434 3357 neo
465 3298 548 3358 valet
569 3298 608 3358 ad
631 3299 823 3378 probandum
845 3301 1017 3379 primatum.
1063 3298 1094 3360 Si

189 3386 280 3441 tutem
303 3379 417 3459 aliquid
439 3378 564 3457 insist),
593 3388 665 3441 tuno
686 3382 747 3442 hoe
768 3382 904 3463 urgebit,
939 3401 1001 3443 uon
1025 3400 1094 3442 essa

189 3464 358 3542 spiscopum
381 3463 412 3522 in
435 3464 577 3535 ecelesia,
601 3466 736 3542 quinon
760 3465 880 3538 doceat,
902 3482 960 3525 neo
982 3464 1096 3525 dooere

189 3545 311 3624 liquem
335 3545 458 3622 debere,
481 3547 539 3605 nisi
562 3546 678 3627 diligat.
723 3548 800 3626 Hoc,
822 3550 956 3627 inquam,
978 3555 1010 3608 et
1031 3567 1094 3609 uun

189 3683 561 3691 ——.———-....-0—---.

213 3750 244 3809 1)
263 3750 294 3798 In
315 3749 356 3800 esi.
373 3753 488 3815 priore:
514 3752 544 3802 in
565 3767 647 3804 sacra
667 3757 735 3804 tota.
770 3750 805 3820 2)
824 3750 859 3804 ln
879 3751 922 3805 ab.
939 3751 1019 3806 lens.
1032 3756 1100 3821 qnia

189 3819 335 3896 ’,Ρδθθθῑθ
372 3818 408 3884 3)
432 3820 464 3872 1¹1
491 3821 536 3876 ed.
556 3825 671 3894 priora:
693 3826 721 3880 ei
740 3825 926 3880 versantium.
962 3825 997 3891 ht
1013 3824 1055 3877 lu
1070 3824 1117 3876 eh.

189 3897 245 3950 'gu'
259 3889 355 3938 morti.
394 3889 428 3957 5)
452 3892 485 3945 lu
504 3894 552 3951 ed.
571 3900 690 3967 priore:
716 3900 806 3956 ualet
