2709 4417
258 345 326 415 ‘iffi
433 348 589 419 Disputatio
607 350 716 419 Lipsius
734 350 834 405 habits
852 367 877 405 a
897 348 958 403 Xlll

262 505 360 580 niam,
383 503 516 567 breviter
537 504 725 582 discurram,
757 524 836 584 qnae
859 506 1002 586 egregius
1023 495 1066 566 D(
1080 504 1112 570 D.
1130 507 1158 570 de

259 586 404 651 liesterna
430 594 460 649 et
491 587 641 648 hodierna
661 589 863 668 responsione
887 607 956 648 mea
972 583 1158 670 commiscuit,
1184 625 1187 629 ·

259 671 310 732 ubi
331 672 410 732 inter
433 678 549 747 cetera,
582 678 726 750 tanquam
759 672 949 753 consumptis
972 671 1108 744 omnibus
1125 693 1158 733 ar·

262 754 342 830 mis,
365 755 550 834 desperans,
585 755 615 814 in
637 774 730 813 unum
753 754 913 815 articulum
936 753 1160 816 constantiensis
1211 817 1212 823 χ

262 837 385 899 concilii
415 843 585 897 extremum
608 836 737 897 fiduciae
765 837 951 917 praesidium
974 837 1117 914 collocat,
1137 847 1160 901 ct

262 919 457 982 odiosissime
487 920 599 1000 repetit
620 926 651 980 et
672 920 828 1000 inculcat,
858 921 946 1000 quasi
976 939 1039 981 non
1060 921 1160 984 abunde

260 1005 335 1065 satis
356 1023 448 1083 supra
469 1002 508 1063 ad
531 1004 630 1083 ipsum
649 1003 689 1064 sit
709 1023 901 1084 responsum.
945 1003 1055 1064 Dicam
1078 1010 1159 1067 tamen
1192 1071 1194 1074 ,

262 1085 361 1148 adhuc
383 1085 488 1163 semel.

249 1226 252 1232 ,
340 1168 470 1244 Quando
501 1168 645 1228 articulus
677 1167 717 1228 de
746 1167 889 1248 operibns
921 1169 1081 1229 hominum
1099 1169 1159 1231 inter

258 1251 420 1314 damnatos
442 1257 641 1327 recensetur,
675 1258 707 1311 et
734 1272 754 1312 a
777 1251 807 1312 S.
832 1251 928 1312 Paulo
954 1257 985 1312 et
1008 1250 1159 1330 Augustino
1194 1315 1196 1319 ,

257 1336 416 1407 asseritur,
444 1334 555 1395 deinde
579 1354 632 1414 per
654 1333 836 1415 Gregorium
866 1335 1100 1413 Ariminensem,
1118 1356 1159 1415 per
1194 1333 1205 1395 .”

260 1438 368 1481 omnes
389 1418 610 1480 Universitates
644 1437 740 1498 usqne
767 1417 859 1477 hodie
887 1416 1080 1494 defenditur,
1114 1438 1160 1479 non
1194 1419 1197 1425 ’

260 1501 408 1562 movebor
430 1501 630 1562 odiosissimis
651 1499 906 1561 inculcationibus
938 1500 1029 1560 huius
1051 1502 1160 1576 articuli,

260 1583 361 1646 donee
391 1586 531 1666 egregius
560 1584 597 1644 D.
625 1584 661 1645 D.
690 1583 887 1664 probaverit,
926 1583 1089 1644 concilium
1112 1603 1161 1644 non

259 1686 353 1748 posse
375 1687 494 1744 errare,
531 1687 593 1728 non
622 1687 759 1744 errasse,
794 1666 962 1728 autetiam
985 1684 1162 1744 uouemere,

258 1769 327 1810 cum
350 1751 512 1810 concilium
534 1750 636 1810 lacere
663 1753 711 1809 ius
740 1748 874 1809 divinum
899 1769 960 1809 non
992 1749 1103 1828 possit,
1133 1767 1162 1808 ex

258 1852 307 1912 eo,
329 1833 412 1913 quod
433 1840 541 1893 natura
564 1853 619 1894 sua
640 1852 703 1893 non
726 1839 773 1892 est
794 1833 841 1891 ius
862 1831 1015 1906 divinum,
1038 1831 1106 1891 ideo
1125 1851 1164 1892 ne-

256 1935 315 1996 qne
336 1917 523 1977 haereticum
545 1923 609 1994 est,
647 1917 705 1975 nisi
738 1915 821 1996 quod
843 1915 1018 1976 contraius
1042 1912 1162 1974 divinum

244 1999 314 2070 ,est
336 1999 420 2059 Haec
441 2019 496 2080 pro
519 1999 577 2060 isto
601 1998 740 2059 articulo.

341 2081 431 2157 Quod
462 2081 716 2161 Chrysostomum
746 2080 883 2160 legitime
915 2079 1095 2139 destitutum
1115 2097 1166 2138 car·

259 2164 314 2246 pit,
336 2185 399 2226 non
417 2165 570 2226 intellexit
592 2184 650 2244 me,
674 2164 837 2223 cumulare
853 2162 981 2222 dixerim
1003 2161 1106 2237 hodie,
1124 2181 1171 2240 po·

258 2254 400 2308 testatem
421 2247 582 2308 ordinandi
606 2254 636 2307 et
658 2245 844 2307 destituendi
867 2245 1006 2325 episcopi
1024 2244 1117 2304 fuisse
1136 2244 1170 2303 le·

257 2331 394 2413 gitimam
426 2332 457 2391 in
480 2331 512 2390 Β.
537 2330 691 2410 Cypriane
720 2335 751 2389 et
771 2327 966 2408 Theophilo,
1003 2345 1172 2406 quanquam

168 2474 171 2483 ,
259 2433 298 2474 au
322 2414 399 2474 bene
422 2420 485 2474 tum
508 2414 552 2472 usi
575 2414 656 2487 sint,
678 2432 718 2472 an
740 2411 829 2488 male,
852 2411 911 2470 hac
929 2412 1085 2489 potestate
1107 2409 1174 2489 legi·

260 2497 346 2575 tima,
375 2495 450 2556 nihil
472 2495 690 2575 disputaverim
705 2495 745 2574 Ι).
789 2492 908 2555 Sufficit
930 2492 1013 2569 mihi,
1037 2491 1119 2571 quod
1140 2493 1180 2551 ci-

260 2583 308 2640 tra
328 2580 522 2639 autoritatem
545 2578 675 2639 Romani
698 2575 854 2638 Pontificis
883 2582 930 2637 tot
957 2577 1055 2636 sancti
1086 2581 1118 2635 et
1137 2594 1183 2634 ce-

262 2660 415 2724 leberrimi
441 2663 497 2721 viri
512 2661 661 2723 Graeciae
685 2660 926 2735 catholicissimi,
955 2677 1016 2718 non
1041 2659 1184 2718 schisma·

261 2746 332 2824 tici,
361 2751 546 2826 potestatem
567 2743 740 2805 habuerunt
762 2742 924 2805 ordinandi
947 2748 978 2800 et
1000 2739 1185 2801 destituendi

262 2830 437 2909 episcopos.
828 2871 833 2886 .

342 2912 454 2972 Elevat
475 2912 567 2970 etiam
589 2910 729 2990 egregie,
763 2908 845 2986 quod
881 2908 1025 2986 antiquos
1055 2905 1188 2967 Sanctus

261 2994 502 3056 insimulaverim
524 2992 720 3068 ambitionis,
752 3010 809 3052 nec
831 2989 981 3068 attendit,
1017 2988 1101 3068 qnod
1124 2988 1188 3049 dixi

236 3127 241 3142 .
263 3078 356 3138 etiam
377 3078 407 3136 in
429 3075 580 3157 apostolis
601 3074 682 3136 hanc
703 3074 900 3155 fragilitatem
911 3072 1005 3133 luisse
1022 3078 1188 3151 praesente

265 3159 386 3220 Christo
405 3158 449 3233 ²).

346 3242 437 3317 Quod
459 3241 608 3301 Platinam
638 3242 681 3313 ita
709 3259 794 3300 nunc·
824 3238 1002 3319 magnifacit
1023 3236 1190 3297 adversum

246 3333 403 3399 >sanctum
426 3324 619 3404 Gregorium,
640 3342 710 3383 mea
732 3323 896 3384 autoritate
918 3321 992 3381 satis
1015 3320 1113 3381 claret
1130 3321 1194 3379 cni-

264 3408 339 3470 libet
360 3408 410 3468 vel
432 3405 626 3467 mediocriter
644 3407 818 3486 ingenioso,
838 3404 908 3484 qnid
922 3400 1095 3464 concludat.
1120 3402 1196 3483 Ego

173 3555 177 3563 ,
268 3493 348 3552 enim
370 3512 410 3551 ex
433 3490 551 3551 Platiua
574 3489 716 3549 historias
739 3489 876 3567 accipio,
909 3493 940 3547 et
961 3505 1024 3546 uon
1047 3486 1204 3566 amplius.

267 3573 357 3650 Quod
393 3577 494 3634 autem
530 3571 612 3632 idem
646 3571 765 3631 Plotina
791 3571 926 3677 rationes
954 3568 1104 3647 quasdam
1139 3567 1205 3627 ad-

220 3747 225 3751 '
281 3739 455 3757 ''Q-‘⁸¹¹¹'

240 3813 246 3826 1
279 3857 315 3926 1)
336 3857 370 3914 In
393 3857 436 3916 ed.
455 3861 583 3934 origin.:
603 3852 811 3940 disputaverit.
846 3842 989 3910 {liuida
1004 3839 1182 3890 masmana.
