2709 4417
218 359 280 426 326
463 360 556 414 Rosol.
577 360 601 410 i.
622 374 707 429 snper
724 359 923 427 Proposittone
1003 391 1008 400 ·

219 566 281 609 non
305 551 506 625 acceperunt,
546 545 667 607 Christo
696 544 915 606 inobedientes
952 546 1068 623 fuerint3
1096 556 1118 608 et

221 632 266 690 ita
288 628 319 691 S.
343 628 517 706 Stephanus
545 646 613 687 cum
636 635 683 688 tot
707 627 832 688 milibus
854 633 1021 708 martyrum
1042 630 1120 688 orien-

222 711 292 772 talis
314 710 464 771 ecclesiae
492 710 627 770 damnati
663 711 879 774 censebuntur.
921 710 965 771 Ut
996 711 1122 787 omittam,
1165 706 1166 782 l

221 792 320 874 qnod,
343 794 368 852 si
391 792 592 871 perverbum
617 793 729 853 Christi
750 799 892 872 potestas
912 794 1070 853 Romanae
1087 813 1123 853 ec

223 875 337 936 clesiae
358 875 596 954 intelligeretur,
618 881 652 934 ut
673 874 723 934 bio
743 875 823 951 vult,
847 882 880 935 et
893 875 1031 936 Christus
1050 894 1125 955 super

221 959 303 1018 hono
326 963 443 1036 petram
458 957 620 1017 ecclesiam
640 975 726 1016 snam
750 977 785 1017 se
796 957 965 1018 aedificare
978 959 1125 1037 promittat,

222 1042 366 1118 seqnitur,
389 1039 470 1117 quod
486 1038 667 1099 universalis
685 1040 817 1099 ecclesia
840 1059 905 1100 non
929 1057 1020 1119 super
1040 1039 1126 1116 tidem,

223 1123 278 1183 sed
301 1140 393 1201 super
415 1127 600 1200 potestatem
623 1122 785 1182 Romanae
808 1123 963 1183 ecclesiae
985 1119 1126 1182 aedificata

221 1213 276 1268 est.
321 1203 419 1283 Super
441 1222 531 1281 quam
554 1210 628 1264 tunc
645 1205 714 1283 ipsa
727 1206 870 1266 Romana
891 1202 1054 1265 aedificata
1073 1205 1126 1265 esti

221 1305 283 1347 non
296 1305 389 1365 super
410 1285 593 1365 petram,>id
616 1293 671 1361 est,
695 1306 779 1348 snam
795 1293 995 1367 potestatem,
1016 1305 1072 1348 nec
1090 1307 1125 1347 su·

220 1387 275 1448 per
296 1367 399 1445 tidem,
421 1387 496 1448 ergo
517 1387 609 1447 snper
630 1369 764 1431 nihilum.
808 1368 885 1444 Quis
906 1371 986 1430 ferat
1004 1369 1095 1429 hoec?

308 1449 403 1510 Vides
426 1470 499 1531 ergo
534 1469 624 1528 qnam
658 1470 784 1531 possum
813 1452 918 1512 invehi
940 1453 972 1511 in
994 1453 1067 1513 istos
1085 1451 1125 1512 bo-

223 1534 335 1592 minum
359 1552 477 1611 sensus,
505 1534 530 1592 si
545 1534 657 1593 vellem
676 1535 772 1594 libere
784 1554 887 1615 agere.
906 1548 911 1562 ·
931 1535 1021 1594 Nunc
1040 1541 1124 1593 auten

224 1613 337 1675 sufficit
361 1615 434 1676 mibi
464 1616 643 1694 ostendere,
679 1616 761 1695 qnod
793 1617 841 1677 his
863 1618 1005 1678 Decretis
1037 1623 1125 1677 contra

222 1698 329 1758 hostes
358 1703 389 1758 et
415 1699 447 1757 in
472 1699 672 1759 contentione
706 1698 780 1759 nihil
803 1699 884 1759 effici
911 1705 1053 1780 potest,
1071 1705 1124 1758 sunt

223 1780 303 1840 enim
326 1779 567 1859 languidissima,
588 1780 795 1860 frigidissima,
820 1788 852 1842 et
873 1783 997 1861 penitus
1018 1782 1122 1861 ineptis·

223 1863 300 1922 sima
322 1863 361 1921 ad
385 1863 626 1941 contentionem,
649 1870 698 1924 sat
719 1868 776 1941 est,
799 1863 1062 1942 quodtolerantur
1080 1883 1121 1942 pro

223 1946 356 2005 fraterna
383 1945 525 2021 caritate,
561 1964 624 2005 non
655 1947 747 2007 etiam
771 1945 941 2007 adorentur
963 1966 1018 2026 pro
1040 1945 1121 2006 solido

226 2031 258 2088 et
280 2045 426 2107 germana
447 2027 622 2101 veritate.¹)
792 2040 797 2045 ·
1165 2072 1166 2086 t

307 2107 368 2170 Sed
390 2127 449 2168 nec
469 2110 530 2169 hoc
551 2109 710 2169 ferendum
735 2118 797 2187 est,
820 2111 904 2189 quod
925 2112 1032 2171 infert:
1053 2113 1081 2169 ln
1097 2111 1121 2168 iis
1165 2101 1166 2158 l

225 2191 366 2251 omnibus
400 2198 515 2269 quanto
543 2191 656 2272 gradus
680 2192 808 2269 celsior,
843 2199 930 2254 tanto
968 2194 1063 2254 maior
1087 2211 1121 2250 su·
1165 2231 1166 2263 3

225 2275 331 2333 toritas
352 2274 516 2334 invenitur.
540 2274 572 2334 ln
594 2274 760 2335 maioribus
782 2276 934 2354 siqnidem
949 2283 998 2336 est
1017 2273 1121 2355 regendi

222 2355 407 2435 iubendique
428 2363 582 2435 potestas,
616 2358 647 2417 in
682 2357 850 2418 minoribus
880 2357 1068 2436 obsequendi
1086 2377 1122 2417 ne

224 2441 363 2499 cessitas.

307 2520 396 2599 Vide,
417 2526 451 2579 ut
475 2519 691 2580 necessitatem
705 2521 846 2582 omnibns
869 2522 1013 2603 imponit,
1035 2528 1065 2582 et
1082 2520 1123 2580 sibi

223 2603 281 2663 soli
305 2610 431 2676 (contra
470 2603 604 2661 caritatis
628 2601 780 2678 officium)
805 2604 979 2665 libertatem
1012 2609 1124 2683 arrogat,

223 2684 277 2744 sed
308 2687 439 2764 pessima
472 2685 704 2762 consequentia.
746 2685 817 2747 Non
840 2689 921 2756 enim
951 2705 1026 2747 mox
1047 2687 1125 2745 maior

222 2768 370 2827 autoritas
393 2775 455 2842 est,
478 2765 529 2826 ubi
551 2766 664 2846 gradus
688 2768 800 2827 celsior
822 2776 876 2831 est.
921 2769 1030 2828 Petrus
1060 2769 1124 2828 enin

223 2851 337 2929 primns
358 2849 570 2929 apostolorum
593 2849 664 2924 fnit,
687 2850 742 2910 sed
764 2851 877 2911 nnllam
901 2853 933 2911 in
956 2870 1012 2912 eos
1033 2850 1126 2911 autori·

224 2939 317 2992 tatem
347 2931 455 2992 habuit
475 2951 626 3010 unquam,
655 2933 718 2991 imo
742 2941 850 2994 contra
876 2934 1014 3013 apostoli
1036 2935 1066 2993 in
1086 2933 1127 2992 Pe-

225 3023 303 3074 trum
337 3014 509 3074 habuerunt
540 3015 757 3092 autoritatem,
791 3022 826 3075 nt
844 3016 915 3078 Act.
939 3017 968 3079 8.
993 3015 1127 3088 scribitur,

224 3096 305 3176 quod
337 3096 471 3176 apostoli
493 3097 642 3156 miserunt
665 3097 793 3157 Petrum'
811 3104 841 3158 et
862 3098 1055 3176 iohannem,
1089 3097 1127 3176 qui

181 3196 183 3200 ·
224 3187 297 3239 tnnc
316 3181 465 3259 primores
488 3185 575 3238 erant
598 3180 867 3259 interlapostolos,
891 3187 1037 3241 ettamen
1059 3179 1127 3239 missi

223 3268 296 3404 gunt
318 3261 357 3323 ab
380 3260 542 3340 apostolis,
565 3269 709 3339 tanquam
733 3263 909 3342 maioribus,
932 3263 973 3323 ad
988 3262 1128 3324 Samariae

244 3344 340 3406 deles.

306 3427 430 3487 Labitur
459 3444 533 3505 ergo
556 3426 698 3505 Pelagius
726 3427 786 3487 hoe
814 3426 887 3499 loeo
919 3429 994 3488 satis
1026 3433 1128 3506 aperte,

225 3528 409 3589 quamquam
431 3527 490 3588 ego
514 3507 616 3585 credo,
639 3507 697 3569 hos
720 3516 751 3569 et
772 3509 887 3570 similes
911 3529 1047 3571 canones
1068 3507 1129 3569 nihil

224 3599 346 3672 praeter
358 3610 470 3652 nomen
490 3590 528 3650 de
548 3590 698 3651 Romanis
712 3591 909 3672 pontificibus
927 3592 1052 3668 habere,
1073 3608 1129 3652 esse

224 3680 326 3734 autem
349 3675 537 3753 compositos
560 3672 598 3732 ab
621 3692 727 3734 eornm
750 3673 939 3735 Officialibns
961 3682 993 3735 et
1015 3674 1125 3746 Scribis,

218 3758 250 3820 in
274 3755 436 3842 theologia
456 3775 567 3840 parum
588 3755 702 3816 doctis„
738 3757 817 3816 ideo
829 3757 1136 3830 nldxterangelxcuu,

250 3865 283 3935 1)
301 3866 337 3922 ln
359 3866 405 3924 sd.
427 3863 512 3922 «lenc.
532 3861 664 3917 canate.
