<?xml version="1.0" encoding="UTF-8"?>
<!DOCTYPE html PUBLIC "-//W3C//DTD XHTML 1.0 Transitional//EN"
    "http://www.w3.org/TR/xhtml1/DTD/xhtml1-transitional.dtd">
<html xmlns="http://www.w3.org/1999/xhtml" xml:lang="en" lang="en">
 <head>
  <title>
</title>
<meta http-equiv="Content-Type" content="text/html;charset=utf-8" />
  <meta name='ocr-system' content='tesseract 3.04.00' />
  <meta name='ocr-capabilities' content='ocr_page ocr_carea ocr_par ocr_line ocrx_word'/>
</head>
<body>
  <div class='ocr_page' id='page_1' title='image "./operalatinavari00schmgoog_0506.png"; bbox 0 0 2709 4417; ppageno 0'>
   <div class='ocr_carea' id='block_1_1' title="bbox 218 354 924 430">
    <p class='ocr_par' dir='ltr' id='par_1_1' title="bbox 218 354 924 430">
     <span class='ocr_line' id='line_1_1' title="bbox 218 354 924 430; baseline -0.013 -13"><span class='ocrx_word' id='word_1_1' title='bbox 218 360 282 430; x_wconf 75' lang='lat'>494</span> <span class='ocrx_word' id='word_1_2' title='bbox 450 356 585 414; x_wconf 73' lang='lat' dir='ltr'>Defensio</span> <span class='ocrx_word' id='word_1_3' title='bbox 604 354 676 412; x_wconf 73' lang='lat' dir='ltr'>emt.</span> <span class='ocrx_word' id='word_1_4' title='bbox 695 354 924 410; x_wconf 71' lang='lat' dir='ltr'>Helancbthonis</span> 
     </span>
    </p>
   </div>
   <div class='ocr_carea' id='block_1_2' title="bbox 222 539 1135 707">
    <p class='ocr_par' dir='ltr' id='par_1_2' title="bbox 222 539 1135 707">
     <span class='ocr_line' id='line_1_2' title="bbox 222 539 1135 623; baseline -0.008 -15"><span class='ocrx_word' id='word_1_5' title='bbox 222 547 313 609; x_wconf 91' lang='lat' dir='ltr'>illum</span> <span class='ocrx_word' id='word_1_6' title='bbox 328 563 407 622; x_wconf 88' lang='lat' dir='ltr'>mea,</span> <span class='ocrx_word' id='word_1_7' title='bbox 430 542 609 623; x_wconf 88' lang='lat' dir='ltr'>simpliciter</span> <span class='ocrx_word' id='word_1_8' title='bbox 625 547 657 600; x_wconf 91' lang='lat' dir='ltr'>et</span> <span class='ocrx_word' id='word_1_9' title='bbox 675 539 737 600; x_wconf 85' lang='lat' dir='ltr'>fide</span> <span class='ocrx_word' id='word_1_10' title='bbox 755 539 920 618; x_wconf 78' lang='lat' dir='ltr'>historica,</span> <span class='ocrx_word' id='word_1_11' title='bbox 942 539 991 599; x_wconf 82' lang='lat' dir='ltr'>ita</span> <span class='ocrx_word' id='word_1_12' title='bbox 1011 539 1135 601; x_wconf 73' lang='lat' dir='ltr'>mettere</span> 
     </span>
     <span class='ocr_line' id='line_1_3' title="bbox 223 623 1134 707; baseline -0.008 -17"><span class='ocrx_word' id='word_1_13' title='bbox 223 636 321 707; x_wconf 85' lang='lat' dir='ltr'>amet,</span> <span class='ocrx_word' id='word_1_14' title='bbox 355 628 479 706; x_wconf 75' lang='lat' dir='ltr'>scripsi,</span> <span class='ocrx_word' id='word_1_15' title='bbox 510 625 584 684; x_wconf 89' lang='lat' dir='ltr'>nibil</span> <span class='ocrx_word' id='word_1_16' title='bbox 615 625 715 682; x_wconf 91' lang='lat' dir='ltr'>minus</span> <span class='ocrx_word' id='word_1_17' title='bbox 738 623 873 682; x_wconf 81' lang='lat' dir='ltr'>futurum</span> <span class='ocrx_word' id='word_1_18' title='bbox 897 625 1032 703; x_wconf 84' lang='lat' dir='ltr'>putans,</span> <span class='ocrx_word' id='word_1_19' title='bbox 1062 640 1134 702; x_wconf 82' lang='lat' dir='ltr'>quam</span> 
     </span>
    </p>
   </div>
   <div class='ocr_carea' id='block_1_3' title="bbox 224 701 1146 3672">
    <p class='ocr_par' dir='ltr' id='par_1_3' title="bbox 224 701 1139 1675">
     <span class='ocr_line' id='line_1_4' title="bbox 282 701 1136 785; baseline -0.002 -14"><span class='ocrx_word' id='word_1_20' title='bbox 282 713 377 771; x_wconf 89' lang='lat' dir='ltr'>vatim</span> <span class='ocrx_word' id='word_1_21' title='bbox 407 710 524 768; x_wconf 90' lang='lat' dir='ltr'>laturos</span> <span class='ocrx_word' id='word_1_22' title='bbox 548 707 685 783; x_wconf 88' lang='lat' dir='ltr'>omnino,</span> <span class='ocrx_word' id='word_1_23' title='bbox 706 707 885 785; x_wconf 80' lang='lat' dir='ltr'>quicunque</span> <span class='ocrx_word' id='word_1_24' title='bbox 907 712 1021 768; x_wconf 84' lang='lat' dir='ltr'>essent</span> <span class='ocrx_word' id='word_1_25' title='bbox 1040 701 1136 769; x_wconf 79' lang='lat' dir='ltr'>lecturi.</span> 
     </span>
     <span class='ocr_line' id='line_1_5' title="bbox 255 788 1136 868; baseline -0.005 -14"><span class='ocrx_word' id='word_1_26' title='bbox 255 813 339 854; x_wconf 89' lang='lat' dir='ltr'>erum</span> <span class='ocrx_word' id='word_1_27' title='bbox 369 793 450 852; x_wconf 89' lang='lat' dir='ltr'>hauc</span> <span class='ocrx_word' id='word_1_28' title='bbox 480 791 584 868; x_wconf 87' lang='lat' dir='ltr'>iniquo</span> <span class='ocrx_word' id='word_1_29' title='bbox 611 789 671 848; x_wconf 84' lang='lat' dir='ltr'>fert</span> <span class='ocrx_word' id='word_1_30' title='bbox 692 791 797 849; x_wconf 88' lang='lat' dir='ltr'>animo</span> <span class='ocrx_word' id='word_1_31' title='bbox 818 788 958 867; x_wconf 74' lang='lat' dir='ltr'>Recine,</span> <span class='ocrx_word' id='word_1_32' title='bbox 997 790 1047 868; x_wconf 93' lang='lat' dir='ltr'>qui</span> <span class='ocrx_word' id='word_1_33' title='bbox 1073 789 1136 850; x_wconf 88' lang='lat' dir='ltr'>adeo</span> 
     </span>
     <span class='ocr_line' id='line_1_6' title="bbox 225 872 1136 954; baseline -0.004 -18"><span class='ocrx_word' id='word_1_34' title='bbox 225 895 288 936; x_wconf 90' lang='lat' dir='ltr'>nou</span> <span class='ocrx_word' id='word_1_35' title='bbox 311 876 412 936; x_wconf 90' lang='lat' dir='ltr'>laesus</span> <span class='ocrx_word' id='word_1_36' title='bbox 431 882 494 954; x_wconf 91' lang='lat' dir='ltr'>est,</span> <span class='ocrx_word' id='word_1_37' title='bbox 532 880 565 932; x_wconf 92' lang='lat' dir='ltr'>ut</span> <span class='ocrx_word' id='word_1_38' title='bbox 592 872 716 951; x_wconf 89' lang='lat' dir='ltr'>gravius</span> <span class='ocrx_word' id='word_1_39' title='bbox 748 872 846 932; x_wconf 91' lang='lat' dir='ltr'>multo</span> <span class='ocrx_word' id='word_1_40' title='bbox 881 881 1007 953; x_wconf 89' lang='lat' dir='ltr'>queant</span> <span class='ocrx_word' id='word_1_41' title='bbox 1033 890 1136 932; x_wconf 84' lang='lat' dir='ltr'>succan·</span> 
     </span>
     <span class='ocr_line' id='line_1_7' title="bbox 225 952 1137 1034; baseline -0.005 -16"><span class='ocrx_word' id='word_1_42' title='bbox 225 978 294 1018; x_wconf 86' lang='lat' dir='ltr'>sera</span> <span class='ocrx_word' id='word_1_43' title='bbox 323 957 412 1034; x_wconf 91' lang='lat' dir='ltr'>mihi,</span> <span class='ocrx_word' id='word_1_44' title='bbox 441 956 481 1017; x_wconf 88' lang='lat' dir='ltr'>D.</span> <span class='ocrx_word' id='word_1_45' title='bbox 503 955 643 1015; x_wconf 86' lang='lat' dir='ltr'>Andreae</span> <span class='ocrx_word' id='word_1_46' title='bbox 667 952 920 1029; x_wconf 86' lang='lat' dir='ltr'>Carolostadiue,</span> <span class='ocrx_word' id='word_1_47' title='bbox 956 960 990 1013; x_wconf 89' lang='lat' dir='ltr'>et</span> <span class='ocrx_word' id='word_1_48' title='bbox 1011 954 1137 1014; x_wconf 82' lang='lat' dir='ltr'>Martinus</span> 
     </span>
     <span class='ocr_line' id='line_1_8' title="bbox 224 1035 1137 1116; baseline -0.004 -16"><span class='ocrx_word' id='word_1_49' title='bbox 224 1040 390 1116; x_wconf 90' lang='lat' dir='ltr'>Lutherus,</span> <span class='ocrx_word' id='word_1_50' title='bbox 424 1040 449 1097; x_wconf 91' lang='lat' dir='ltr'>si</span> <span class='ocrx_word' id='word_1_51' title='bbox 473 1046 577 1098; x_wconf 89' lang='lat' dir='ltr'>nostra</span> <span class='ocrx_word' id='word_1_52' title='bbox 600 1035 735 1116; x_wconf 87' lang='lat' dir='ltr'>maligne</span> <span class='ocrx_word' id='word_1_53' title='bbox 757 1036 855 1098; x_wconf 83' lang='lat' dir='ltr'>velint</span> <span class='ocrx_word' id='word_1_54' title='bbox 876 1037 1088 1116; x_wconf 87' lang='lat' dir='ltr'>interpretari,</span> <span class='ocrx_word' id='word_1_55' title='bbox 1107 1037 1137 1097; x_wconf 87' lang='lat' dir='ltr'>sd</span> 
     </span>
     <span class='ocr_line' id='line_1_9' title="bbox 226 1118 1137 1202; baseline -0.004 -19"><span class='ocrx_word' id='word_1_56' title='bbox 226 1141 304 1202; x_wconf 91' lang='lat' dir='ltr'>quos</span> <span class='ocrx_word' id='word_1_57' title='bbox 336 1140 397 1180; x_wconf 94' lang='lat' dir='ltr'>non</span> <span class='ocrx_word' id='word_1_58' title='bbox 427 1122 527 1180; x_wconf 92' lang='lat' dir='ltr'>minus</span> <span class='ocrx_word' id='word_1_59' title='bbox 557 1138 646 1198; x_wconf 89' lang='lat' dir='ltr'>quam</span> <span class='ocrx_word' id='word_1_60' title='bbox 670 1118 710 1178; x_wconf 91' lang='lat' dir='ltr'>ad</span> <span class='ocrx_word' id='word_1_61' title='bbox 732 1118 858 1179; x_wconf 80' lang='lat' dir='ltr'>Eccium</span> <span class='ocrx_word' id='word_1_62' title='bbox 884 1121 1039 1198; x_wconf 77' lang='lat' dir='ltr'>pertinet,</span> <span class='ocrx_word' id='word_1_63' title='bbox 1071 1120 1137 1198; x_wconf 92' lang='lat' dir='ltr'>quod</span> 
     </span>
     <span class='ocr_line' id='line_1_10' title="bbox 226 1201 1138 1282; baseline -0.004 -17"><span class='ocrx_word' id='word_1_64' title='bbox 226 1205 265 1265; x_wconf 93' lang='lat' dir='ltr'>de</span> <span class='ocrx_word' id='word_1_65' title='bbox 287 1212 353 1264; x_wconf 90' lang='lat' dir='ltr'>toto</span> <span class='ocrx_word' id='word_1_66' title='bbox 382 1204 443 1262; x_wconf 91' lang='lat' dir='ltr'>hoc</span> <span class='ocrx_word' id='word_1_67' title='bbox 469 1222 584 1282; x_wconf 79' lang='lat' dir='ltr'><strong>genere</strong></span> <span class='ocrx_word' id='word_1_68' title='bbox 605 1201 799 1281; x_wconf 89' lang='lat' dir='ltr'>disputandi,</span> <span class='ocrx_word' id='word_1_69' title='bbox 835 1204 902 1274; x_wconf 83' lang='lat' dir='ltr'>imo</span> <span class='ocrx_word' id='word_1_70' title='bbox 926 1201 969 1261; x_wconf 90' lang='lat' dir='ltr'>de</span> <span class='ocrx_word' id='word_1_71' title='bbox 991 1201 1138 1281; x_wconf 85' lang='lat' dir='ltr'>plerisque,</span> 
     </span>
     <span class='ocr_line' id='line_1_11' title="bbox 248 1281 1137 1364; baseline 0 -18"><span class='ocrx_word' id='word_1_72' title='bbox 248 1305 307 1346; x_wconf 89' lang='lat' dir='ltr'>uae</span> <span class='ocrx_word' id='word_1_73' title='bbox 327 1287 357 1345; x_wconf 93' lang='lat' dir='ltr'>in</span> <span class='ocrx_word' id='word_1_74' title='bbox 369 1285 625 1363; x_wconf 70' lang='lat' dir='ltr'>disceptationem</span> <span class='ocrx_word' id='word_1_75' title='bbox 636 1281 808 1364; x_wconf 75' lang='grc' dir='ltr'>ἀθεόλογα</span> <span class='ocrx_word' id='word_1_76' title='bbox 822 1283 1005 1344; x_wconf 86' lang='lat' dir='ltr'>inciderunt</span> <span class='ocrx_word' id='word_1_77' title='bbox 1019 1285 1060 1362; x_wconf 84' lang='lat'>¹),</span> <span class='ocrx_word' id='word_1_78' title='bbox 1080 1284 1137 1346; x_wconf 81' lang='lat' dir='ltr'>dixi</span> 
     </span>
     <span class='ocr_line' id='line_1_12' title="bbox 225 1306 1139 1447; baseline -0.001 -19"><span class='ocrx_word' id='word_1_79' title='bbox 225 1306 334 1447; x_wconf 59' lang='lat' dir='ltr'>iisque</span> <span class='ocrx_word' id='word_1_80' title='bbox 355 1367 486 1428; x_wconf 89' lang='lat' dir='ltr'>arbitror</span> <span class='ocrx_word' id='word_1_81' title='bbox 506 1367 632 1426; x_wconf 75' lang='lat' dir='ltr'>[iccium</span> <span class='ocrx_word' id='word_1_82' title='bbox 656 1369 755 1446; x_wconf 89' lang='lat' dir='ltr'>ipsum</span> <span class='ocrx_word' id='word_1_83' title='bbox 778 1366 858 1427; x_wconf 86' lang='lat' dir='ltr'>adeo</span> <span class='ocrx_word' id='word_1_84' title='bbox 882 1367 1033 1446; x_wconf 81' lang='lat' dir='ltr'>perfricta</span> <span class='ocrx_word' id='word_1_85' title='bbox 1054 1366 1139 1427; x_wconf 81' lang='lat' dir='ltr'>fronte</span> 
     </span>
     <span class='ocr_line' id='line_1_13' title="bbox 227 1448 1138 1529; baseline -0.003 -18"><span class='ocrx_word' id='word_1_86' title='bbox 227 1470 312 1527; x_wconf 83' lang='lat' dir='ltr'>sess,</span> <span class='ocrx_word' id='word_1_87' title='bbox 343 1459 376 1509; x_wconf 90' lang='lat' dir='ltr'>ut</span> <span class='ocrx_word' id='word_1_88' title='bbox 397 1457 490 1529; x_wconf 88' lang='lat' dir='ltr'>neget</span> <span class='ocrx_word' id='word_1_89' title='bbox 512 1450 607 1509; x_wconf 89' lang='lat' dir='ltr'>multa</span> <span class='ocrx_word' id='word_1_90' title='bbox 628 1450 717 1509; x_wconf 92' lang='lat' dir='ltr'>huius</span> <span class='ocrx_word' id='word_1_91' title='bbox 746 1448 986 1529; x_wconf 79' lang='lat' dir='ltr'>disceptationis</span> <span class='ocrx_word' id='word_1_92' title='bbox 1008 1448 1138 1527; x_wconf 79' lang='lat' dir='ltr'>Lapithes</span> 
     </span>
     <span class='ocr_line' id='line_1_14' title="bbox 225 1520 1139 1673; baseline -0.002 -81"><span class='ocrx_word' id='word_1_93' title='bbox 225 1535 302 1673; x_wconf 83' lang='lat' dir='ltr'>istps</span> <span class='ocrx_word' id='word_1_94' title='bbox 340 1532 537 1609; x_wconf 88' lang='lat' dir='ltr'>Lucianieos,</span> <span class='ocrx_word' id='word_1_95' title='bbox 580 1551 670 1610; x_wconf 89' lang='lat' dir='ltr'>quam</span> <span class='ocrx_word' id='word_1_96' title='bbox 715 1520 896 1611; x_wconf 82' lang='lat' dir='ltr'>Theologos</span> <span class='ocrx_word' id='word_1_97' title='bbox 942 1532 1072 1610; x_wconf 87' lang='lat' dir='ltr'>propius</span> <span class='ocrx_word' id='word_1_98' title='bbox 1103 1551 1139 1591; x_wconf 89' lang='lat' dir='ltr'>re·</span> 
     </span>
     <span class='ocr_line' id='line_1_15' title="bbox 230 1617 346 1675; baseline 0 0"><span class='ocrx_word' id='word_1_99' title='bbox 230 1617 346 1675; x_wconf 90' lang='lat' dir='ltr'>tuisse.</span> 
     </span>
    </p>

    <p class='ocr_par' dir='ltr' id='par_1_4' title="bbox 224 1695 1146 3593">
     <span class='ocr_line' id='line_1_16' title="bbox 310 1695 1140 1775; baseline -0.002 -19"><span class='ocrx_word' id='word_1_100' title='bbox 310 1697 437 1774; x_wconf 85' lang='lat' dir='ltr'>Fateor,</span> <span class='ocrx_word' id='word_1_101' title='bbox 472 1695 511 1756; x_wconf 91' lang='lat' dir='ltr'>de</span> <span class='ocrx_word' id='word_1_102' title='bbox 532 1696 627 1756; x_wconf 76' lang='lat' dir='ltr'>idacio</span> <span class='ocrx_word' id='word_1_103' title='bbox 657 1697 750 1775; x_wconf 87' lang='lat' dir='ltr'>paulo</span> <span class='ocrx_word' id='word_1_104' title='bbox 778 1696 866 1775; x_wconf 90' lang='lat' dir='ltr'>plura</span> <span class='ocrx_word' id='word_1_105' title='bbox 894 1717 913 1755; x_wconf 85' lang='grc' dir='ltr'>ι</span> <span class='ocrx_word' id='word_1_106' title='bbox 937 1715 989 1754; x_wconf 91' lang='lat' dir='ltr'>me</span> <span class='ocrx_word' id='word_1_107' title='bbox 1019 1714 1140 1756; x_wconf 88' lang='lat' dir='ltr'>comme·</span> 
     </span>
     <span class='ocr_line' id='line_1_17' title="bbox 228 1778 1141 1858; baseline -0.002 -19"><span class='ocrx_word' id='word_1_108' title='bbox 228 1786 399 1854; x_wconf 86' lang='lat' dir='ltr'>morantur,</span> <span class='ocrx_word' id='word_1_109' title='bbox 436 1798 550 1858; x_wconf 87' lang='lat' dir='ltr'>nempe</span> <span class='ocrx_word' id='word_1_110' title='bbox 581 1778 664 1857; x_wconf 93' lang='lat' dir='ltr'>quod</span> <span class='ocrx_word' id='word_1_111' title='bbox 691 1780 787 1858; x_wconf 91' lang='lat' dir='ltr'>ipsius</span> <span class='ocrx_word' id='word_1_112' title='bbox 817 1779 848 1838; x_wconf 91' lang='lat' dir='ltr'>in</span> <span class='ocrx_word' id='word_1_113' title='bbox 870 1779 932 1838; x_wconf 91' lang='lat' dir='ltr'>hac</span> <span class='ocrx_word' id='word_1_114' title='bbox 961 1784 1030 1838; x_wconf 82' lang='lat' dir='ltr'>tota</span> <span class='ocrx_word' id='word_1_115' title='bbox 1050 1778 1141 1838; x_wconf 84' lang='lat' dir='ltr'>fabata</span> 
     </span>
     <span class='ocr_line' id='line_1_18' title="bbox 227 1860 1139 1942; baseline -0.001 -21"><span class='ocrx_word' id='word_1_116' title='bbox 227 1863 344 1942; x_wconf 87' lang='lat' dir='ltr'>primae</span> <span class='ocrx_word' id='word_1_117' title='bbox 366 1870 469 1941; x_wconf 87' lang='lat' dir='ltr'>partes</span> <span class='ocrx_word' id='word_1_118' title='bbox 491 1880 547 1941; x_wconf 90' lang='lat' dir='ltr'>per</span> <span class='ocrx_word' id='word_1_119' title='bbox 568 1863 673 1922; x_wconf 91' lang='lat' dir='ltr'>omnia</span> <span class='ocrx_word' id='word_1_120' title='bbox 694 1860 823 1941; x_wconf 85' lang='lat' dir='ltr'>tuerint,</span> <span class='ocrx_word' id='word_1_121' title='bbox 849 1862 957 1940; x_wconf 91' lang='lat' dir='ltr'>utqui</span> <span class='ocrx_word' id='word_1_122' title='bbox 982 1879 1059 1920; x_wconf 89' lang='lat' dir='ltr'>unus</span> <span class='ocrx_word' id='word_1_123' title='bbox 1080 1879 1139 1920; x_wconf 87' lang='lat' dir='ltr'>cum</span> 
     </span>
     <span class='ocr_line' id='line_1_19' title="bbox 228 1943 1140 2023; baseline -0.002 -19"><span class='ocrx_word' id='word_1_124' title='bbox 228 1943 348 2005; x_wconf 89' lang='lat' dir='ltr'>duobus</span> <span class='ocrx_word' id='word_1_125' title='bbox 382 1944 485 2003; x_wconf 90' lang='lat' dir='ltr'>animo</span> <span class='ocrx_word' id='word_1_126' title='bbox 523 1944 591 2023; x_wconf 89' lang='lat' dir='ltr'>plus</span> <span class='ocrx_word' id='word_1_127' title='bbox 623 1963 713 2023; x_wconf 92' lang='lat' dir='ltr'>quam</span> <span class='ocrx_word' id='word_1_128' title='bbox 745 1943 921 2003; x_wconf 87' lang='lat' dir='ltr'>Herculano</span> <span class='ocrx_word' id='word_1_129' title='bbox 963 1961 1140 2023; x_wconf 85' lang='lat' dir='ltr'>congressus</span> 
     </span>
     <span class='ocr_line' id='line_1_20' title="bbox 227 2025 1140 2105; baseline -0.002 -19"><span class='ocrx_word' id='word_1_130' title='bbox 227 2028 273 2089; x_wconf 89' lang='lat' dir='ltr'>sit.</span> <span class='ocrx_word' id='word_1_131' title='bbox 320 2028 422 2105; x_wconf 86' lang='lat' dir='ltr'>Atque</span> <span class='ocrx_word' id='word_1_132' title='bbox 450 2045 488 2086; x_wconf 90' lang='lat' dir='ltr'>ea</span> <span class='ocrx_word' id='word_1_133' title='bbox 510 2026 560 2086; x_wconf 83' lang='lat' dir='ltr'>vel</span> <span class='ocrx_word' id='word_1_134' title='bbox 590 2026 629 2086; x_wconf 93' lang='lat' dir='ltr'>ob</span> <span class='ocrx_word' id='word_1_135' title='bbox 651 2027 712 2086; x_wconf 89' lang='lat' dir='ltr'>hoc</span> <span class='ocrx_word' id='word_1_136' title='bbox 733 2046 751 2086; x_wconf 91' lang='lat' dir='ltr'>a</span> <span class='ocrx_word' id='word_1_137' title='bbox 773 2045 822 2086; x_wconf 86' lang='lat' dir='ltr'>ma</span> <span class='ocrx_word' id='word_1_138' title='bbox 850 2027 1027 2086; x_wconf 86' lang='lat' dir='ltr'>accuratius</span> <span class='ocrx_word' id='word_1_139' title='bbox 1048 2025 1140 2086; x_wconf 87' lang='lat' dir='ltr'>obser·</span> 
     </span>
     <span class='ocr_line' id='line_1_21' title="bbox 229 2108 1140 2189; baseline -0.001 -21"><span class='ocrx_word' id='word_1_140' title='bbox 229 2116 301 2169; x_wconf 89' lang='lat' dir='ltr'>vata</span> <span class='ocrx_word' id='word_1_141' title='bbox 323 2117 408 2186; x_wconf 92' lang='lat' dir='ltr'>sunt,</span> <span class='ocrx_word' id='word_1_142' title='bbox 443 2108 527 2187; x_wconf 92' lang='lat' dir='ltr'>quod</span> <span class='ocrx_word' id='word_1_143' title='bbox 556 2109 621 2168; x_wconf 84' lang='lat' dir='ltr'>fere</span> <span class='ocrx_word' id='word_1_144' title='bbox 648 2115 701 2168; x_wconf 89' lang='lat' dir='ltr'>aut</span> <span class='ocrx_word' id='word_1_145' title='bbox 729 2111 853 2189; x_wconf 85' lang='lat' dir='ltr'>egregie</span> <span class='ocrx_word' id='word_1_146' title='bbox 886 2115 1000 2189; x_wconf 88' lang='lat' dir='ltr'>arguta</span> <span class='ocrx_word' id='word_1_147' title='bbox 1028 2117 1140 2168; x_wconf 87' lang='lat' dir='ltr'>suntet</span> 
     </span>
     <span class='ocr_line' id='line_1_22' title="bbox 227 2189 1139 2270; baseline -0.002 -19"><span class='ocrx_word' id='word_1_148' title='bbox 227 2192 320 2270; x_wconf 73' lang='lat' dir='ltr'>vasta,</span> <span class='ocrx_word' id='word_1_149' title='bbox 342 2199 395 2251; x_wconf 88' lang='lat' dir='ltr'>aut</span> <span class='ocrx_word' id='word_1_150' title='bbox 414 2192 475 2251; x_wconf 90' lang='lat' dir='ltr'>tale</span> <span class='ocrx_word' id='word_1_151' title='bbox 489 2191 633 2270; x_wconf 87' lang='lat' dir='ltr'>quiddam</span> <span class='ocrx_word' id='word_1_152' title='bbox 646 2210 721 2270; x_wconf 91' lang='lat' dir='ltr'>prae</span> <span class='ocrx_word' id='word_1_153' title='bbox 743 2211 777 2252; x_wconf 89' lang='lat' dir='ltr'>se</span> <span class='ocrx_word' id='word_1_154' title='bbox 798 2192 908 2269; x_wconf 89' lang='lat' dir='ltr'>ferunt,</span> <span class='ocrx_word' id='word_1_155' title='bbox 931 2189 1018 2270; x_wconf 89' lang='lat' dir='ltr'>quod</span> <span class='ocrx_word' id='word_1_156' title='bbox 1033 2191 1139 2259; x_wconf 72' lang='lat' dir='ltr'>nescu,</span> 
     </span>
     <span class='ocr_line' id='line_1_23' title="bbox 227 2274 1139 2354; baseline -0.002 -20"><span class='ocrx_word' id='word_1_157' title='bbox 227 2274 384 2354; x_wconf 91' lang='lat' dir='ltr'>quomodo</span> <span class='ocrx_word' id='word_1_158' title='bbox 414 2275 512 2334; x_wconf 89' lang='lat' dir='ltr'>visum</span> <span class='ocrx_word' id='word_1_159' title='bbox 551 2282 599 2334; x_wconf 88' lang='lat' dir='ltr'>est</span> <span class='ocrx_word' id='word_1_160' title='bbox 625 2274 697 2334; x_wconf 90' lang='lat' dir='ltr'>mihi</span> <span class='ocrx_word' id='word_1_161' title='bbox 726 2293 745 2332; x_wconf 89' lang='lat' dir='ltr'>a</span> <span class='ocrx_word' id='word_1_162' title='bbox 776 2275 953 2354; x_wconf 88' lang='lat' dir='ltr'>theologica</span> <span class='ocrx_word' id='word_1_163' title='bbox 984 2275 1139 2333; x_wconf 85' lang='lat' dir='ltr'>maiestate</span> 
     </span>
     <span class='ocr_line' id='line_1_24' title="bbox 226 2355 1138 2436; baseline -0.003 -19"><span class='ocrx_word' id='word_1_164' title='bbox 226 2357 365 2418; x_wconf 85' lang='lat' dir='ltr'>nonnihil</span> <span class='ocrx_word' id='word_1_165' title='bbox 395 2355 549 2418; x_wconf 87' lang='lat' dir='ltr'>abludere.</span> <span class='ocrx_word' id='word_1_166' title='bbox 599 2355 679 2431; x_wconf 78' lang='lat' dir='ltr'>Quid</span> <span class='ocrx_word' id='word_1_167' title='bbox 709 2359 789 2416; x_wconf 91' lang='lat' dir='ltr'>enim</span> <span class='ocrx_word' id='word_1_168' title='bbox 821 2356 975 2417; x_wconf 86' lang='lat' dir='ltr'>referebat</span> <span class='ocrx_word' id='word_1_169' title='bbox 1009 2355 1138 2436; x_wconf 85' lang='lat' dir='ltr'>vulgaria</span> 
     </span>
     <span class='ocr_line' id='line_1_25' title="bbox 226 2438 1138 2519; baseline -0.005 -18"><span class='ocrx_word' id='word_1_170' title='bbox 226 2448 351 2517; x_wconf 86' lang='lat' dir='ltr'>notare,</span> <span class='ocrx_word' id='word_1_171' title='bbox 383 2441 516 2519; x_wconf 86' lang='lat' dir='ltr'>insignia</span> <span class='ocrx_word' id='word_1_172' title='bbox 537 2439 687 2518; x_wconf 87' lang='lat' dir='ltr'>quaedem</span> <span class='ocrx_word' id='word_1_173' title='bbox 717 2448 871 2518; x_wconf 89' lang='lat' dir='ltr'>utcunque</span> <span class='ocrx_word' id='word_1_174' title='bbox 893 2441 973 2498; x_wconf 91' lang='lat' dir='ltr'>inter</span> <span class='ocrx_word' id='word_1_175' title='bbox 996 2438 1138 2498; x_wconf 90' lang='lat' dir='ltr'>disseren-</span> 
     </span>
     <span class='ocr_line' id='line_1_26' title="bbox 227 2521 1146 2601; baseline -0.003 -19"><span class='ocrx_word' id='word_1_176' title='bbox 227 2522 298 2583; x_wconf 93' lang='lat' dir='ltr'>dum</span> <span class='ocrx_word' id='word_1_177' title='bbox 333 2532 464 2601; x_wconf 88' lang='lat' dir='ltr'>excepta</span> <span class='ocrx_word' id='word_1_178' title='bbox 498 2523 704 2582; x_wconf 83' lang='lat' dir='ltr'>commemini.</span> <span class='ocrx_word' id='word_1_179' title='bbox 752 2522 878 2581; x_wconf 82' lang='lat' dir='ltr'>Eacium</span> <span class='ocrx_word' id='word_1_180' title='bbox 915 2528 1033 2581; x_wconf 90' lang='lat' dir='ltr'>tantum</span> <span class='ocrx_word' id='word_1_181' title='bbox 1061 2521 1146 2596; x_wconf 85' lang='lat' dir='ltr'>abest</span> 
     </span>
     <span class='ocr_line' id='line_1_27' title="bbox 227 2605 1138 2685; baseline -0.004 -20"><span class='ocrx_word' id='word_1_182' title='bbox 227 2613 260 2666; x_wconf 94' lang='lat' dir='ltr'>ut</span> <span class='ocrx_word' id='word_1_183' title='bbox 291 2624 417 2685; x_wconf 89' lang='lat' dir='ltr'>carpere</span> <span class='ocrx_word' id='word_1_184' title='bbox 447 2605 612 2681; x_wconf 88' lang='lat' dir='ltr'>voluerim,</span> <span class='ocrx_word' id='word_1_185' title='bbox 653 2612 688 2664; x_wconf 91' lang='lat' dir='ltr'>ut</span> <span class='ocrx_word' id='word_1_186' title='bbox 726 2624 789 2664; x_wconf 90' lang='lat' dir='ltr'>non</span> <span class='ocrx_word' id='word_1_187' title='bbox 818 2624 926 2684; x_wconf 87' lang='lat' dir='ltr'>parurn</span> <span class='ocrx_word' id='word_1_188' title='bbox 959 2605 1138 2683; x_wconf 81' lang='lat' dir='ltr'>argutiarum</span> 
     </span>
     <span class='ocr_line' id='line_1_28' title="bbox 227 2686 1139 2766; baseline -0.004 -18"><span class='ocrx_word' id='word_1_189' title='bbox 227 2690 318 2748; x_wconf 91' lang='lat' dir='ltr'>etiam</span> <span class='ocrx_word' id='word_1_190' title='bbox 352 2688 432 2748; x_wconf 89' lang='lat' dir='ltr'>belle</span> <span class='ocrx_word' id='word_1_191' title='bbox 469 2688 542 2747; x_wconf 91' lang='lat' dir='ltr'>mihi</span> <span class='ocrx_word' id='word_1_192' title='bbox 571 2689 714 2747; x_wconf 89' lang='lat' dir='ltr'>arriserit.</span> <span class='ocrx_word' id='word_1_193' title='bbox 767 2687 798 2746; x_wconf 90' lang='lat' dir='ltr'>ln</span> <span class='ocrx_word' id='word_1_194' title='bbox 826 2686 975 2766; x_wconf 87' lang='lat' dir='ltr'>quasdam</span> <span class='ocrx_word' id='word_1_195' title='bbox 1017 2686 1139 2745; x_wconf 85' lang='lat' dir='ltr'>fortasse</span> 
     </span>
     <span class='ocr_line' id='line_1_29' title="bbox 227 2768 1129 2849; baseline -0.004 -19"><span class='ocrx_word' id='word_1_196' title='bbox 227 2770 349 2832; x_wconf 89' lang='lat' dir='ltr'>liberius</span> <span class='ocrx_word' id='word_1_197' title='bbox 373 2772 447 2843; x_wconf 87' lang='lat' dir='ltr'>lusi,</span> <span class='ocrx_word' id='word_1_198' title='bbox 482 2769 564 2848; x_wconf 91' lang='lat' dir='ltr'>quod</span> <span class='ocrx_word' id='word_1_199' title='bbox 588 2777 622 2829; x_wconf 91' lang='lat' dir='ltr'>ut</span> <span class='ocrx_word' id='word_1_200' title='bbox 641 2770 792 2847; x_wconf 86' lang='lat' dir='ltr'>facerem,</span> <span class='ocrx_word' id='word_1_201' title='bbox 826 2770 923 2849; x_wconf 87' lang='lat' dir='ltr'>magis</span> <span class='ocrx_word' id='word_1_202' title='bbox 945 2768 1067 2847; x_wconf 89' lang='lat' dir='ltr'>impulit</span> <span class='ocrx_word' id='word_1_203' title='bbox 1086 2776 1129 2826; x_wconf 85' lang='lat' dir='ltr'>atu</span> 
     </span>
     <span class='ocr_line' id='line_1_30' title="bbox 225 2850 1138 2932; baseline -0.005 -19"><span class='ocrx_word' id='word_1_204' title='bbox 225 2853 323 2929; x_wconf 87' lang='lat' dir='ltr'>dium,</span> <span class='ocrx_word' id='word_1_205' title='bbox 358 2861 388 2913; x_wconf 88' lang='lat' dir='ltr'>et</span> <span class='ocrx_word' id='word_1_206' title='bbox 410 2854 503 2912; x_wconf 88' lang='lat' dir='ltr'>anxia</span> <span class='ocrx_word' id='word_1_207' title='bbox 524 2853 676 2931; x_wconf 87' lang='lat' dir='ltr'>quaedem</span> <span class='ocrx_word' id='word_1_208' title='bbox 698 2853 822 2932; x_wconf 88' lang='lat' dir='ltr'>religio,</span> <span class='ocrx_word' id='word_1_209' title='bbox 856 2870 917 2930; x_wconf 92' lang='lat' dir='ltr'>qna</span> <span class='ocrx_word' id='word_1_210' title='bbox 941 2850 1051 2911; x_wconf 84' lang='lat' dir='ltr'>videor</span> <span class='ocrx_word' id='word_1_211' title='bbox 1074 2850 1138 2908; x_wconf 89' lang='lat' dir='ltr'>mihi</span> 
     </span>
     <span class='ocr_line' id='line_1_31' title="bbox 228 2933 1140 3012; baseline -0.008 -16"><span class='ocrx_word' id='word_1_212' title='bbox 228 2937 324 2996; x_wconf 89' lang='lat' dir='ltr'>sacris</span> <span class='ocrx_word' id='word_1_213' title='bbox 357 2936 450 2995; x_wconf 86' lang='lat' dir='ltr'>literis</span> <span class='ocrx_word' id='word_1_214' title='bbox 484 2934 637 2995; x_wconf 86' lang='lat' dir='ltr'>obnoxius</span> <span class='ocrx_word' id='word_1_215' title='bbox 671 2954 740 2994; x_wconf 88' lang='lat' dir='ltr'>esse</span> <span class='ocrx_word' id='word_1_216' title='bbox 775 2953 866 3012; x_wconf 86' lang='lat' dir='ltr'>qnam</span> <span class='ocrx_word' id='word_1_217' title='bbox 895 2934 1024 2994; x_wconf 88' lang='lat' dir='ltr'>morbus</span> <span class='ocrx_word' id='word_1_218' title='bbox 1046 2933 1140 3007; x_wconf 88' lang='lat' dir='ltr'>animi,</span> 
     </span>
     <span class='ocr_line' id='line_1_32' title="bbox 226 3017 1141 3096; baseline -0.003 -19"><span class='ocrx_word' id='word_1_219' title='bbox 226 3037 294 3077; x_wconf 89' lang='lat' dir='ltr'>cum</span> <span class='ocrx_word' id='word_1_220' title='bbox 332 3017 478 3077; x_wconf 90' lang='lat' dir='ltr'>audacius</span> <span class='ocrx_word' id='word_1_221' title='bbox 522 3018 590 3077; x_wconf 88' lang='lat' dir='ltr'>illas</span> <span class='ocrx_word' id='word_1_222' title='bbox 637 3036 856 3096; x_wconf 88' lang='lat' dir='ltr'>nonnunquam</span> <span class='ocrx_word' id='word_1_223' title='bbox 895 3018 1141 3095; x_wconf 86' lang='lat' dir='ltr'>interpretaretur</span> 
     </span>
     <span class='ocr_line' id='line_1_33' title="bbox 225 3097 1140 3179; baseline -0.003 -19"><span class='ocrx_word' id='word_1_224' title='bbox 225 3100 353 3177; x_wconf 80' lang='lat' dir='ltr'>Eccius,</span> <span class='ocrx_word' id='word_1_225' title='bbox 391 3119 481 3178; x_wconf 90' lang='lat' dir='ltr'>quam</span> <span class='ocrx_word' id='word_1_226' title='bbox 514 3102 626 3179; x_wconf 87' lang='lat' dir='ltr'>petitur</span> <span class='ocrx_word' id='word_1_227' title='bbox 650 3101 739 3162; x_wconf 90' lang='lat' dir='ltr'>ratio.</span> <span class='ocrx_word' id='word_1_228' title='bbox 788 3099 896 3178; x_wconf 88' lang='lat' dir='ltr'>Neque</span> <span class='ocrx_word' id='word_1_229' title='bbox 931 3100 1014 3159; x_wconf 92' lang='lat' dir='ltr'>enim</span> <span class='ocrx_word' id='word_1_230' title='bbox 1047 3097 1140 3173; x_wconf 87' lang='lat' dir='ltr'>refert,</span> 
     </span>
     <span class='ocr_line' id='line_1_34' title="bbox 226 3182 1139 3263; baseline -0.003 -21"><span class='ocrx_word' id='word_1_231' title='bbox 226 3183 309 3262; x_wconf 93' lang='lat' dir='ltr'>quod</span> <span class='ocrx_word' id='word_1_232' title='bbox 342 3184 461 3263; x_wconf 89' lang='lat' dir='ltr'>magnis</span> <span class='ocrx_word' id='word_1_233' title='bbox 485 3202 519 3243; x_wconf 90' lang='lat' dir='ltr'>se</span> <span class='ocrx_word' id='word_1_234' title='bbox 541 3182 698 3243; x_wconf 85' lang='lat' dir='ltr'>autoribus</span> <span class='ocrx_word' id='word_1_235' title='bbox 720 3189 836 3260; x_wconf 88' lang='lat' dir='ltr'>tuetur,</span> <span class='ocrx_word' id='word_1_236' title='bbox 869 3200 999 3260; x_wconf 91' lang='lat' dir='ltr'>quorum</span> <span class='ocrx_word' id='word_1_237' title='bbox 1027 3188 1139 3241; x_wconf 89' lang='lat' dir='ltr'>senten·</span> 
     </span>
     <span class='ocr_line' id='line_1_35' title="bbox 225 3262 1140 3345; baseline -0.004 -19"><span class='ocrx_word' id='word_1_238' title='bbox 225 3267 297 3326; x_wconf 90' lang='lat' dir='ltr'>tiam</span> <span class='ocrx_word' id='word_1_239' title='bbox 327 3268 413 3345; x_wconf 90' lang='lat' dir='ltr'>sequi</span> <span class='ocrx_word' id='word_1_240' title='bbox 445 3273 538 3325; x_wconf 89' lang='lat' dir='ltr'>tutum</span> <span class='ocrx_word' id='word_1_241' title='bbox 563 3267 611 3326; x_wconf 89' lang='lat' dir='ltr'>sit.</span> <span class='ocrx_word' id='word_1_242' title='bbox 655 3265 732 3325; x_wconf 88' lang='lat' dir='ltr'>Nam</span> <span class='ocrx_word' id='word_1_243' title='bbox 756 3273 787 3325; x_wconf 87' lang='lat' dir='ltr'>et</span> <span class='ocrx_word' id='word_1_244' title='bbox 807 3265 866 3324; x_wconf 93' lang='lat' dir='ltr'>hos</span> <span class='ocrx_word' id='word_1_245' title='bbox 893 3283 955 3343; x_wconf 92' lang='lat' dir='ltr'>qua</span> <span class='ocrx_word' id='word_1_246' title='bbox 975 3262 1040 3324; x_wconf 88' lang='lat' dir='ltr'>fide</span> <span class='ocrx_word' id='word_1_247' title='bbox 1063 3282 1140 3323; x_wconf 90' lang='lat' dir='ltr'>secu-</span> 
     </span>
     <span class='ocr_line' id='line_1_36' title="bbox 225 3346 1141 3427; baseline -0.001 -21"><span class='ocrx_word' id='word_1_248' title='bbox 225 3350 348 3424; x_wconf 87' lang='lat' dir='ltr'>tussit,</span> <span class='ocrx_word' id='word_1_249' title='bbox 379 3355 490 3427; x_wconf 88' lang='lat' dir='ltr'>postea</span> <span class='ocrx_word' id='word_1_250' title='bbox 521 3347 717 3427; x_wconf 86' lang='lat' dir='ltr'>docebimus,</span> <span class='ocrx_word' id='word_1_251' title='bbox 749 3356 780 3408; x_wconf 89' lang='lat' dir='ltr'>et</span> <span class='ocrx_word' id='word_1_252' title='bbox 801 3367 864 3407; x_wconf 91' lang='lat' dir='ltr'>non</span> <span class='ocrx_word' id='word_1_253' title='bbox 891 3348 992 3407; x_wconf 86' lang='lat' dir='ltr'>statim</span> <span class='ocrx_word' id='word_1_254' title='bbox 1017 3346 1141 3426; x_wconf 86' lang='lat' dir='ltr'>probare</span> 
     </span>
     <span class='ocr_line' id='line_1_37' title="bbox 224 3429 1141 3510; baseline -0.002 -20"><span class='ocrx_word' id='word_1_255' title='bbox 224 3449 282 3491; x_wconf 92' lang='lat' dir='ltr'>nos</span> <span class='ocrx_word' id='word_1_256' title='bbox 304 3450 433 3491; x_wconf 88' lang='lat' dir='ltr'>necesse</span> <span class='ocrx_word' id='word_1_257' title='bbox 455 3438 511 3508; x_wconf 90' lang='lat' dir='ltr'>est,</span> <span class='ocrx_word' id='word_1_258' title='bbox 534 3433 559 3491; x_wconf 93' lang='lat' dir='ltr'>si</span> <span class='ocrx_word' id='word_1_259' title='bbox 582 3431 655 3510; x_wconf 92' lang='lat' dir='ltr'>quid</span> <span class='ocrx_word' id='word_1_260' title='bbox 677 3449 858 3510; x_wconf 87' lang='lat' dir='ltr'>quacunque</span> <span class='ocrx_word' id='word_1_261' title='bbox 880 3431 1001 3490; x_wconf 89' lang='lat' dir='ltr'>ratione</span> <span class='ocrx_word' id='word_1_262' title='bbox 1018 3429 1141 3489; x_wconf 86' lang='lat' dir='ltr'>Ambro-</span> 
     </span>
     <span class='ocr_line' id='line_1_38' title="bbox 225 3514 728 3593; baseline 0.008 -21"><span class='ocrx_word' id='word_1_263' title='bbox 225 3515 287 3573; x_wconf 88' lang='lat' dir='ltr'>sius</span> <span class='ocrx_word' id='word_1_264' title='bbox 310 3521 362 3574; x_wconf 89' lang='lat' dir='ltr'>aut</span> <span class='ocrx_word' id='word_1_265' title='bbox 383 3514 588 3593; x_wconf 89' lang='lat' dir='ltr'>Hieronymus</span> <span class='ocrx_word' id='word_1_266' title='bbox 611 3514 728 3577; x_wconf 86' lang='lat' dir='ltr'>dixere.</span> 
     </span>
    </p>

    <p class='ocr_par' dir='ltr' id='par_1_5' title="bbox 307 3593 1142 3672">
     <span class='ocr_line' id='line_1_39' title="bbox 307 3593 1142 3672; baseline -0.004 -17"><span class='ocrx_word' id='word_1_267' title='bbox 307 3596 402 3657; x_wconf 85' lang='lat' dir='ltr'>Plane</span> <span class='ocrx_word' id='word_1_268' title='bbox 423 3616 460 3658; x_wconf 88' lang='lat' dir='ltr'>eo</span> <span class='ocrx_word' id='word_1_269' title='bbox 475 3617 541 3657; x_wconf 90' lang='lat' dir='ltr'>eum</span> <span class='ocrx_word' id='word_1_270' title='bbox 561 3599 591 3657; x_wconf 91' lang='lat' dir='ltr'>in</span> <span class='ocrx_word' id='word_1_271' title='bbox 615 3605 737 3658; x_wconf 89' lang='lat' dir='ltr'>sanctae</span> <span class='ocrx_word' id='word_1_272' title='bbox 751 3598 854 3657; x_wconf 87' lang='lat' dir='ltr'>literas</span> <span class='ocrx_word' id='word_1_273' title='bbox 876 3597 991 3672; x_wconf 89' lang='lat' dir='ltr'>animo,</span> <span class='ocrx_word' id='word_1_274' title='bbox 1015 3603 1050 3655; x_wconf 92' lang='lat' dir='ltr'>ut</span> <span class='ocrx_word' id='word_1_275' title='bbox 1072 3593 1142 3654; x_wconf 90' lang='lat' dir='ltr'>nihil</span> 
     </span>
    </p>
   </div>
   <div class='ocr_carea' id='block_1_4' title="bbox 215 3783 1150 3924">
    <p class='ocr_par' dir='ltr' id='par_1_6' title="bbox 215 3783 1150 3924">
     <span class='ocr_line' id='line_1_40' title="bbox 293 3783 1150 3859; baseline -0.022 -15"><span class='ocrx_word' id='word_1_276' title='bbox 293 3787 326 3859; x_wconf 80' lang='lat' dir='ltr'>t)</span> <span class='ocrx_word' id='word_1_277' title='bbox 348 3787 379 3841; x_wconf 87' lang='grc' dir='ltr'>Ιιι</span> <span class='ocrx_word' id='word_1_278' title='bbox 406 3787 450 3844; x_wconf 84' lang='lat' dir='ltr'>ed.</span> <span class='ocrx_word' id='word_1_279' title='bbox 474 3787 552 3843; x_wconf 57' lang='lat' dir='ltr'>iaus.</span> <span class='ocrx_word' id='word_1_280' title='bbox 590 3801 664 3856; x_wconf 85' lang='lat' dir='ltr'>qnae</span> <span class='ocrx_word' id='word_1_281' title='bbox 678 3787 714 3836; x_wconf 81' lang='lat' dir='ltr'>in</span> <span class='ocrx_word' id='word_1_282' title='bbox 738 3783 1150 3846; x_wconf 60' lang='lat' dir='ltr'>disceptatione&#39;mtemqaauss</span> 
     </span>
     <span class='ocr_line' id='line_1_41' title="bbox 215 3863 395 3924; baseline -0.022 -2"><span class='ocrx_word' id='word_1_283' title='bbox 215 3863 395 3924; x_wconf 81' lang='lat' dir='ltr'>acciderunt.</span> 
     </span>
    </p>
   </div>
   <div class='ocr_carea' id='block_1_5' title="bbox 0 0 1363 4417">
    <p class='ocr_par' dir='ltr' id='par_1_7' title="bbox 0 0 1363 4417">
     <span class='ocr_line' id='line_1_42' title="bbox 0 0 1363 4417; baseline 0 0"><span class='ocrx_word' id='word_1_284' title='bbox 0 0 1363 4417; x_wconf 95' lang='lat' dir='ltr'> </span> 
     </span>
    </p>
   </div>
  </div>
 </body>
</html>
