2709 4417
401 368 459 418 suis
479 366 584 434 Lipsiae
606 366 752 434 disputatis
781 384 806 421 a.
824 367 890 421 xlx.
1041 362 1103 432 229

199 557 315 628 putare,
338 556 372 609 et
394 569 481 611 more
501 549 695 612 indootorum
718 550 957 612 declamatorum
981 559 1103 632 tempus

199 632 328 692 onvioiis
351 639 384 692 et
395 634 588 694 ooutumeliis
600 634 758 696 hominum
774 634 911 714 perdere.
933 633 1008 695 Ideo
1030 634 1117 721 nihil·

199 716 300 792 sirum,
322 716 350 774 si
374 735 436 776 uon
459 717 517 776 nisi
540 716 669 799 gloriam
692 724 828 797 quaerat.
850 717 923 777 Mihi
946 736 1029 794 vero,
1051 717 1104 796 qui

199 817 236 856 tm
257 797 338 857 duos
375 818 474 859 anuos
504 801 605 879 patior
635 800 748 861 multos
771 801 922 861 eiusmodi
955 800 1104 861 victoriae

199 882 423 941 attentissimos
446 889 479 942 et
498 883 682 943 vanissimos
704 883 898 964 gloriatores,
920 882 1104 961 rabidosque

199 964 413 1042 riminatores,
435 963 546 1025 deinde
567 967 740 1046 oontempsi
763 967 867 1027 nescio
890 972 970 1045 qnae
992 973 1105 1026 tartara

199 1045 249 1104 tibi
273 1048 451 1124 intentata,
474 1066 529 1126 pru
553 1049 678 1109 minimo
702 1057 758 1124 est,
780 1049 860 1109 hone
883 1068 989 1109 eorum
1011 1049 1105 1107 simu·

199 1136 267 1187 ,tam
294 1129 430 1208 gloriam
451 1129 570 1209 audire,
588 1148 717 1211 quorum
731 1134 827 1212 magis
843 1133 987 1210 misereri,
1010 1150 1101 1210 quam

199 1213 285 1290 igere
325 1218 477 1292 oporteat.
521 1213 598 1273 Nam
631 1215 655 1273 si
679 1215 869 1275 conscientia
890 1232 995 1274 eorum
1019 1213 1102 1274 idem

199 1294 377 1372 loriaretur,
400 1314 439 1355 ne
461 1294 590 1373 dubites,
612 1296 685 1357 foris
707 1316 806 1376 neque
817 1297 1030 1377 gloriarentur,
1052 1316 1103 1356 ne·

199 1396 233 1436 ue
259 1379 508 1440 criminarentur.

258 1459 384 1520 Temen
407 1460 514 1520 uttibi
537 1460 743 1536 satisfaciam,
766 1461 898 1522 breviter
918 1481 982 1521 rem
1004 1462 1102 1540 ipsam

199 1543 353 1602 reundum
378 1545 535 1603 veritatem
560 1543 751 1614 describam,
786 1551 817 1604 et
849 1545 892 1604 ita
920 1543 1103 1621 describam,

199 1633 207 1684 t
228 1624 412 1707 intelligere
433 1627 544 1706 possis,
567 1625 805 1705 disputationem
826 1626 910 1687 illem
933 1627 1025 1686 luisse
1037 1646 1103 1706 per·

199 1709 332 1768 itionem
366 1711 533 1788 temporis,
576 1728 639 1768 non
678 1710 909 1788 inquisitionem
943 1710 1102 1769 veritatis:

199 1791 292 1851 einde
305 1791 433 1851 blesium
447 1791 661 1870 Eeoianosqua
683 1792 825 1851 simulare
837 1794 867 1851 in
891 1792 990 1873 gloria
1010 1790 1102 1867 alind,

199 1881 209 1933 t
229 1873 318 1933 eliud
333 1875 449 1935 sentire
464 1876 497 1934 in
511 1875 710 1935 conscientia.
734 1872 811 1934 Nam
835 1881 981 1954 quantum
1002 1875 1032 1932 in
1045 1873 1103 1932 Ee

199 1957 226 2016 io
250 1957 325 2031 linit,
361 1957 425 2016 fere
447 1957 548 2017 nullus
570 1975 682 2037 asopus
706 1965 805 2016 taetus
827 1966 883 2021 est.
926 1957 978 2017 Sin
1003 1963 1101 2016 taetus

199 2047 234 2117 et,
257 2058 322 2099 non
346 2040 404 2099 nisi
418 2040 584 2100 notissimis
596 2048 628 2099 et
637 2040 731 2121 vulgo
746 2039 929 2120 proeuloatis
942 2058 1101 2120 argumen-

199 2142 218 2181 s
240 2129 393 2182 certatum
416 2127 472 2184 est.
494 2122 573 2182 Nam
583 2122 666 2183 Deus
690 2125 785 2196 novit,
808 2121 889 2201 quod
903 2129 998 2182 totam
1012 2122 1101 2181 istam

200 2204 418 2265 onelusionum
453 2205 611 2266 eohortem
647 2206 742 2265 multo
779 2206 877 2264 aerius
908 2211 939 2264 et
974 2203 1103 2263 validius

199 2289 281 2347 rostri
304 2287 597 2368 Vuitembergeusss
630 2288 750 2348 duobus
786 2288 873 2347 antiis
906 2304 1103 2366 oppugnave-

199 2377 264 2446 unt,
286 2375 318 2429 et
339 2372 382 2430 ita
404 2372 666 2449 examinaverunt,
690 2379 723 2431 ut
736 2390 808 2430 ossa
823 2389 925 2430 earum
945 2386 1105 2429 numerare

199 2454 321 2530 leserit,
343 2471 420 2532 quas
443 2453 555 2513 Eeoius
577 2455 630 2512 vix
652 2456 682 2513 in
705 2454 784 2513 faeie
807 2455 885 2513 eutis
907 2453 1017 2512 leviter
1037 2471 1106 2531 per-

199 2536 318 2608 strinxit,
341 2537 399 2595 nisi
422 2535 507 2614 quod
531 2537 626 2597 multo
648 2537 755 2596 fortius
773 2536 917 2596 clamavit
938 2552 999 2595 una
1020 2535 1106 2611 bora,

199 2637 278 2696 quam
307 2637 364 2678 nos
399 2619 525 2698 integris
540 2616 543 2621 ’
561 2619 812 2697 duobusmnnis,
835 2637 872 2678 ao
893 2617 1030 2698 gestibus
1053 2618 1105 2675 im-

199 2701 317 2760 maniter
338 2701 482 2761 fastuosis
518 2710 549 2760 et
570 2702 713 2782 gloriosis
741 2702 833 2760 stiam
862 2720 895 2759 se
924 2701 1022 2779 ipsum
1047 2699 1106 2758 ala-

202 2789 335 2843 matorem
359 2802 504 2862 superare
527 2784 607 2844 velle
630 2785 714 2843 visus
736 2793 792 2843 est.
836 2782 889 2842 His
912 2784 991 2841 enirn
1015 2781 1106 2841 mori·

202 2863 266 2942 bus,
287 2886 362 2926 sane
386 2867 496 2943 quietis
517 2875 548 2926 et
572 2866 756 2946 tranquillis,
788 2865 947 2946 paoilloam
969 2865 1051 2923 illam
1076 2870 1107 2923 et

204 2947 228 3005 iu
244 2948 362 3008 silentio
392 2967 429 3007 eo
462 2951 609 3028 mysterio
645 2948 883 3028 profundissime
905 2948 1106 3027 quietissime·

206 3048 250 3106 que
268 3031 414 3090 latentem
437 3031 624 3111 theologiam
638 3033 790 3111 quaesivit
802 3031 958 3109 hueusque
971 3026 1106 3088 Enniana

206 3111 347 3173 modestia.
371 3114 416 3172 lta
439 3134 487 3173 ms
500 3114 582 3174 Deus
604 3121 696 3190 amet,
717 3113 806 3173 fateri
829 3118 934 3194 sogor,
957 3130 1013 3172 uos
1037 3129 1106 3170 esse

208 3194 287 3255 riolos
309 3195 446 3256 elamore
469 3203 500 3256 et
511 3204 609 3278 gestu,
632 3197 692 3257 hoe
714 3205 770 3268 est,
792 3195 930 3255 Enniana
944 3194 1105 3263 modestia,

207 3277 237 3335 sio
255 3278 335 3337 enim
359 3279 427 3358 ipse
450 3286 551 3340 voeat.

271 3361 385 3420 Verum
407 3363 571 3440 antequam
594 3381 658 3420 rem
680 3363 777 3441 ipsam
802 3359 912 3435 dicam,
934 3358 1106 3440 praetabor,

204 3444 362 3503 streniam
394 3452 518 3523 petam,
552 3443 738 3505 sihomines
771 3442 921 3521 quosdam
952 3441 1107 3502 involvam

201 3526 317 3604 puriter,
342 3526 472 3586 libenter
492 3528 679 3600 omissuros,
712 3527 736 3585 si
757 3527 815 3606 ipsi
838 3545 906 3586 sese
928 3544 990 3586 non
1013 3525 1107 3583 invol-

199 3606 303 3671 vissent
326 3609 394 3669 sine
407 3628 515 3686 eausa,
536 3617 575 3687 et,
599 3616 634 3668 ut
652 3608 727 3670 dioit
747 3629 772 3687 r,
793 3608 948 3668 neutrales
970 3615 1002 3668 et
1021 3606 1108 3666 indil-

199 3684 322 3752 ferentes
345 3691 524 3752 habuissent
545 3692 696 3773 utrinque.
729 3629 815 3754 2ldeo
841 3710 906 3753 non
926 3689 1022 3768 mibi,
1054 3689 1109 3749 sed

199 3771 239 3826 ibi
255 3773 462 3862 imputabunt,
485 3775 514 3833 si
537 3782 709 3859 tangantur
731 3779 857 3865 stipsi,
877 3795 960 3861 quos
978 3794 1037 3859 par
1059 3772 1128 3854 glo·

199 3862 228 3904 te
250 3849 387 3910 studium
416 3863 449 3914 et
467 3857 653 3927 inveterata
692 3869 760 3932 ium
795 3867 857 3932 diu
875 3863 1009 3930 inuidia
1026 3856 1155 3939 enadda,
