2709 4417
229 360 293 427 468
503 358 550 415 Vi.
570 359 674 414 Contio
694 357 843 426 Quomodo
860 359 900 412 sit

234 545 281 605 dis
305 543 457 604 desiderio
492 563 530 604 ea
558 562 683 622 quoque
710 543 859 620 consequi
881 548 1023 622 possunt.
1063 540 1132 616 Quod

233 629 259 688 si
281 628 312 687 in
335 645 372 686 ea
393 625 455 687 fide
476 627 650 706 persistant,
673 632 833 686 servantur
854 632 888 684 et
908 625 980 704 ipsi.

316 708 582 784 Quemadmodum
623 716 725 769 autem
760 716 853 768 antea
887 707 928 767 de
965 705 1132 767 absolutius

234 789 382 868 diximus,
411 793 456 852 ita
483 792 522 852 de
544 798 738 852 sacramento
759 791 864 850 altaris
889 808 1016 869 qnoque
1037 789 1132 850 tibias

235 873 408 936 dicendum.
451 874 544 934 Dedit
577 875 652 933 mihi
681 872 827 934 sacerdos
850 892 967 953 eorpus
990 878 1022 932 et
1042 875 1131 952 sangui

234 976 304 1017 nem
334 959 399 1016 iesu
423 956 550 1034 Christi,
585 956 667 1034 quod
697 958 817 1036 signum
846 963 879 1016 et
911 956 1076 1036 promissio
1098 963 1132 1015 ost

235 1059 283 1099 me
305 1041 335 1097 in
359 1041 549 1099 consortium
571 1039 682 1099 Christi
710 1048 741 1099 et
763 1041 901 1098 omnium
925 1037 1132 1118 angelorum-e

234 1121 415 1181 Senatorum
438 1129 594 1201 reoeptum
618 1140 697 1198 esse,
719 1127 752 1180 ut
773 1122 816 1181 illi
839 1141 890 1180 me
903 1121 1076 1198 redamant,
1096 1140 1132 1180 me

234 1213 329 1283 agunt
356 1222 476 1283 euram,
513 1210 602 1265 orent
628 1223 684 1284 pro
714 1224 779 1282 me,
814 1223 900 1263 meas
922 1202 1104 1264 afflietiones
1118 1206 1132 1262 h

235 1306 268 1345 se
289 1288 457 1366 recipiant,
481 1286 663 1349 confirment
685 1306 752 1366 me,
780 1295 912 1366 peooata
934 1306 1010 1346 mea
1030 1293 1132 1366 portent

234 1375 266 1428 et
286 1369 436 1428 infernum
459 1390 521 1430 una
543 1375 696 1449 superent.

316 1451 387 1511 Non
409 1461 510 1512 autem
534 1460 581 1512 est
602 1451 742 1528 dubium,
778 1453 849 1530 quin
880 1451 961 1511 haee
992 1452 1093 1512 omnia
1111 1452 1131 1510 si

235 1534 296 1593 sint
324 1543 479 1605 eventura.
523 1535 648 1614 Signum
679 1536 758 1594 enirn
789 1554 808 1593 a
839 1535 909 1593 Deo
946 1534 1053 1594 datum
1085 1553 1132 1593 nun

234 1635 325 1695 quam
355 1636 403 1676 me
432 1617 533 1693 fallet,
566 1636 667 1695 neque
699 1619 858 1696 quisquam
890 1619 966 1695 erit,
1001 1618 1053 1695 qui
1084 1615 1132 1676 mii

233 1698 308 1758 iilud
330 1701 448 1778 eripiat.
492 1700 532 1760 Et
555 1700 657 1759 malim
687 1720 747 1779 ego
773 1719 792 1758 a
814 1705 881 1759 toto
915 1699 1034 1759 mundo
1064 1698 1132 1759 deso}

234 1800 331 1858 suere,
352 1790 384 1841 et
404 1802 423 1841 a
443 1802 493 1842 me
514 1784 581 1862 ipso
607 1801 739 1862 qnoque,
761 1801 851 1860 quam
876 1781 1020 1843 dubitare
1043 1781 1081 1841 de
1098 1781 1131 1841 hs

235 1864 448 1943 promissione.
492 1865 563 1925 Soio
590 1865 688 1925 Deum
720 1884 821 1924 meum
854 1884 1002 1925 veracem
1033 1883 1069 1924 ae
1093 1883 1131 1923 oar

235 1957 297 2006 tum
321 1965 406 2024 esse,
440 1948 505 2007 seio
535 1947 617 2027 quod
646 1949 799 2007 neminem
830 1966 888 2007 suo
918 1946 1010 2027 signo
1039 1954 1069 2007 et
1089 1965 1132 2026 prs

236 2029 383 2089 missione
405 2047 460 2089 sua
484 2030 578 2108 fallat,
603 2032 667 2090 sive
689 2030 800 2110 dignus
824 2031 895 2108 sim,
918 2033 986 2090 sive
1007 2029 1132 2108 indignus

157 2190 162 2195 ⁸
235 2111 294 2172 hoa
316 2114 399 2190 soin,
429 2132 498 2172 esse
528 2132 577 2172 me
606 2120 732 2172 sanotae
755 2113 866 2173 Christi
891 2114 1044 2172 ecelesiae
1066 2131 1132 2171 mem

221 2194 331 2270 hrum,
361 2196 445 2253 ouius
467 2197 511 2254 rei
542 2197 662 2275 siguum
692 2202 918 2255 sacramentum
953 2196 1016 2256 hoa
1047 2194 1132 2254 habeo

234 2276 340 2356 Longe
364 2278 530 2337 sonsultius
563 2287 610 2338 est
633 2299 683 2337 me
705 2279 862 2358 iudignum
887 2298 973 2354 esse,
1008 2277 1132 2358 quamdi

233 2359 291 2418 Dei
318 2358 379 2419 fide
400 2360 556 2436 dubitare,
589 2380 689 2441 apage
712 2363 752 2420 sis
776 2362 881 2438 Satan,
905 2380 975 2421 oum
1005 2361 1131 2420 diversus

233 2443 381 2521 suggeris.

307 2524 379 2597 ¹lam
400 2525 461 2584 hoo
485 2524 564 2602 vide,
588 2525 701 2585 multos
723 2528 837 2605 passim
860 2529 1012 2606 reperies,
1035 2526 1080 2604 qui
1098 2543 1132 2584 ou·

234 2608 320 2685 piuut
342 2609 415 2667 oerti
440 2627 509 2667 esse
531 2607 569 2667 de
592 2627 646 2667 sua
668 2609 784 2687 salute,
818 2611 869 2687 qui
892 2617 1009 2669 eertum
1031 2606 1130 2686 aliquod

234 2689 273 2748 de
299 2690 387 2750 coelo
411 2691 529 2770 signum
554 2698 713 2770 exoptant,
737 2711 798 2771 quo
822 2694 898 2752 oerti
919 2692 998 2751 fiant
1018 2691 1055 2750 de
1066 2708 1129 2769 prae·

232 2772 447 2832 destinatione.
490 2774 522 2835 Si
549 2775 643 2852 igitur
675 2774 798 2834 daretur
827 2777 870 2833 eis
903 2776 1025 2854 signum
1047 2772 1129 2832 divini·

233 2860 296 2933 tus,
326 2855 398 2934 quid
433 2874 548 2934 quaeso
590 2856 753 2934 prodesset
772 2857 803 2916 id
826 2858 887 2933 eis,
917 2860 941 2916 si
967 2875 1028 2917 nou
1049 2854 1128 2916 orode

211 2938 322 2996 'renti
364 2939 459 3018 Signa
498 2939 564 2998 sine
593 2937 655 2998 fide
688 2940 762 2998 nihil
793 2947 939 3019 prosunt
977 2941 1017 2999 Et
1047 2937 1127 2998 Iudaei

217 3021 327 3100 ,signis
359 3020 471 3081 Christi
501 3027 533 3081 st
561 3022 774 3100 apostolorum
805 3041 931 3101 prorsus
966 3022 1040 3082 nihil
1066 3023 1128 3080 iura·

232 3103 360 3180 bantur,
394 3105 464 3181 quia
493 3110 579 3163 erant
606 3104 763 3164 increduli.
807 3105 858 3164 Sic
889 3107 940 3184 qui
971 3104 1060 3166 hodie
1079 3105 1127 3162 sine

231 3183 292 3244 fide
314 3187 513 3244 sacramentis
536 3193 678 3264 utuntur,
702 3189 752 3266 qui
775 3188 840 3249 sine
862 3187 923 3247 fide
946 3187 1069 3247 verbum
1087 3184 1127 3244 Dei

231 3267 370 3346 audiunt,
399 3287 523 3346 prorsus
551 3269 665 3328 nullum
694 3270 765 3329 inde
788 3271 919 3329 fructum
941 3272 1071 3350 capiunt.
1106 3266 1127 3327 θ’

230 3350 322 3429 igitur
343 3352 431 3430 signo
454 3351 557 3430 aliquo
581 3351 754 3412 confirmari
777 3355 878 3432 cupis,
902 3373 998 3432 quare
1019 3371 1075 3412 non
1094 3369 1128 3410 sa·

231 3436 394 3493 oramentis
430 3434 545 3493 uteris?
578 3453 658 3512 quae
699 3437 835 3495 omnium
874 3442 946 3496 sunt
984 3434 1129 3496 certissima

230 3516 332 3594 signa,
356 3535 435 3595 quae
458 3517 588 3576 suntab
611 3519 679 3596 ipso
704 3519 825 3578 Christo
848 3519 1004 3598 instituta,
1026 3518 1062 3577 ab
1082 3535 1128 3576 om·

230 3597 318 3657 nibus
340 3598 460 3659 Sanctis
482 3599 613 3679 probata
635 3607 666 3661 et
688 3603 830 3681 cognita,
869 3604 951 3680 quod
972 3607 1067 3663 oerta
1085 3600 1130 3658 sint

228 3697 330 3761 neque
352 3683 461 3743 saliant
481 3681 655 3759 eredentes,
674 3685 731 3743 sad
751 3685 834 3760 quod
857 3686 963 3744 omnia
985 3685 1053 3762 iila,
1074 3699 1130 3762 quo

222 3786 293 3829 rum
317 3769 411 3854 signa
434 3773 520 3848 sunt,
540 3772 627 3827 nerto
649 3765 823 3823 oonherant.
1065 3837 1072 3848 ,
1122 3836 1128 3847 ἡ

231 3904 235 3918 ·
308 3858 349 3924 In
374 3858 475 3923 ¹huna
502 3850 641 3914 modurn
668 3842 859 3906 dissensum
877 3844 948 3911 est,
977 3844 1017 3892 eh
1033 3836 1132 3906 opos
