2709 4417
445 1011 644 1132 Epistola
672 1011 875 1107 Iohannis
907 1012 1028 1108 Eooii

273 1202 373 1269 missa
394 1200 481 1266 exhi
504 1199 555 1265 sia
569 1199 609 1264 ad
629 1200 782 1265 famosum
795 1201 829 1265 et
844 1200 1058 1266 reverendum
1070 1200 1178 1267 Patron

274 1282 307 1350 ll.
341 1283 446 1349 Jaooh.
478 1218 707 1358 floohstraton,
743 1283 935 1364 Magistrum
965 1283 1001 1349 in
1031 1283 1178 1367 theologia

274 1367 427 1441 nostrum,
448 1367 483 1431 ln
525 1383 569 1430 na
590 1365 741 1441 ostendit,
763 1366 879 1447 qnibns
894 1366 1079 1448 seripturis,
1101 1385 1175 1450 argn-

275 1449 391 1515 montls
414 1450 447 1514 et
468 1384 650 1514 mitondans
665 1448 844 1514 defenderit
866 1446 1026 1514 artimlos
1049 1466 1175 1515 romanas

276 1530 429 1599 aoolosiao
450 1532 486 1596 in
510 1530 731 1614 disputatione
751 1532 879 1614 Lipsioa
907 1533 1023 1598 oontra
1044 1531 1081 1598 D.
1100 1532 1174 1598 llart

435 1612 608 1682 liutherum
629 1631 712 1684 anno
733 1613 887 1687 mam
907 1614 1033 1680 hahita

639 1784 824 1797 ...ιιι-..Μ

356 1881 455 1973 Sicuti
490 1913 728 1994 disputationem
756 1913 950 1992 Lipsiensem
990 1914 1074 1972 varia
1106 1918 1171 1970 ante·

276 2003 434 2057 ossaerunt
455 1997 583 2075 scripta,
619 1995 728 2075 quibus
759 1995 813 2055 illa
843 2001 890 2055 eat
916 2001 1111 2075 praeparata,
1140 1996 1171 2054 ita

276 2079 360 2139 illam
384 2080 468 2138 varia
490 2079 654 2139 subsecuta
676 2086 747 2138 sunt
768 2079 890 2157 scripta,
913 2077 1023 2156 quibus
1044 2077 1095 2136 illa
1114 2095 1170 2153 quo·

275 2161 441 2222 dammodo
466 2161 586 2241 longius
608 2161 759 2241 producta
780 2168 827 2219 est
859 2167 890 2219 et
919 2167 1098 2240 propagata.
1135 2157 1171 2217 Ea

276 2250 367 2304 enata
401 2250 471 2302 sont
504 2245 668 2304 maximam
699 2250 817 2323 partem
849 2261 888 2301 ex
920 2242 1048 2319 libellis,
1085 2241 1172 2319 quihus

275 2327 444 2405 disputatio
487 2327 540 2385 illa
578 2333 625 2385 est
658 2325 819 2404 descripta.
872 2325 998 2384 Praeter
1032 2323 1173 2402 epistolam

275 2419 395 2484 autem,
429 2427 488 2487 qua
516 2408 665 2468 Lutherus
699 2409 766 2486 ipse
794 2408 831 2466 D.
859 2406 997 2486 Georgia
1034 2406 1172 2485 Spalatino

275 2492 356 2552 hano
378 2490 617 2570 disputationem
640 2491 795 2569 copiosius
818 2495 954 2563 enarrat,
988 2488 1067 2548 duae
1095 2487 1128 2548 de
1146 2507 1173 2546 oa

275 2575 366 2634 datae
395 2580 466 2633 sunt
492 2574 642 2652 gravioris
673 2574 820 2632 momenti
851 2571 1012 2651 epistolae.
1056 2571 1173 2631 Alteram

276 2656 360 2717 dedit
375 2657 436 2718 loh.
449 2655 560 2715 Eooius
583 2655 632 2715 die
654 2657 703 2718 24.
717 2675 755 2715 m.
769 2654 841 2714 Julii
856 2675 884 2714 a.
902 2656 981 2718 1519
995 2652 1034 2713 ad
1045 2653 1174 2714 Jacobnm

275 2739 559 2816 Hoohstratenium,
596 2738 772 2817 theologiae
802 2737 1008 2816 professorem
1033 2735 1174 2796 Colonien-

277 2841 340 2882 sem
373 2829 404 2881 et
430 2821 604 2881 haereticae
625 2822 783 2899 pravitatis
805 2821 1036 2898 inquisitorem,
1068 2819 1175 2880 alteram

276 2904 352 2964 Phil.
375 2903 593 2964 Melanohthon
622 2903 672 2964 die
695 2906 745 2965 21.
768 2923 808 2965 m.
829 2902 901 2962 Julii
933 2902 972 2961 ad
998 2904 1123 2962 amioum
1145 2903 1177 2958 lo.

278 2985 566 3065 Oeoolampadium,
590 3005 668 3064 quae
689 2987 757 3065 ipso
780 2984 975 3045 menselulio
1000 2985 1079 3064 typis
1100 2982 1178 3042 divul-

276 3075 350 3148 gata
371 3075 418 3129 eat
443 3068 498 3142 (of.
516 3068 680 3146 Loesoher,
703 3069 838 3130 Reform.
861 3069 930 3130 Act.
943 3067 987 3128 Ill
1008 3086 1038 3145 p.
1053 3068 1110 3129 214
1126 3083 1178 3143 sqq.

278 3151 473 3224 Seidemann,
497 3151 546 3211 die
557 3151 717 3231 Leipziger
733 3152 928 3229 Disputation
952 3150 994 3208 im
1007 3147 1100 3208 Jahre
1116 3149 1179 3210 tola

277 3254 305 3314 p.
334 3235 404 3297 78).
446 3233 571 3312 Eooiue,
606 3236 691 3294 ouius
724 3235 844 3294 animus
873 3233 932 3292 hao
952 3230 1181 3292 Melanohthonis

277 3317 409 3395 epistola
432 3315 566 3376 offensus
589 3323 663 3394 erat,
686 3316 885 3376 menoeJulio
908 3335 936 3374 a.
962 3315 1042 3377 1519
1065 3320 1181 3373 exeunte

277 3407 329 3458 aut
360 3418 467 3458 mense
497 3399 637 3480 Augusto
674 3401 799 3459 ineunte
827 3398 948 3477 Lipsiae
981 3415 1069 3455 suum
1102 3393 1184 3455 edidit

276 3481 429 3542 libellum:
464 3481 682 3543 Excusatio
705 3482 786 3543 loh.
809 3481 920 3540 illasii
942 3478 989 3539 ad
1012 3497 1073 3557 ea,
1095 3495 1183 3557 quae

275 3563 380 3624 falso
414 3564 490 3624 sibi
522 3565 728 3644 Philippus
756 3562 1033 3624 Melanohthon
1064 3560 1182 3622 Gram-

275 3648 444 3711 maticus
472 3647 867 3726 Vuittem'nergensis
896 3664 1013 3719 snper
1043 3643 1185 3703 theolo-

269 3737 308 3824 gi
320 3757 367 3801 aa
382 3733 684 3822 Disputationa
697 3727 866 3804 Lipsiaa
883 3722 1113 3796 adsadxqa'xt,
1130 3722 1207 3774 *heda
