2709 4417
253 351 319 418 454
532 346 579 402 ul.
597 344 933 414 suetonum-otor&

263 545 380 622 quanto
408 543 512 597 uterus
541 541 697 594 maternus
718 534 896 613 angustior
924 539 974 594 est
1002 551 1041 593 eo
1057 533 1170 597 mundo.

261 627 292 684 in
316 621 460 701 quoiam
484 636 598 678 sumus.
1083 659 1085 665 -

347 704 443 764 Recte
464 701 556 781 igitur
578 698 737 773 dixerunt,
774 699 825 779 qui
846 699 971 778 piorum
996 707 1121 759 mortem
1140 720 1172 761 re·

263 786 498 870 generationem
519 782 673 864 quandam
697 800 768 842 essa
782 781 900 855 dicunt,
910 812 912 817 ·
923 781 1058 842 cotesto
1071 800 1174 862 quoque

264 873 295 931 in
319 870 440 950 piorum
465 863 657 926 memoriam'
675 865 816 924 instituta
836 869 922 925 recte
944 864 1067 924 natales
1090 867 1175 945 appel-

265 955 375 1014 lantur.
415 950 544 1010 Verum.
579 949 650 1029 quia
678 950 788 1008 semita
818 949 926 1008 mortis
955 948 1116 1028 angustior
1134 957 1177 1026 est,

264 1036 336 1096 ideo
370 1041 401 1093 et
433 1033 515 1092 hauc
543 1032 637 1092 vitam
666 1031 865 1109 ampliorem,
901 1037 933 1090 et
950 1029 1177 1095 illam-futuram

262 1118 472 1197 angustiorem
494 1133 564 1175 esse
585 1114 733 1175 ducimus.

346 1198 422 1259 Fide
442 1199 533 1278 igitur
556 1194 819 1277 apprehendenda
840 1195 1019 1273 istasunt,
1041 1203 1178 1276 etpouo

265 1283 355 1344 nobis
376 1280 521 1360 exemplo
546 1299 630 1356 esse,
665 1298 729 1359 quo
761 1275 961 1338 confirmetur
988 1279 1044 1339 iila
1068 1279 1179 1341 insanis

264 1366 417 1426 nativitas.
452 1364 617 1443 Pr0posuit
639 1363 720 1422 enim
742 1367 864 1421 etnam
885 1360 1118 1423 similitudinem
1139 1383 1178 1423 uo

265 1449 312 1509 bis
334 1446 481 1508 Christus.
520 1446 640 1523 Mulier,
662 1445 761 1525 inquit
775 1441 824 1525 ⁸),
847 1444 1179 1525 eum‚=1)arit,.dolorem

263 1531 374 1607 habet,
402 1530 475 1609 quia
495 1531 581 1589 venit
600 1529 678 1588 hora
700 1528 783 1603 eius,
819 1544 888 1586 cum
911 1536 1016 1588 autem
1040 1531 1179 1608 pepererit

266 1633 411 1694 puerum,
445 1613 505 1672 iam
538 1632 600 1672 non
637 1610 776 1671 meminit
811 1608 994 1687 anxietatis,
1029 1620 1180 1691 propterea

266 1695 347 1779 quod
372 1694 506 1776 gaudeat
526 1694 683 1755 hominem
707 1699 812 1753 uatum
835 1710 905 1752 esse
926 1694 959 1752 in
984 1693 1109 1755 mundo.
1126 1693 1180 1755 ,flio

149 1842 152 1848 ,
265 1781 296 1840 in
326 1786 424 1838 morte
446 1796 567 1860 quoque
602 1786 649 1836 est
673 1776 735 1835 hoc
761 1775 931 1854 periculum
955 1779 1110 1837 constanti
1131 1777 1180 1837 tide

266 1861 467 1935 subeundum,
491 1869 521 1921 et
542 1866 613 1920 suut
635 1855 804 1919 devorandi
826 1856 870 1916 illi
891 1877 1038 1938 augeres,
1060 1859 1179 1920 futurum

267 1946 347 2007 enim
371 1950 428 2018 est,
448 1951 481 2003 ut
503 1944 533 2002 in
556 1943 650 2024 longe
673 1942 928 2020 praestantiorem
952 1943 1058 2015 vitam,
1079 1943 1109 2001 in
1130 1962 1180 2022 qua

266 2035 446 2109 perpetuum
470 2035 500 2086 et
521 2025 655 2086 solidum
677 2025 717 2083 sit
738 2021 895 2103 gaudium,
916 2025 1135 2105 immigremus.

204 2104 212 2112 ’
349 2109 484 2185 Quarto,
518 2128 610 2188 porro
640 2108 686 2166 sic
715 2113 746 2165 te
775 2107 946 2166 rectissime
978 2107 1017 2166 ad
1045 2107 1105 2169 hoc
1133 2111 1180 2169 iter

267 2193 495 2273 comparaveris
517 2191 675 2271 principio
692 2188 845 2266 omnium,
875 2190 900 2248 si
923 2188 1099 2250 confitearis
1121 2210 1178 2270 pec

268 2282 336 2336 cata
360 2282 426 2348 tua,
450 2275 628 2355 praesertim
652 2292 704 2348 ea,
727 2290 805 2350 quae
827 2280 857 2331 te
880 2274 980 2352 magis
1004 2276 1178 2352 excruciant,

267 2366 298 2419 et
319 2377 398 2436 quae
420 2364 482 2417 tum
499 2358 632 2416 maxime
654 2375 688 2414 se
710 2355 805 2413 menti
828 2353 978 2415 offemnt:
1003 2357 1076 2416 item
1098 2359 1120 2416 si
1140 2377 1177 2416 ss·

266 2448 455 2501 crumentum
477 2441 616 2519 corporis
639 2445 669 2498 et
692 2437 851 2517 sauguinis
869 2437 995 2516 Christi,
1017 2458 1086 2498 cum
1108 2459 1174 2500 com-

267 2522 358 2584 mode
387 2522 492 2583 haberi
515 2523 630 2601 possit,
664 2521 824 2599 suscipias.
867 2519 959 2595 Quod
988 2522 1014 2580 si
1035 2541 1098 2583 non
1119 2542 1174 2602 pos-

266 2688 378 2748 habere
409 2689 508 2767 ipsum
538 2688 643 2766 cupias
674 2691 706 2746 et
734 2694 875 2766 exoptes.
914 2686 1028 2767 Neque
1050 2687 1126 2748 adeo
1146 2708 1173 2747 ea

266 2791 315 2830 res
345 2777 376 2830 te
409 2770 610 2830 conturbabit.
656 2769 707 2829 Sic
737 2771 818 2828 euim
841 2769 981 2829 Christus
1010 2770 1172 2831 dicit:·0m·

266 2855 317 2913 nia
338 2852 475 2912 credenti
498 2861 568 2912 sunt
589 2850 758 2931 possibilia.
801 2851 911 2930 Neque
939 2853 1023 2912 enim
1053 2861 1121 2913 sunt
1137 2873 1171 2913 ss-

265 2943 423 2996 crameuta
447 2935 539 3011 aliud,
561 2954 651 3014 quam
666 2936 764 3014 signa,
786 2953 866 3014 quae
887 2934 981 2995 fidem
997 2936 1171 3012 confirmant,

266 2609 306 2665 sit
327 2605 453 2682 haberi,
487 2604 598 2666 solatio
632 2611 735 2663 tamen
767 2603 828 2664 hoc
857 2623 926 2663 esse
947 2606 1080 2683 poterit,
1107 2605 1172 2684 quod
1210 2588 1218 2653 'i

266 3028 297 3078 et
318 3038 397 3097 quae
418 3038 475 3077 uos
497 3018 535 3078 ad
559 3017 745 3077 credendum
767 3018 915 3094 invitant,
953 3037 1095 3098 quaeque
1121 3021 1171 3078 sine

265 3100 324 3161 noe
347 3121 471 3180 prorsus
492 3101 567 3162 nihil
589 3107 728 3180 prosunt.

306 3180 309 3187 ⁴
348 3183 479 3262 Quinto,
516 3184 577 3243 hoo
605 3192 708 3242 autem
738 3183 865 3243 omnino
888 3184 1107 3263 praestandum
1128 3193 1171 3250 est

266 3286 304 3326 ue
327 3274 561 3326 contemnamus
578 3273 785 3340 sacramenta,
808 3265 862 3326 sed
886 3274 919 3326 ut
940 3286 981 3328 ea
995 3268 1171 3348 magnifacia-

263 3368 331 3407 mus
354 3358 385 3408 et
407 3369 619 3427 revereamur,
650 3358 683 3408 et
712 3356 777 3409 tuto
806 3351 843 3410 iis
872 3351 1048 3412 innitamur.
1092 3350 1173 3410 Deba·

265 3433 434 3492 musenim
462 3433 508 3492 sic
529 3433 659 3507 sentire,
690 3433 787 3491 maius
822 3433 854 3494 in
887 3433 924 3492 iis
956 3453 1028 3493 esse
1057 3433 1174 3512 pondus,

264 3533 355 3591 quam
377 3514 427 3574 vel
448 3515 628 3593 inpeccatis
651 3516 774 3594 nostris,
797 3516 846 3577 vet
868 3524 968 3577 morte
990 3516 1041 3577 vel
1058 3516 1174 3594 interno,

261 3603 355 3673 atque
383 3596 429 3656 his
461 3617 536 3658 sane
565 3599 682 3677 opponi
705 3606 898 3659 sacramenta
920 3598 1050 3677 debent,
1087 3618 1174 3679 neque

591 3767 684 3774 aa„—

332 3867 367 3939 ⁸)
384 3867 494 3926 lnam.
514 3865 560 3924 tt.
