2709 4417
244 336 266 401 6
488 338 642 407 Disputatio
661 342 690 389 et
708 336 859 389 &cusano
878 335 952 387 Eccii

246 524 505 604 Indulgentiorurn
527 522 883 603 attigi-conclusionibus,
907 521 990 601 quod
1004 521 1165 600 negotium

248 627 285 668 ac
309 604 538 686 contemptibile
560 604 664 667 Lutter
693 625 791 686 nugas
825 624 896 664 suas
929 605 1015 682 dicit,
1048 605 1165 681 inquo

249 698 295 757 tot
314 689 425 759 heroes
449 689 643 749 desudarunt
664 724 667 745 2
686 689 756 749 Scio
780 689 864 766 quod
885 687 1092 767 Hieronymus
1115 686 1166 763 ait,

249 791 347 852 nugas
367 773 398 831 in
423 791 475 833 ore
498 772 666 832 sacerdotis
687 791 756 831 esse
771 770 1008 850 blasphemiam:
1034 789 1098 829 non
1116 788 1166 828 au-

250 866 309 916 tem
334 855 505 915 existimavi
528 854 585 915 hos
607 852 816 934 disputatione
839 854 1039 932 separandos,
1061 852 1166 930 quiin

249 936 378 1000 eandem
402 939 584 997 sententiam
607 937 747 998 manibus
782 945 814 997 et
841 936 970 1016 pedibus
993 936 1166 1014 conspirae

249 1029 327 1083 sent.
371 1018 418 1081 Ob
446 1019 475 1081 id
509 1019 579 1079 dum
600 1020 821 1080 illustrissimus
845 1020 990 1098 Princeps
1012 1017 1166 1096 Georgius

249 1102 408 1165 Senoniae
424 1102 511 1179 Dux,
535 1102 684 1163 Dominus
713 1102 979 1176 clementissimus,
1009 1120 1047 1160 ac
1068 1099 1166 1160 felicis

249 1186 338 1246 studii
372 1185 524 1263 Liptaens.
547 1185 717 1246 Commune
747 1192 777 1245 et
803 1185 968 1245 Facultatis
1001 1182 1166 1261 Theologi-

250 1287 305 1329 cae
336 1266 497 1328 consilium
527 1267 765 1347 disputationem
800 1275 935 1327 nostram
970 1266 1167 1326 admisissent

253 1352 376 1433 (spiritu
408 1349 462 1411 illo
483 1351 598 1411 Lutteri
621 1350 781 1411 desinente
818 1352 847 1410 in
877 1369 930 1410 cor
952 1368 1057 1410 eorum
1083 1347 1165 1426 dare,

250 1442 282 1494 ut
315 1433 376 1493 hoc
406 1433 562 1513 negotium
584 1438 796 1510 recusarent),
829 1441 860 1493 et
880 1432 1035 1493 Lutterum
1058 1431 1163 1490 litteris

251 1516 325 1599 meis
349 1517 476 1576 evocavi
498 1512 581 1576 v'elut
591 1516 802 1595 principalem,
825 1523 857 1575 ut
879 1515 925 1575 vel
937 1534 1004 1596 ‘sua
1023 1521 1163 1590 tueretur,

250 1599 300 1659 vel
322 1606 427 1659 nostra
447 1598 643 1678 improbaret.
679 1599 713 1658 Id
735 1599 835 1678 ipsum
858 1606 889 1658 et
909 1597 1047 1658 facultati
1068 1596 1162 1657 Theo-

250 1682 371 1761 logicae
392 1680 546 1760 Liptnensi
568 1679 754 1761 significavi,
787 1689 818 1741 et
839 1680 921 1759 quod
942 1680 1084 1740 Lutterus
1107 1679 1161 1737 An-

250 1763 355 1825 dream
379 1762 566 1825 Bodenstein
590 1765 695 1824 nititur
718 1762 894 1824 subvertere
916 1782 954 1822 ex
976 1781 1082 1838 arena,
1106 1779 1163 1821 non

250 1847 364 1926 patior,
388 1865 455 1906 oum
479 1853 539 1905 tam
562 1847 719 1907 animosus
742 1847 781 1905 sit
801 1845 953 1907 scribendi
975 1844 1117 1904 convicia
1137 1852 1164 1903 et

249 1929 420 1990 encomium
448 1937 519 1988 ante
541 1929 698 1989 victoriam
726 1929 777 1988 diu
805 1929 958 1989 cecinerit.
1000 1927 1165 1988 Reousavit

248 2011 332 2072 adire
353 2011 494 2093 Romam,
517 2010 707 2091 Parrhpsios,
730 2011 902 2087 Coloniam,
925 2029 1078 2090 expensas
1099 2029 1154 2068 cau

247 2102 332 2163 satus
355 2101 386 2154 et
406 2095 472 2154 iter.
515 2093 554 2154 Et
576 2093 699 2172 quando
729 2113 788 2175 ego
812 2114 880 2154 eum
903 2112 1048 2172 sequerer
1070 2111 1165 2170 usque

250 2170 289 2237 a'd
321 2178 442 2237 ianuam
465 2178 583 2256 patriae
604 2196 693 2253 suae,
725 2176 820 2243 vellet
841 2177 1010 2236 detrectare
1031 2193 1165 2254 pugnam

252 2266 283 2319 et
312 2278 346 2331 se
368 2260 446 2320 intra
468 2261 654 2319 munitiones
678 2262 850 2335 continere,
882 2259 941 2318 hoo
971 2265 1054 2317 esset
1076 2258 1165 2337 dege-

252 2343 332 2402 neris
357 2349 387 2401 et
409 2336 505 2401 timidi
526 2343 639 2403 militis.
665 2341 812 2415 Quemvis
836 2343 861 2400 si
882 2343 943 2400 iam
966 2341 1088 2400 doctior
1108 2341 1166 2399 iac

253 2430 300 2484 tus
322 2430 405 2484 esset
433 2443 470 2484 ac
492 2424 688 2504 palinodiam¹
708 2426 858 2485 recineret
879 2432 1030 2483 erratuum
1052 2423 1163 2483 Roma

252 2526 322 2566 nam
346 2506 502 2586 sequendo
527 2506 707 2583 ecclesiam,
740 2507 936 2568 exoscularer
957 2506 1113 2567 hominem
1136 2512 1166 2564 ut

253 2589 382 2648 amicum
410 2595 442 2649 et
469 2589 533 2665 fere
554 2590 693 2651 alterum.
733 2589 871 2652 Securim
903 2596 1004 2649 autem
1027 2587 1067 2649 ad
1090 2587 1166 2648 radi·

252 2671 446 2751 conposui,
481 2673 708 2751 propositiones
737 2671 947 2734 contrahendo
977 2691 1033 2732 sex
1060 2677 1166 2730 contra

252 2750 288 2813 D.
311 2752 513 2814 Bodensteio:
546 2756 706 2834 septimam
737 2756 767 2814 io
790 2756 910 2836 seriptis
933 2754 1104 2831 transmisi,
1136 2753 1166 2812 in

253 2836 362 2917 quibus
400 2843 495 2903 totam
518 2845 665 2917 nostrae,
687 2839 861 2918 scriptionis
889 2857 1038 2897 summam
1062 2835 1166 2896 videor

246 2917 325 2993 'mihi
348 2919 538 2998 complexus.
577 2918 647 2981 Non
670 2939 745 3001 ergo
768 2920 854 2980 velut
873 2939 1004 3000 parerga
1025 2918 1105 2978 haec
1126 2927 1166 2978 at·

253 3001 306 3083 ligi
329 3020 429 3080 neque
452 2998 591 3074 subdole,
613 3000 668 3062 sed
690 3003 884 3081 simplicitate
899 3002 1092 3081 Theolcgioa
1112 3001 1166 3075 has

227 3085 480 3164 „propositiones
502 3084 690 3144 Bodenstein
713 3085 822 3146 obieci.
855 3083 942 3160 Quae
963 3103 1038 3145 vcro
1061 3092 1166 3145 contra

252 3174 283 3226 te
304 3167 407 3246 posita
428 3175 512 3244 sunt,
533 3162 654 3244 Lutter,
676 3187 738 3227 non
761 3168 891 3244 obtrusi,
924 3187 982 3228 nec
1014 3167 1093 3227 falso
1115 3168 1166 3226 im-

251 3250 351 3329 posui,
373 3249 445 3328 quin
467 3249 560 3328 digito
584 3259 754 3311 monstrare
765 3269 899 3330 possem,
922 3249 1063 3310 ubihaec
1084 3269 1166 3311 mon-

251 3342 314 3390 stra
335 3330 457 3392 alueris.
500 3332 623 3394 Utinam
654 3340 685 3392 et
712 3331 766 3392 illa
793 3333 874 3412 apud
903 3337 934 3393 te
955 3352 1017 3393 non
1038 3334 1166 3412 reperis-

253 3433 327 3473 sem.
375 3413 417 3474 Ar
456 3412 537 3493 qood
572 3412 684 3476 deinde
715 3416 900 3475 vanissimae
931 3414 1084 3496 gloriolae
1121 3435 1166 3475 rue

248 3495 387 3574 'damnat
409 3496 491 3574 quod
512 3497 655 3559 schedam
679 3498 910 3578 disputatoriam
934 3496 1092 3576 ediderim,
1117 3518 1166 3558 an-

252 3585 375 3656 tequam
404 3587 503 3639 certus
531 3600 629 3640 essem
662 3580 701 3640 de
728 3580 932 3660 Liptzensium
964 3580 1166 3640 Dominorum

252 3666 397 3737 assensu,
428 3660 535 3740 fateor.
577 3663 619 3723 Et
650 3661 722 3744 quid
753 3664 814 3724 hoc
848 3663 978 3742 culpae?
1020 3662 1086 3722 lmo
1116 3664 1166 3739 ait,

261 3754 447 3824 osteaquam
471 3766 515 3808 ex-
536 3767 589 3809 me
609 3754 781 3830 acceperat
801 3765 859 3807 eos
881 3746 1010 3804 ommno
1022 3762 1166 3801 recusare

212 3843 287 3917 ,voc
326 3829 458 3913 quidem
479 3839 665 3919 ¹tornatum
702 3830 923 3908 mendacium,
959 3821 1092 3883 acuent
1124 3839 1166 3887 m*
