2709 4417
221 348 286 415 δα)
451 346 584 399 Defensio
600 343 671 426 ¹Phil.
692 342 916 397 Melanchthcnis

158 564 164 573 ·
222 543 256 597 ιιι
282 554 344 595 non
375 534 436 594 boc
463 533 561 594 libera
587 533 685 593 ausim
708 531 827 607 dicere,
856 531 921 590 imo
945 531 1072 592 fortasse
1091 552 1133 594 no-

223 621 318 679 tiores
340 618 497 694 atiquanto
520 618 591 675 sunt
613 615 696 693 mihi,
719 632 811 694 quam
826 612 925 674 Ecoio
949 633 1023 673 snus
1037 615 1132 676 Aristo-

225 700 312 761 telea.
354 697 483 773 Quoties
515 698 574 777 ipsi
605 698 686 757 inter
719 716 754 757 se
787 696 1000 757 dissentiunt?
1032 700 1133 776 quoties
1179 678 1182 737 ¹

224 801 298 843 suos
327 800 445 841 errores
474 780 661 839 retractant?
696 779 736 839 Et
757 779 830 859 quid
853 779 985 840 multis?
1017 796 1072 839 una
1097 789 1132 841 est
1179 806 1181 831 ι

224 865 382 943 Scriptura
413 862 555 923 coelestis
590 863 731 941 spiritus,
764 881 857 942 pura,
899 867 932 923 et
964 878 1022 942 per
1051 865 1132 925 onnia
1164 866 1167 874 “

221 964 335 1022 verax,
358 964 448 1024 quam
472 945 653 1005 canonicam
675 952 798 1005 vocant.

308 1028 450 1104 Proinde,
472 1027 544 1106 quid
567 1027 677 1107 piaculi
702 1034 757 1105 cst,
779 1028 805 1087 si
819 1026 972 1087 Martinus
989 1026 1018 1105 ¹)
1042 1027 1131 1088 alicubi

226 1109 448 1189 aquibusdnm
472 1110 623 1189 ambiguis
649 1117 785 1171 veterum
818 1108 1068 1189 expositionibus
1087 1110 1131 1169 dis

225 1193 339 1253 sentit?
367 1199 399 1251 et
426 1209 481 1253 cur
509 1209 570 1251 non
594 1192 772 1253 dissentiat?
805 1192 923 1252 Locum
952 1191 1071 1253 Matuta
1097 1192 1132 1252 ib
1178 1244 1180 1265 ,

209 1294 260 1334 ἐι
281 1274 399 1352 Petrus,
421 1284 453 1334 et
472 1292 565 1353 super
586 1274 666 1334 banc
688 1284 816 1354 petram,
841 1274 997 1334 Martinus
1013 1273 1041 1352 ¹)
1065 1293 1132 1334 enar·

227 1376 297 1416 rans
324 1357 461 1434 sequitur
482 1354 664 1436 Origenem',
684 1359 744 1436 ·qui
771 1377 849 1416 unus
881 1375 938 1435 pro
971 1356 1071 1416 multis
1089 1366 1133 1434 cst,

226 1438 318 1516 idque
345 1457 384 1498 eo
413 1438 500 1513 ioco,
529 1437 580 1499 ubi
610 1439 670 1500 boc
694 1441 793 1520 ipsum
822 1441 889 1519 agit
919 1438 1085 1518 Origenes,
1109 1450 1135 1498 ut

226 1516 589 1599 enarret,'Augustinum
613 1523 645 1580 in
663 1522 794 1582 bomilia
815 1521 974 1599 videlicet,
998 1522 1134 1601 evangeiii

226 1603 368 1682 exegesi,
395 1602 590 1663 Ambrosium
617 1605 648 1664 in
675 1605 727 1665 lib.
752 1608 770 1668 6
796 1605 828 1663 in
850 1603 987 1681 Lucam,
1016 1603 1136 1682 reliquos

226 1691 397 1764 praetereo.
440 1685 533 1763 Esto,
568 1687 675 1746 muniit
703 1686 814 1746 Eccius
846 1687 1035 1747 sententiam
1063 1705 1136 1746 suan

227 1766 346 1845 aliquot
360 1768 481 1827 Patrum
500 1769 722 1846 autoritatibus,
744 1768 926 1848 Hieronymi
943 1774 976 1829 et
994 1769 1136 1848 Cypriani,

207 1850 336 1928 ,quibus
359 1851 492 1911 maxime
513 1852 627 1929 nititur,
649 1871 720 1912 nam
742 1850 900 1912 Bernardo
924 1859 956 1913 at
979 1852 1073 1912 Leoni
1093 1871 1136 1931 pa·

226 1951 291 1991 rum
320 1934 393 1992 iuris
421 1933 452 1992 in
482 1932 542 1994 hoc
573 1936 700 2014 negotio
730 1936 800 2012 erit,
827 1934 915 1994 vides
938 1941 972 1994 et
996 1933 1136 1994 diversam

227 2014 256 2077 Β.
280 2014 400 2074 Patrum
423 2017 637 2078 autoritatibus
660 2019 816 2078 munitam.
847 2016 929 2092 Quid
950 2017 1067 2098 igitur?
1087 2018 1136 2095 ipsi

226 2115 330 2157 secum
359 2102 517 2178 pugnant?
547 2098 619 2178 quid
642 2100 773 2159 mirum?
806 2098 884 2160 Inde
907 2107 1136 2160 consectaneum

227 2186 289 2255 est,
313 2179 341 2241 S.
365 2180 470 2240 Patres
493 2199 555 2241 non
578 2181 710 2261 probare
731 2183 832 2243 locum
855 2182 964 2244 Matth.
988 2181 1027 2242 ad
1050 2181 1136 2242 Oeen·

227 2264 337 2322 menici
358 2265 552 2323 autoritatem
575 2266 747 2343 pertinere?
777 2264 915 2324 Patribus
937 2266 1021 2325 enim
1043 2265 1137 2338 credo,

225 2347 297 2424 quia
311 2344 485 2425 Scripturas
508 2346 610 2422 oredo,
633 2351 680 2407 cui
703 2349 763 2407 vim
786 2346 851 2407 fleri
874 2366 937 2408 non
961 2347 1035 2408 licet
1055 2366 1136 2428 prop-

225 2436 272 2487 ter
293 2429 393 2487 varias
414 2428 536 2489 illorum
560 2431 737 2490 sententias.
765 2430 870 2508 ltaque
892 2449 933 2490 ex
955 2429 1025 2510 ipso
1048 2429 1137 2508 Scrip-

225 2519 310 2570 turas
340 2511 446 2586 ductu,
481 2531 518 2570 ex
546 2515 717 2591 argumenti
747 2512 854 2574 ordine
883 2512 1061 2592 colligenda
1086 2512 1137 2572 buit

225 2592 354 2652 Murtino
367 2589 400 2674 ²)
424 2591 511 2652 flrma
527 2600 557 2653 ct
570 2595 687 2656 stabilis
704 2596 865 2671 sententia,
889 2613 981 2673 quam
999 2595 1137 2655 adiuvant

225 2675 331 2753 optimi
368 2676 496 2755 quique,
531 2677 582 2754 qui
613 2697 683 2737 eum
716 2679 814 2757 ipsum
855 2677 956 2738 locum
992 2679 1134 2757 integrum

225 2765 375 2816 enarrant.

155 2834 159 2839 ’
306 2838 368 2898 lum
398 2858 472 2899 vero
500 2839 601 2920 vides,
630 2859 649 2898 a
675 2858 736 2918 qua
761 2848 848 2922 parte
877 2846 960 2901 stent
983 2842 1090 2920 copiae
1110 2840 1136 2901 fl.

223 2920 345 2980 Petrum
357 2922 578 2997 instructiores,
601 2922 803 2998 aMartin02)
827 2929 910 2983 stant
926 2925 978 3002 qui
992 2926 1135 3003 integrum

223 3001 324 3063 locum
352 3012 509 3082 enarrant,
537 3004 576 3064 ab
598 3004 692 3064 Eccio
720 3006 770 3083 qui
800 3014 953 3084 utcunque
981 3008 1012 3066 in
1041 3006 1136 3066 alieno

222 3093 403 3165 argumento
433 3086 578 3147 Matthaei
609 3087 680 3147 loco
709 3086 794 3148 abusi
823 3095 902 3148 sunt.
946 3088 988 3148 Et
1015 3088 1091 3148 haec
1116 3088 1137 3146 si

223 3165 296 3227 libet
316 3168 466 3229 oculatius
495 3169 614 3248 videre,
646 3188 753 3229 cernes
775 3171 805 3230 in
830 3170 953 3230 dubium
978 3173 1083 3232 vocari
1104 3169 1137 3230 ab

221 3250 294 3328 ipsis
327 3251 494 3312 autoribus.
538 3252 744 3331 Hieronymus
776 3254 980 3333 castigatione
1011 3252 1137 3332 quadam

222 3334 404 3392 sententiam
428 3353 513 3393 suam
536 3342 701 3414 temperat,
729 3336 774 3395 sio
794 3337 951 3414 inquiens:
988 3337 1031 3396 At
1052 3336 1138 3395 dicis:

220 3412 318 3493 Super
339 3415 461 3475 Petrum
484 3417 627 3478 fundatur
649 3418 796 3494 ecclesia,
828 3420 900 3479 iicet
926 3417 957 3477 id
988 3419 1089 3498 ipsum
1111 3418 1138 3476 in

219 3494 280 3556 alio
294 3497 365 3557 loco
389 3517 481 3578 super
503 3517 610 3560 omnes
632 3500 794 3580 apostolos
816 3500 878 3579 flat,
902 3507 934 3561 et
953 3503 1058 3562 cuncti
1082 3500 1140 3562 cla-

218 3597 272 3657 ves
299 3582 387 3660 regni
413 3581 570 3643 coelorum
599 3584 771 3663 accipiant,
805 3591 836 3644 et
863 3604 902 3644 ex
924 3603 1029 3663 aequo
1053 3604 1141 3664 super

224 3751 622 3764 *un—..w-

287 3845 317 3912 1)
337 3844 370 3898 lu
392 3843 438 3899 ed.
459 3842 538 3896 iens.
558 3839 713 3891 barbarus.
746 3834 784 3895 Ἃ
801 3830 890 3879 inice.
904 3829 1052 3875 bmbxm.
