2709 4417
437 363 509 420 m
528 361 563 419 da
582 366 720 433 putatote
737 363 837 431 Papae.
1049 355 1112 424 363

200 545 309 609 tlesiae
331 549 440 630 rigore
461 549 587 610 istarum
609 548 722 630 legum,
744 547 814 628 plus
827 546 900 607 satis
908 543 940 628 ¹)
963 542 1113 607 videmus.

200 630 256 692 lea
279 631 343 692 hoa
365 634 450 707 satis,
471 633 502 692 in
524 631 591 693 dies
614 635 785 712 augescunt
806 628 956 690 eiusmodi
977 628 1060 706 libri,
1082 633 1114 688 et

200 733 295 775 amen
319 714 396 776 nihil
417 715 548 789 faciunt,
578 715 637 775 nisi
658 713 742 795 quod
765 714 867 793 pluras
889 711 1048 773 animabus
1070 710 1110 770 la-

200 816 289 875 queos
318 804 448 877 ponunt.
490 797 566 858 Inde
588 798 869 877 dispensationum,
904 794 1111 855 confessione

200 881 281 958 ium,
304 880 508 956 indultorum,
535 882 767 960 exemptionum
791 879 984 959 turpissimae
1005 875 1112 937 nundi·

200 982 256 1024 tas.
291 963 369 1024 lnde
390 965 634 1044 episcopatuum,
657 962 909 1037 sacerdotiorum,
932 960 1112 1037 officiorum,

200 1045 373 1124 talliarum,
407 1054 587 1107 annotatum
615 1047 759 1126 rapinae,
791 1051 823 1106 et
843 1043 1037 1105 venditiones
1058 1044 1112 1102 im·

200 1128 443 1193 ›udentissimae
487 1129 562 1190 lnds
585 1148 744 1208 censurae,
766 1129 877 1206 minae,
897 1125 1036 1202 fulmina,
1056 1126 1113 1204 vis,

200 1231 285 1288 raus,
309 1211 416 1289 dolus,
450 1218 481 1273 et
502 1212 622 1273 infinita
643 1219 798 1285 monstra,
834 1229 962 1290 quorum
986 1207 1113 1287 nullum,

199 1301 242 1355 rut
266 1294 378 1355 saltem
400 1315 503 1357 rarum
525 1301 616 1375 esset,
638 1296 664 1355 si
679 1295 830 1375 epistolas
852 1291 1014 1368 eiusmodi,
1036 1292 1115 1352 siout

199 1378 345 1458 monuit,
378 1379 458 1439 intra
482 1379 610 1438 annales
641 1383 671 1438 et
701 1385 839 1458 regestas
861 1376 1046 1435 mansissent
1067 1393 1113 1434 so

199 1462 325 1536 ionitae,
349 1467 379 1520 et
391 1460 561 1541 Evangelio
585 1462 615 1520 in
638 1460 762 1540 publico
786 1460 888 1519 looum
907 1457 1112 1536 reliquissent.

276 1542 411 1603 Proinde
433 1543 613 1604 traditiones
625 1544 783 1604 Romanas
806 1559 960 1621 nunquam
982 1542 1026 1601 ita
1047 1559 1114 1600 sen·

199 1627 229 1686 rit
253 1625 404 1704 mundus,
437 1632 472 1686 ut
497 1627 529 1686 in
558 1627 647 1686 annis
668 1627 735 1687 istis
758 1624 997 1705 quadringentis.
1039 1622 1113 1684 Ideo

199 1714 293 1769 totum
316 1727 423 1769 eorum
445 1709 583 1789 pondus,
606 1715 637 1769 et
659 1727 783 1769 omnem
815 1709 875 1768 vim
900 1706 1051 1788 Gregorio
1073 1705 1115 1766 IX

199 1791 387 1852 ribuendum
411 1792 571 1868 existimo,
607 1811 663 1872 per
692 1810 782 1871 quem
811 1790 896 1851 velut
923 1796 1014 1850 natae
1044 1795 1115 1849 sunt

199 1880 344 1935 stortae.
387 1873 436 1953 Ab
457 1872 563 1952 boa²)
602 1875 683 1934 enim
712 1893 784 1934 usus
812 1892 917 1933 eorum
945 1871 1038 1933 robor
1065 1889 1114 1931 ao-

199 1958 277 2037 sepit
299 1965 330 2016 et
350 1956 534 2034 invaluit³t,
565 1962 599 2016 ut
618 1957 738 2038 legibus
758 1958 824 2016 istis
848 1962 879 2016 et
900 1952 1114 2016 traditionibus

199 2046 237 2099 lta
259 2040 322 2099 sint
344 2040 480 2098 omnium
503 2037 621 2117 offloia,
654 2045 769 2100 statuta
791 2038 958 2116 eeclesiae,
990 2036 1114 2098 ordinas

199 2127 224 2181 ln
247 2141 341 2181 unum
371 2122 465 2183 oahos
489 2122 634 2202 confusa,
666 2124 746 2183 intra
773 2124 851 2184 istos
873 2120 1115 2201 quadringentos

199 2223 312 2282 annos,
333 2210 367 2264 nt
388 2204 550 2286 Babylone
570 2207 639 2287 ipsa
660 2206 816 2266 confusior
833 2205 878 2276 sit
897 2202 1046 2264 hodierna
1067 2220 1115 2263 eo

199 2288 300 2348 alesia.
343 2287 442 2348 Nemo
475 2289 505 2347 in
534 2307 590 2348 suo
619 2288 734 2363 ordine,
749 2285 877 2364 inaedit,
908 2285 1036 2366 quilibet
1057 2283 1114 2344 sibi

199 2391 233 2431 ex
255 2369 331 2430 urbe
354 2370 455 2450 legem
479 2371 561 2448 emit,
584 2389 645 2450 qua
666 2372 761 2447 vivat,
783 2370 835 2430 illa
857 2375 1034 2449 exemptus,
1056 2369 1115 2427 iste

199 2452 426 2533 privilegiatus,
448 2453 507 2513 iste
530 2452 697 2530 familiaris,
719 2455 778 2514 iste
801 2451 961 2529 officialis,
983 2453 1043 2511 iste
1064 2468 1115 2510 ne·

199 2537 325 2615 saioquo
349 2535 458 2610 titulo,
486 2554 594 2596 omnes
615 2535 788 2596 libertatem
811 2534 961 2614 quidlibet
982 2532 1115 2612 essendi,

199 2617 341 2696 laniendi,
363 2617 496 2678 audendi
515 2617 631 2679 habent
651 2638 708 2699 per
727 2619 784 2678 hos
805 2619 961 2679 Romanas
981 2617 1076 2698 leges.

278 2701 347 2761 Neo
369 2701 489 2761 Romae
511 2700 594 2760 aliud
616 2708 748 2780 curatur,
772 2720 862 2780 qnam
885 2708 919 2759 ut
939 2700 999 2760 bae
1019 2699 1115 2760 eoole·
1192 2713 1202 2728 ·

198 2785 261 2845 siae
285 2803 406 2843 summa
428 2784 603 2844 calamitate
624 2783 788 2844 roboretur
807 2790 946 2864 potestas
968 2790 999 2842 et
1020 2781 1116 2842 domi·

198 2868 282 2928 natio
319 2886 374 2927 sua
408 2867 438 2925 in
472 2867 556 2926 omni
583 2865 742 2928 individuo
770 2884 826 2927 suo
856 2866 932 2927 sola.
975 2865 1016 2924 Et
1035 2866 1118 2925 huno

198 2950 350 3011 eoelesiae
373 2967 527 3027 oceasum,
549 2950 574 3009 si
598 2950 721 3028 quando
735 2949 896 3030 gemimus,
918 2949 944 3007 si
965 2947 1116 3023 dolemus,

198 3035 221 3093 si
243 3032 450 3113 querulamur,
471 3031 618 3092 haeretiei
641 3052 755 3111 sumus,
776 3033 980 3092 irreverentes
1001 3030 1032 3090 in
1054 3030 1115 3090 llo·

199 3134 320 3178 manem
344 3114 506 3174 eeclesiam
529 3134 633 3174 sumus
656 3114 846 3184 soaudalosi,
870 3113 1026 3192 seditiosi,
1047 3131 1116 3192 pro·

198 3216 288 3260 oaoes
311 3216 425 3259 sumus.
469 3196 549 3271 Quia
576 3196 720 3258 videlieet
742 3197 894 3277 querulari
923 3216 986 3258 non
1009 3214 1116 3276 possu-

198 3302 274 3361 mus,
296 3281 356 3340 nisi
370 3281 500 3340 Romani
523 3279 689 3360 pontificis,
712 3288 774 3341 tum
797 3282 873 3357 iura,
895 3286 959 3340 tum
981 3283 1116 3358 potesta·

198 3364 370 3441 tam,‘imo
405 3369 505 3422 tantas
534 3364 659 3423 iniurias
686 3363 792 3444 populi
816 3363 873 3423 Dei
907 3361 996 3422 simul
1025 3379 1117 3441 auga·

198 3445 318 3524 muel).
361 3445 439 3505 Nam
469 3445 519 3505 hio
549 3446 616 3505 lons
640 3452 687 3505 est
708 3453 761 3506 aut
782 3444 953 3506 servandae
974 3450 1027 3504 aut
1048 3463 1115 3523 per-

198 3529 319 3590 dendae
357 3528 517 3589 soalssiae.
561 3526 636 3587 Cum
668 3536 769 3589 autem
800 3527 893 3589 hodie
919 3527 1023 3588 omnia
1056 3527 1118 3586 sint

210 3687 289 3692 .--.
460 3685 631 3692 ..Μ-...-

269 3731 302 3800 1)
323 3731 353 3784 ln
382 3732 444 3786 adit.
469 3734 577 3800 priore:
607 3735 674 3786 satis
695 3735 766 3803 plus.
802 3733 833 3798 ii
861 3731 983 3788 lbidam:
1009 3731 1119 3785 abhinc.

198 3803 360 3937 iumagu:
376 3803 564 3856 invaluerunt
603 3804 637 3872 4)
662 3807 692 3860 In
720 3807 764 3863 ed.
786 3809 884 3880 priore
911 3809 941 3861 et
955 3805 990 3857 in
1004 3800 1139 3857 lenanu:
