2709 4417
263 357 328 427 165
454 358 625 455 'bimanus
643 357 756 426 upra
774 357 915 411 morae
934 328 1016 409 ω’

265 554 374 607 macta
401 544 535 605 coucilia
561 543 611 605 vel
633 541 804 624 quamlibet
829 541 930 603 sancti
963 558 1019 601 eas
1050 536 1163 603 dedeinl
1193 547 1203 612 ,ζ

267 629 318 690 vel
339 627 589 709 approbaverint
610 625 685 687 ldeo
706 625 746 688 Ι).
758 625 797 686 D.
809 643 874 685 non
887 623 989 686 solnm
1012 626 1113 682 contra
1128 640 1165 684 uo
1193 610 1216 643 ³

265 720 339 794 agat
358 710 435 771 solis
456 710 633 773 nominibus
653 709 869 786 autoritatum,
891 705 949 769 sed
975 712 1008 766 et
1028 704 1117 784 ipsius
1133 705 1166 767 ai

266 795 407 856 veritate.
1206 849 1216 862 .

350 875 507 956 Septimo,
527 875 702 954 suspicatur
722 893 776 934 ess
797 892 869 934 esse
888 871 962 932 ideo
992 869 1068 931 boni
1087 875 1169 948 operis
1196 862 1216 888 '⁴'

268 961 387 1036 riflum,
408 959 480 1037 quia
494 965 565 1017 sunt
585 958 828 1022 aalislactoriae„
841 956 921 1016 Dico
938 951 1025 1034 quod
1039 970 1098 1012 non
1117 958 1171 1013 saul
1190 912 1217 1056 {⁴

267 1042 500 1116 mtisiactoriae,
521 1039 579 1101 sed
598 1041 799 1101 remissiones
808 1037 1041 1113 satisfactionis,
1061 1053 1115 1094 nec
1133 1033 1171 1095 ln
1202 1047 1210 1109 ἦ

267 1124 388 1187 beudae
411 1132 443 1183 ut
464 1141 542 1202 opus
554 1123 802 1184 satisfactorium.
830 1121 907 1183 Ideo
930 1118 1014 1180 male
1035 1117 1175 1197 hocargu-
1197 1112 1211 1142 ⁴

268 1214 373 1268 mento
385 1213 603 1285 comparantur
612 1204 759 1285 operibus
768 1203 993 1281 satisfactoriis,
1015 1201 1101 1281 quasi
1118 1199 1172 1263 ida
1191 1184 1217 1253 {⁴⁴

269 1291 379 1351 merita
388 1296 496 1349 nostra
509 1289 693 1365 minuantur,
714 1285 1173 1368 si'iudulgentiacrelinquautnr,
1192 1270 1216 1375 {⁴

268 1375 332 1434 imo
352 1372 540 1432 contradam
553 1372 655 1432 verius
676 1377 735 1448 cst,
757 1372 1045 1450 meritaaugentur,
1065 1360 1173 1427 dumio
1193 1369 1216 1453 ⁴¹·

270 1455 449 1536 dulgentiae
468 1454 690 1533 relinquuntur.
1194 1443 1208 1521 ,⁴⁴

352 1536 494 1613 Octavo,
526 1535 603 1598 dicit
624 1555 781 1596 consensu
803 1534 942 1596 fidelium
964 1539 1120 1612 receptum
1138 1549 1174 1591 aa
1193 1524 1217 1581 Ρ

271 1639 343 1681 num
365 1618 531 1679 iubilacum
542 1619 693 1680 Bonifacii
703 1619 782 1696 Vlll,
804 1617 974 1679 Clementis
986 1616 1042 1689 Vl,
1050 1614 1125 1678 sixti
1133 1619 1175 1675 eta
1193 1596 1197 1665 Ι

271 1701 473 1783 Respondeo:
507 1699 583 1777 Quis
611 1702 687 1781 scit,
715 1702 742 1761 si
773 1719 945 1762 consensus
966 1699 1103 1760 fidelium
1122 1692 1197 1775 sunl

272 1786 431 1864 receperit
453 1778 528 1844 'Neo
548 1791 597 1845 cst
624 1783 802 1845 Bonifacius
825 1790 932 1845 tautae
955 1781 1128 1863 opinionis,
1145 1784 1176 1855 ul,
1195 1773 1206 1845 l⁴

272 1866 419 1948 quidquid
442 1868 583 1946 gesserit,
605 1867 709 1927 statim
731 1886 789 1946 pro
816 1886 851 1926 re
872 1865 954 1926 bene
974 1871 1065 1946 gesta
1083 1856 1216 1931 baberi*

272 1950 344 2010 (lum
366 1951 415 2025 sit,
435 1951 616 2029 praesertim
639 1951 670 2009 in
695 1969 729 2009 re
750 1968 814 2010 non
836 1948 921 2011 bona
942 1966 1003 2008 nec
1023 1938 1216 2071 necessar's{

273 2033 312 2093 ad
335 2032 482 2109 salutem,
509 2033 561 2110 qui
589 2037 620 2092 et
640 2032 703 2092 alia
723 2040 862 2093 monstra
882 2030 1089 2112 perpetravit,
1116 2045 1198 2106 (pra¹

274 2117 307 2177 in
329 2114 420 2176 rebus
434 2116 616 2176 necessariis
646 2115 761 2175 malum
785 2114 961 2195 exemplum
980 2111 1175 2193 praebuerunt
1197 2114 1201 2185 ’ῗ

354 2197 465 2276 Nouo,
498 2196 582 2275 quod
610 2196 762 2262 dederuut
782 2198 916 2259 Romani
937 2194 1103 2257 Pontifices
1123 2210 1176 2253 ocu
1197 2190 1216 2263 l!

274 2300 367 2343 sensu
376 2279 703 2341 christianissimorum
724 2299 831 2360 regum
854 2286 885 2340 et
904 2280 1080 2361 principum
1099 2273 1177 2337 indul
1197 2266 1216 2383 ξ

275 2365 395 2445 gentias
416 2381 472 2442 pro
494 2364 650 2443 passagio.
672 2363 752 2424 Dico
774 2364 853 2424 sicut
873 2364 969 2442 prius,
991 2381 1056 2422 non
1076 2365 1122 2419 est
1140 2357 1178 2417 ni
1201 2392 1216 2401 -

275 2447 427 2522 raculuur,
455 2443 539 2524 quod
559 2446 644 2506 Deus
664 2445 745 2505 hacc
773 2451 953 2506 contemnat
980 2451 1013 2505 et
1041 2440 1178 2519 sinatsgi

275 2536 308 2590 et
326 2547 434 2609 agere,
457 2546 537 2606 quae
555 2529 787 2608 impertinentia
809 2526 941 2589 suntad
963 2527 1114 2603 salutem,
1140 2522 1178 2601 qni

273 2614 305 2671 in
318 2611 380 2671 boc
390 2629 481 2691 supcr
494 2630 552 2671 nos
564 2611 680 2691 vigilat,
696 2617 730 2671 ut
741 2610 855 2672 doceat
871 2611 972 2689 utilia,
986 2605 1179 2688 utApostolu

276 2693 316 2754 ad
329 2693 430 2754 'litum
439 2695 467 2756 3.
491 2692 574 2771 dicit,
595 2693 657 2754 boc
678 2700 736 2771 est,
758 2700 926 2774 praecepta
946 2688 1178 2753 suaetconsilia

358 2776 503 2851 Decimo,
531 2777 633 2856 arguit
652 2775 746 2836 fidem
775 2776 928 2837 ecclesiae
950 2794 1022 2837 esse
1041 2771 1180 2835 indefecti-

276 2859 368 2919 bilem
390 2865 421 2918 et
443 2857 594 2919 Christum
627 2859 805 2938 nobiscnm,
838 2858 911 2921 ideo
938 2858 1106 2921 ecclesiam
1130 2873 1179 2916 nou

276 2942 414 3021 potuisse
435 2960 537 3002 errare
558 2947 644 3003 tanto
664 2950 805 3022 tempore
834 2960 905 3002 cum
937 2942 1108 3003 animarum
1127 2956 1180 3018 pcr-

280 3024 370 3084 nicie.
391 3021 490 3101 Dico,
522 3043 586 3085 non
614 3032 681 3085 tota
708 3025 842 3086 codena
863 3025 985 3088 erravit.
1029 3020 1180 3085 Deindesi

279 3107 370 3167 etiam
399 3112 514 3166 erraret
541 3108 572 3166 in
601 3108 639 3167 iis
660 3108 751 3168 rebus
778 3107 864 3168 nihili
892 3111 1033 3187 (semper
1054 3105 1094 3167 ds
1114 3103 1180 3165 Obri-

279 3191 386 3251 stianis
408 3189 559 3269 loquor),
581 3210 644 3250 non
666 3197 715 3250 est
735 3189 903 3270 periculum
925 3189 1013 3253 salva
1034 3187 1105 3250 fide.
1135 3185 1180 3244 Va

278 3273 348 3336 riori
371 3273 533 3353 opiniones
554 3279 586 3334 et
606 3292 708 3334 errare
729 3274 760 3333 in
781 3271 1014 3353 temporalibus,
1035 3290 1098 3332 non
1117 3268 1183 3331 tollit

280 3355 444 3418 ecclesiam
465 3354 586 3417 Christi.

361 3438 542 3515 Undecimo,
563 3439 696 3499 Decreta
711 3438 921 3498 Romanorum
942 3436 1125 3498 Pontificum
1145 3450 1183 3494 ac

281 3521 433 3600 ceptanda
459 3540 528 3580 csse
560 3520 728 3583 contendit.
759 3520 966 3601 Respondes:
1009 3518 1084 3582 Sine
1104 3515 1183 3579 (lubio

281 3610 351 3663 sunt
372 3603 580 3683 acceptanda,
607 3603 661 3665 sed
683 3610 786 3665 tamen
808 3622 879 3664 cum
901 3603 1033 3681 iudicio,
1053 3609 1087 3664 ut
1106 3597 1184 3663 habe

277 3690 327 3748 tur
347 3685 416 3750 dist.
438 3688 488 3754 22
511 3706 581 3769 cap.
606 3686 798 3766 Anastasio3
825 3687 901 3764 aaa
919 3686 1060 3745 Romani
1074 3679 1184 3743 ruunt

265 3790 323 3835 ces
343 3771 496 3837 bomines
518 3773 667 3847 fuerunt,
689 3777 725 3832 et
739 3767 892 3828 bomxues
914 3765 1032 3821 <iuream
1050 3781 1091 3825 se
1099 3759 1207 3816 uanae

253 3867 348 3945 runt,
382 3881 496 3927 errare
517 3863 714 3946 potueruut
754 3846 889 3912 lle'unbe
908 3841 1036 3901 nullum
1061 3844 1114 3895 est
1123 3836 1217 3889 Bm*
