2709 4417
422 336 489 402 suis¹
504 348 613 416 Lipsiae
631 346 777 419 disputatis
797 365 824 404 s.
846 347 920 405 xlx.
1062 343 1126 415 251

199 548 290 609 quse
312 534 340 593 si
355 534 440 610 ,false
458 536 714 608 iuventafuerint,
737 536 859 616 quidad
880 536 956 597 me?
977 537 1023 596 sin
1046 555 1129 614 vers,

201 633 259 673 cur
283 633 347 676 non
369 619 500 697 sequar?
523 619 622 681 Meum
645 627 703 698 est,
724 626 758 682 ut
779 620 853 698 dixi,
876 628 985 680 contra
1006 639 1130 681 ornnem

203 698 450 779 vocabulorum,
474 702 647 777 titulorum,
669 704 820 780 nominis,
848 703 1005 784 diguitatis
1026 703 1131 780 strepi·

204 788 293 856 tum,
322 802 427 842 verum
458 783 578 859 dicere,
606 793 637 846 et
665 785 773 846 falsum
802 806 926 865 negare.
972 785 1023 846 Sic
1050 785 1130 845 enim

207 863 387 925 Christiano
408 866 581 928 iaciendum
604 887 674 928 esse
696 868 799 928 credo.
841 869 883 930 Et
903 888 998 949 rogo,
1020 869 1045 927 si
1067 887 1129 928 non

207 945 321 1025 placeo
343 950 471 1010 nornine
494 950 674 1029 Christiani,
703 950 819 1032 fingant
841 958 873 1013 et
894 953 997 1011 sinant
1018 970 1067 1011 me
1089 951 1130 1010 in·

206 1029 295 1089 terim
320 1030 406 1090 velut
426 1032 575 1112 Tur-cam,
598 1040 651 1094 aut
672 1035 811 1114 quemvis
832 1033 987 1094 infidelem
1011 1035 1054 1094 eis
1076 1052 1130 1113 op·

206 1129 327 1190 ponere
355 1132 441 1174 meas
467 1117 602 1176 rationes
631 1123 663 1177 et
685 1118 880 1194 autoritates,
902 1124 936 1177 ut
957 1116 1065 1176 saltem
1088 1116 1132 1176 sic

207 1193 336 1254 videant
362 1201 393 1256 et
422 1194 634 1276 experiantur,
667 1218 728 1278 quo
760 1199 862 1260 studio
893 1200 1014 1279 possint
1040 1197 1130 1259 fidem

208 1296 296 1336 susm
325 1280 418 1355 tueri,
454 1286 485 1340 et
513 1300 603 1360 quam
631 1281 721 1342 facile
743 1283 782 1342 sit
808 1282 923 1343 dicere:
961 1281 1131 1342 Concilium

209 1361 253 1418 sie
286 1359 519 1439 determinavit,
554 1370 585 1423 et
606 1383 697 1442 qnam
720 1363 884 1441 difficile¹J
909 1365 949 1425 sit
978 1363 1008 1423 id
1031 1365 1130 1443 ipsum

209 1441 288 1502 bene
312 1442 546 1505 determinatum
568 1465 639 1507 esse
661 1448 749 1508 tueri.
787 1490 791 1496 -

292 1525 371 1585 Dico
395 1545 480 1606 ergo,
505 1529 588 1606 quod
605 1530 664 1589 iste
675 1529 821 1589 articulus
843 1531 883 1589 sit
905 1529 985 1590 rnale
1007 1528 1132 1588 damna·

212 1613 257 1665 tus
271 1607 488 1670 Constantios:
512 1611 618 1671 Omnis
640 1612 874 1673 actushcmiuis
889 1620 942 1671 sut
965 1618 1013 1670 est
1034 1610 1134 1671 bonus

212 1697 262 1749 aut
285 1689 400 1767 malus3
421 1711 459 1751 ac
479 1693 683 1773 respondeat,
712 1697 762 1773 qui
784 1714 819 1754 se
840 1701 928 1775 putat
950 1694 1132 1753 determina·

214 1773 327 1833 tionem
349 1772 434 1832 illam
457 1774 634 1836 defendere.
815 1793 822 1826 ¹
1015 1820 1017 1824 ·

291 1855 424 1915 Primum
456 1857 531 1917 dicit
563 1860 723 1936 apostolus
745 1860 834 1921 Rom.
857 1860 891 1922 8:
928 1858 987 1932 Qui
1021 1858 1128 1936 spiritu

217 1936 269 1996 Dei
293 1944 441 2017 aguntur,
480 1938 548 2015 hi2)
574 1940 626 2000 filii
649 1941 706 2000 Dei
736 1949 816 2002 sunt.
859 1942 949 2001 item:
982 1939 1072 2013 Quod
1103 1941 1128 1998 si

214 2020 275 2095 quis
299 2020 439 2098 spiritum
464 2020 576 2082 Christi
598 2042 661 2083 non
683 2023 794 2101 habet,
826 2023 961 2083 hicnon
986 2030 1032 2082 est
1054 2023 1130 2082 eius.

215 2099 263 2160 Hic
280 2121 413 2180 quaero,
436 2105 522 2164 euius
543 2106 584 2166 sit
593 2106 654 2182 ille,
677 2107 810 2184 quinon
832 2112 880 2166 est
892 2105 1023 2166 Christi?
1045 2105 1128 2165 Non·

215 2202 246 2242 ne
268 2183 386 2244 diaboli
410 2193 440 2245 et
461 2182 600 2266 peccati?
635 2188 677 2248 At
715 2189 766 2267 qui
795 2208 901 2249 servus
924 2195 971 2248 est
995 2188 1125 2266 peccati,

217 2264 280 2326 iecit
303 2286 367 2327 non
390 2269 447 2328 uisi
469 2277 641 2348 peceatum.
1037 2328 1047 2338 κ

263 2348 444 2427 ‚secundm
467 2350 541 2412 dicit
559 2352 640 2413 idem
653 2351 722 2412 Gal.
745 2355 778 2417 3:
802 2353 983 2430 Quicunque
1000 2371 1038 2411 ex
1056 2369 1129 2430 ope·

216 2430 290 2490 ribus
313 2431 393 2511 legis
406 2441 486 2511 sunt,
509 2433 564 2494 snb
580 2434 745 2495 maledicto
759 2444 839 2494 sunt.
861 2435 954 2512 Ecce,
977 2434 1130 2511 hieopera

215 2510 285 2592 legis
309 2523 400 2573 extra
421 2517 550 2594 gratiam
574 2517 647 2577 dicit
669 2517 922 2577 essemaledicta.
963 2516 1047 2595 Ergo
1066 2533 1127 2575 non

189 2602 326 2679 neutra.
369 2596 411 2656 Et
432 2597 519 2658 dicit:
556 2597 756 2678 Quicunque,
785 2601 937 2661 neminem
961 2598 1129 2676 excipiens,

210 2696 265 2738 nec
288 2678 415 2758 aliquod
440 2681 578 2746 medium
609 2683 688 2742 inter
723 2681 917 2742 maledictum
947 2688 979 2740 et
1056 2681 1128 2740 tiam

191 2759 334 2828 iaciens.
378 2761 445 2822 Nec
474 2763 572 2841 valet,
605 2764 688 2843 quod
720 2765 894 2842 apostolum
927 2763 977 2822 hic
1019 2763 1129 2842 elege

204 2845 407 2904 ceremoniali
417 2844 503 2924 loqui
515 2846 628 2925 dicunt,
640 2845 722 2925 quod
730 2865 768 2906 ea
780 2852 852 2905 tunc
865 2845 1020 2906 mortifera
1030 2845 1129 2905 tuerit.

202 2924 283 2986 Nam
308 2947 349 2985 ex
371 2929 570 3005 sequentibus
593 2935 688 3008 patet,
710 2927 795 3007 quod
817 2928 856 2988 de
868 2929 1004 2989 omnium
1026 2927 1128 3006 legum

202 3008 354 3087 operibus
378 3008 527 3087 loquitur,
566 3031 634 3071 eum
668 3011 794 3070 inducat
815 3011 923 3070 Mosen
959 3010 1127 3069 dicentem:
1211 3067 1215 3074 .

201 3090 405 3169 Maledictus,
438 3094 489 3170 qui
523 3113 585 3154 non
618 3101 780 3173 permanet
799 3094 829 3152 in
855 3092 1013 3165 omnib'us,
1047 3094 1144 3171 quse

201 3175 323 3252 scripta
345 3175 467 3234 suntin
490 3175 569 3236 libro
592 3175 679 3255 legis.
722 3174 841 3236 Deinde
863 3174 951 3252 dicit,
975 3174 1127 3235 Christum

202 3275 261 3316 uos
288 3255 460 3317 redemisse
502 3257 540 3317 de
569 3258 732 3319 maledieto
778 3258 864 3337 legis.
910 3257 950 3317 At
991 3257 1128 3317 Christus

204 3357 281 3397 vere
308 3357 368 3399 nos
397 3358 459 3399 uon
491 3340 622 3400 redemit
648 3340 687 3401 de
720 3340 789 3419 iege
825 3340 1021 3400 ceremoniali
1057 3344 1129 3416 post

206 3427 340 3481 mortem
363 3421 598 3502 eiusabrogata,
622 3423 676 3482 sed
691 3422 730 3483 de
742 3422 811 3502 lege
834 3441 1028 3501 quacunque,
1051 3420 1128 3480 dans

205 3504 347 3581 gratiam,
375 3510 407 3562 ut
428 3505 526 3582 possit
547 3505 675 3585 impleri.
705 3504 737 3566 si
761 3524 835 3585 ergo
859 3505 964 3564 omnia
989 3505 1039 3582 (ut
1060 3502 1127 3562 Mo·

210 3604 243 3644 se
265 3584 350 3658 dicit,
372 3592 495 3646 autores
516 3587 629 3666 Penio)
656 3607 752 3667 opera
775 3588 851 3667 legis
873 3593 944 3647 sunt
965 3584 1129 3647 maledictu

148 3831 152 3836 ’
190 3903 193 3909 ¹
231 3837 261 3897 1)
278 3835 312 3891 In
332 3837 394 3894 edd.
416 3841 504 3927 orig3:
523 3844 616 3898 facile.
656 3846 692 3913 2)
715 3847 807 3904 ibid:
826 3845 857 3904 ii.
