2709 4417
203 416 210 429 τ
259 341 302 407 32
410 305 602 414 ¹nrprrcuro
621 345 730 413 upum
751 343 843 397 unsre
859 358 886 398 ι
904 341 982 397 rur(x

258 533 314 610 nis,
337 532 475 593 eiusdem
496 532 595 591 meriti
627 538 659 591 et
680 529 816 591 eiusdem
838 529 1002 591 sacerdotii
1024 535 1081 590 est.
1122 528 1177 588 Pc-

257 617 353 677 tentia
380 615 551 674 divitiarum
580 622 611 673 et
638 613 792 674 humilitas
825 614 1012 692 paupertatis
1047 610 1097 671 vel
1130 629 1176 669 su-

257 697 427 775 blimiorem
467 698 517 757 vel
552 696 725 757 inferiorem
763 696 844 755 fecit.
890 695 1033 756 Ceterum
1068 711 1205 755 omnes-

257 780 469 860 epostolorum
492 797 686 851 successores
716 785 794 839 sunt.
838 779 995 839 Recitetur
1015 777 1095 837 haec
1116 777 1175 855 epi-

257 863 338 928 stole
358 863 388 921 in
412 863 550 923 Decretis
571 881 633 922 non
653 861 769 942 frigidis
792 860 861 922 dist.
884 862 934 925 93.
946 879 1014 940 cap.
1037 860 1170 939 legimus.

256 945 341 1005 ldern
375 964 466 1024 super
498 945 659 1024 epistolem
694 943 733 1003 ed
760 943 878 1003 Titum:
911 943 996 1004 ldeur
1026 949 1075 1002 est
1102 959 1171 1022 ergo

256 1027 431 1107 presbyter,
459 1029 508 1106 qui
539 1023 721 1107 episcopus,
749 1033 780 1085 et
808 1035 972 1104 antequem
995 1023 1113 1086 diaboli
1131 1025 1169 1083 iu

258 1111 370 1170 stiuotu
399 1110 498 1170 studio
530 1112 559 1168 in
581 1110 730 1188 religione
758 1107 883 1186 fierent,
913 1115 944 1167 et
972 1108 1125 1173 diceretur
1144 1107 1168 1167 in

256 1192 394 1273 populis:
423 1193 491 1272 Ego
520 1210 588 1253 sum
610 1192 713 1268 Pauli,
746 1210 805 1270 ego
834 1209 900 1250 sum
923 1190 1065 1269 Cephee,
1095 1208 1168 1249 com·

257 1277 340 1335 muni
361 1275 610 1354 presbyterorum,
633 1273 763 1334 concilio
793 1274 951 1356 ecclesiae,
960 1271 1170 1357 gubernabun-

258 1364 316 1422 tur.
358 1357 523 1436 Postquam
548 1375 622 1416 vero
645 1357 852 1434 unusquisque
874 1375 946 1431 eos,
979 1374 1057 1433 quos
1082 1354 1170 1433 hopli-

257 1441 355 1517 uebet,
380 1460 452 1500 suos
482 1459 550 1500 esse
573 1439 718 1518 putebat,
751 1439 781 1497 in
815 1446 881 1498 toto
914 1438 990 1498 orbe
1018 1437 1169 1497 decretum

257 1529 318 1600 est,
341 1530 374 1582 ut
396 1541 472 1582 unus
496 1521 534 1582 de
555 1521 741 1601 presbyteris
764 1520 880 1580 electus
903 1517 1179 1599 superponeretur..

256 1603 296 1664 Et
316 1604 447 1664 inductis
461 1604 674 1685 autoritatibus
687 1603 860 1682 Scripturce
883 1603 957 1662 dicit
975 1604 1007 1662 in
1029 1601 1107 1663 fine:
1130 1600 1171 1661 Si·

256 1696 308 1748 cut
329 1706 403 1767 ergo
427 1688 597 1766 presbyteri
626 1687 726 1747 sciunt
754 1704 788 1745 se
810 1705 849 1746 ex
872 1685 1023 1745 ecclesiae
1045 1703 1170 1745 consue·

243 1769 361 1830 tudine
383 1772 426 1847 ei,
461 1770 512 1849 qui
540 1769 597 1829 sibi
628 1770 821 1848 praepositus
842 1769 941 1845 fuerit,
964 1786 1034 1827 esse
1056 1766 1170 1827 subiec-

255 1860 322 1928 tos,
354 1854 397 1911 itu
419 1853 559 1932 episcopi
589 1851 731 1911 noverint
764 1870 798 1910 se
825 1851 922 1930 magis
947 1832 1172 1915 consuetudide

256 1953 347 2014 quem
376 1933 585 2015 dispositionis
622 1933 796 1994 dominicae
824 1934 953 1993 veritcte
986 1932 1171 2012 presbyteris

257 2035 326 2077 cese
347 2019 488 2077 maiores.
531 2017 603 2077 Ideo
627 2015 769 2094 quedl).
792 2016 828 2076 D.
859 2015 991 2092 eddidit,
1025 2034 1045 2075 e
1066 2015 1173 2075 Hiero-

227 2107 349 2179 Onymo
371 2099 559 2160 intellectum
588 2118 656 2159 esse
678 2112 839 2160 summum
863 2097 1041 2158 Pontificem
1072 2098 1171 2165 Rom,

189 2224 191 2229 -
255 2180 325 2242 durn
355 2182 443 2242 dicit:
468 2183 543 2243 (lum
571 2199 751 2241 successore
779 2182 939 2261 piscatoris
972 2186 1004 2240 et
1032 2179 1173 2260 discipuli

254 2264 364 2325 Christi
386 2265 506 2343 loquor,
529 2271 561 2324 et
576 2264 755 2324 beatitudini
777 2272 857 2342 tuae,
878 2262 909 2322 id
931 2270 987 2340 est,
1011 2262 1174 2322 cathedrae

254 2346 333 2407 Petri
355 2349 534 2425 cousocius,
567 2366 660 2425 super
690 2346 774 2405 illem
807 2352 925 2427 petrem
946 2345 1104 2405 fundatum
1127 2362 1173 2404 ee

254 2430 379 2490 clerium
404 2432 495 2505 scio„
512 2429 585 2489 nihil
607 2429 696 2506 fecit,
729 2448 792 2489 non
822 2429 974 2507 sequitur,
1009 2428 1174 2509 consocior

254 2511 324 2571 huic
346 2512 512 2591 ecclesiae,
535 2530 608 2592 ergo
632 2512 711 2572 hoec
732 2516 780 2571 es't
800 2512 868 2571 sole
890 2513 998 2590 prime.
1041 2510 1108 2570 Nec
1129 2527 1173 2569 se·

230 2595 363 2736 ἔξω,
386 2604 434 2655 est
454 2595 581 2655 fundate
602 2600 834 2674 suprepetrum,
856 2612 930 2674 ergo
952 2594 1020 2654 sole
1042 2600 1091 2655 est
1110 2592 1173 2652 fuu-

336 2758 467 2819 Accedit
506 2757 544 2817 cd
583 2758 643 2818 hoc
673 2758 828 2818 decretum
864 2758 994 2819 Concilii
1025 2756 1173 2831 Africani,

209 2844 225 2860 “
254 2841 323 2902 dist.
357 2843 405 2904 99.
429 2859 496 2920 cup.
527 2840 656 2901 Primae.
699 2841 834 2918 Primee,
869 2843 983 2920 inquit,
1007 2839 1173 2918 sedisepi·

254 2943 367 3003 scopus
385 2942 447 2983 non
459 2922 631 3002 appelletur
641 2925 785 3003 princeps
800 2925 1005 3002 sacerdotum,
1028 2930 1082 2983 eut
1094 2939 1174 2981 sum·

254 3005 509 3083 mus.secerdos,
538 3015 590 3066 eut
621 3006 736 3085 aliquid
764 3006 954 3084 huiusmodi,
978 3005 1033 3066 sed
1056 3011 1172 3065 tanturn

253 3091 368 3169 primae
399 3088 479 3148 sedis
507 3090 681 3168 episcopus.
724 3089 912 3150 Universelis
940 3097 1051 3153 cutem¹
1071 3086 1172 3149 Ponti-

251 3172 304 3233 fex
324 3191 383 3232 nec
405 3172 562 3232 Romanus
584 3171 764 3251 appelletur.
808 3171 912 3245 Quare
935 3172 959 3230 si
981 3170 1088 3233 divino
1109 3171 1172 3231 iure

174 3279 182 3300 ’-
252 3262 348 3315 steret
371 3253 548 3341 monarchia
574 3255 662 3316 Rom.
686 3254 861 3330 Pontificis,
895 3253 1105 3315 haec-omnio
1129 3271 1172 3312 es·

253 3345 323 3399 sent
349 3337 519 3414 haeretice,
549 3336 632 3417 quod
668 3343 716 3397 est
742 3338 937 3399 temerarium
962 3354 1116 3413 asserere,
1143 3341 1173 3394 et

252 3421 284 3479 in
315 3419 376 3479 fine
397 3420 557 3480 audiemus
583 3421 682 3499 ipsum
705 3419 888 3497 Dominum,
920 3420 972 3498 qui
990 3419 1100 3486 ,Lucae
1123 3419 1171 3483 22.

253 3502 339 3562 dicit:
362 3503 455 3561 Facto
477 3509 524 3560 est
545 3510 647 3563 autem
670 3503 829 3563 contentio
853 3501 1082 3581 discipulorum,
1105 3501 1171 3580 quis

252 3587 359 3644 eorum
382 3583 534 3644 videretur
556 3604 625 3645 esse
648 3585 755 3646 maior.
798 3585 883 3644 Dixit
904 3591 1007 3645 eutem
1028 3584 1092 3643 eis:
1116 3582 1172 3643 Re·

251 3685 307 3746 ges
327 3669 464 3747 gentium
487 3666 683 3728 dominentur
706 3686 826 3745 cerum,
859 3668 962 3746 etqui
985 3672 1172 3745 potestatem

252 3748 366 3810 hubent
395 3770 487 3829 super
515 3769 586 3827 eos,
620 3750 751 3811 benefici
769 3756 944 3827 roccntur,
979 3768 1035 3815 vos
1069 3754 1173 3811 eutem

191 3836 316 3894 *mu
336 3836 398 3912 sic,
433 3833 488 3894 sed
525 3836 578 3912 qui
610 3835 708 3895 maior
745 3840 792 3896 est
818 3840 975 3909 vestrum,
1008 3831 1064 3893 fiet
1094 3832 1176 3897 oicut

295 3937 378 3982 ror.¹
1155 3951 1158 3956 ·
