2709 4417
217 349 282 417 214
449 347 606 416 Disputatio
625 349 733 415 Lipsiae
750 347 847 400 habita
865 361 890 400 a
907 344 973 398 XlX

224 537 307 620 quod
328 556 387 599 uos
408 538 602 622 puniremus,
636 537 661 596 si
689 537 776 599 Deus
798 535 893 598 vellet
919 537 1043 618 punire,
1075 537 1116 597 ian

221 623 268 685 bis
289 621 413 703 puniret
432 619 464 681 id
485 622 596 699 ipsum.
775 616 778 622 ’

305 705 471 764 Praeterea
493 703 577 763 clara
597 703 721 763 dierunt
743 701 890 782 Cypriani
910 701 1019 778 verba,
1047 701 1116 783 Chry·

196 783 372 865 santoni,
394 786 536 867 Gregorii
557 787 615 862 lv,
637 786 834 866 Hieronymi,
868 784 950 866 qnod
979 788 1116 864 poeuain

222 874 330 934 iuncta
351 889 370 929 a
392 869 553 930 sacerdote
575 871 606 929 in
624 870 867 931 satisfactionem
890 876 939 930 est
960 869 1115 948 poenalis(

223 954 344 1032 debita,
373 959 405 1013 ct
433 953 476 1013 ita
497 953 620 1027 Victor,
655 954 728 1031 quia
749 974 811 1014 non
835 953 1019 1032 impleverat
1037 955 1116 1030 poeni-

223 1037 353 1100 tentiam
378 1036 548 1096 iniunctam
571 1055 589 1095 a
612 1035 785 1115 cypriano,
808 1034 1071 1097 diciturnondum
1088 1056 1116 1096 su·

226 1121 379 1181 tisiecisse
402 1119 480 1181 Deo.
523 1117 614 1192 Quod
645 1126 676 1178 et
696 1119 878 1180 Theodorus
910 1120 941 1178 in
960 1138 1019 1177 suc
1040 1121 1116 1196 poeni·

231 1202 364 1280 leuticii,
406 1221 497 1279 quem
531 1204 666 1280 sequitur
700 1204 786 1280 quasi
814 1201 853 1263 ad
887 1201 1014 1263 verbum
1048 1201 1114 1260 Beda

229 1286 260 1347 id
276 1286 377 1367 ipsum
400 1286 688 1362 testatur‚quamvis
709 1286 788 1346 forte
809 1304 868 1345 uec
880 1286 900 1345 ii
925 1291 1047 1344 autores
1066 1286 1116 1344 sicu

229 1388 287 1430 uec
308 1366 439 1428 Isidorus
463 1367 491 1429 ei
513 1368 753 1442 satisfaciunt¹).

310 1449 401 1512 Unde
422 1450 568 1530 quidquid
590 1450 673 1512 dicat
695 1470 758 1525 cre,
780 1452 961 1512 autoritates
977 1449 1116 1510 omnasfa

229 1553 300 1595 cere
322 1552 378 1614 pro
401 1553 465 1613 eo„
489 1539 597 1616 tamen!
614 1535 822 1594 necessarium
852 1541 917 1610 est,
950 1531 1031 1613 quod
1052 1531 1116 1592 cord«

151 1662 153 1667 ¹
229 1618 404 1679 dissentiat:
440 1636 507 1675 curn
547 1617 607 1676 hae
634 1617 815 1677 autoritates
837 1617 1008 1677 doctrinam
1030 1617 1114 1674 eiuse

229 1700 461 1762 conclusionem
484 1699 670 1760 subvertant.
707 1699 738 1760 Si
766 1702 847 1760 enim
871 1698 1018 1760 sacerdos
1038 1717 1115 1777 pecca

230 1803 292 1844 non
322 1781 513 1843 absolvendo
544 1803 561 1842 a
590 1802 694 1862 poena
726 1790 758 1842 et
778 1783 885 1862 culpa,
917 1789 990 1842 tunc
1011 1782 1116 1860 episcop

142 1909 145 1922 .
229 1873 412 1948 peccassent
442 1885 504 1926 non
534 1865 732 1926 absolventes
758 1866 913 1926 Victorem
944 1885 964 1924 a
984 1882 1115 1942 poenae

230 1948 338 2028 culpa,
372 1955 404 2008 et
430 1959 544 2008 omnes·
570 1947 746 2009 sacerdotes
774 1956 941 2028 peccarent
968 1966 1023 2026 per
1043 1945 1116 2006 orben

232 2029 438 2092 Christianum
460 2030 656 2091 absolventes
680 2037 768 2091 extra
787 2031 1006 2111 indulgentias.

313 2112 421 2193 Neque
448 2113 601 2173 relevatur
627 2116 659 2174 in
691 2133 745 2190 eo,
778 2114 861 2192 quod
894 2112 1008 2175 debeat
1028 2131 1116 2172 cruces

232 2203 372 2276 portare,
404 2202 435 2256 et
465 2196 545 2256 hanc
573 2216 707 2276 poenam
730 2198 835 2277 exigat
857 2198 950 2257 Dens.
993 2195 1067 2268 Quia
1084 2196 1115 2253 ist

232 2280 331 2339 crucis
351 2280 483 2358 portatio
507 2298 568 2339 non
592 2287 639 2339 est
660 2279 753 2357 aliud,
777 2299 869 2357 quam
892 2281 955 2339 vita
967 2279 1116 2338 Christiana

232 2362 312 2422 sicut
344 2363 410 2441 ipse
431 2361 617 2422 reverendus
650 2362 742 2421 Pater
778 2362 870 2423 docte
898 2363 960 2422 hoc
989 2361 1115 2439 exposuit

232 2443 288 2505 sed
310 2462 379 2504 cum
400 2445 461 2506 hoo
492 2451 614 2524 oportet
646 2444 685 2504 de
706 2425 879 2524 praetoriis
902 2445 1116 2520 satisfeceras

233 2528 397 2587 Dominum
422 2528 579 2606 deprecari
601 2527 640 2586 de
661 2529 844 2607 praeteritis.

315 2610 362 2669 Dc
383 2613 594 2671 reservatione
624 2630 750 2670 casuum
781 2610 950 2672 Conclusio
974 2629 1042 2669 mea
1072 2607 1114 2667 nih

233 2691 341 2769 habet,
376 2700 479 2753 tamen
504 2695 730 2753 reservationes
760 2693 936 2754 moderatas
963 2692 1053 2752 credo
1079 2711 1116 2750 ess

234 2775 334 2851 utilas,
358 2776 440 2854 quod
464 2777 556 2837 etiam
574 2776 705 2836 Praelati
726 2778 757 2836 in
779 2777 973 2837 monasteriis
993 2775 1116 2853 experiar

234 2865 292 2920 tur.
315 2858 427 2919 Fateor
448 2860 597 2939 ingenue,
619 2879 667 2918 me
691 2879 760 2919 esse
781 2860 812 2920 in
835 2866 909 2919 voto
932 2858 1116 2931 Gersonis,i

234 2940 367 3001 concilio
402 2942 631 3003 constantiensi
670 2942 893 3021 interpellantis
927 2961 982 3021 pro
1022 2938 1116 3000 dolend

234 3023 400 3084 immodica
422 3026 632 3085 reservatione
654 3044 796 3102 casuum,
825 3032 856 3084 et
879 3024 1067 3104 potissimum
1087 3022 1116 3080 dt

231 3106 330 3187 plicet
353 3108 426 3167 mihi
447 3108 500 3168 illa
521 3108 708 3184 reservata,
744 3109 822 3167 sicut
852 3114 883 3166 et
904 3108 1038 3168 Domino
1059 3107 1116 3165 Patr

235 3189 358 3268 qnando
383 3190 477 3250 habet
499 3192 657 3255 avaritiam
680 3192 844 3270 comitem,
867 3190 898 3250 id
921 3197 988 3266 est,
1010 3189 1116 3268 pecnnia

234 3293 299 3333 rum
322 3292 454 3352 poenam
478 3293 641 3335 annexam.

317 3355 488 3424 Ecclesiam
520 3375 582 3417 non
606 3355 681 3415 dicit
703 3356 865 3431 ruituram,
899 3355 924 3414 si
946 3352 1085 3413 sacerdos
1110 3352 1116 3410 i

236 3458 292 3498 sua
315 3439 462 3517 parochia
484 3446 567 3499 esset
593 3441 757 3519 episcopus
780 3446 810 3498 et
832 3458 934 3518 papa3
956 3444 1038 3496 certe
1060 3454 1116 3514 app:

236 3527 283 3581 ret
307 3521 397 3599 mihi,
426 3523 451 3582 si
480 3530 562 3582 esset
582 3522 662 3581 illius
684 3522 881 3602 pulcherrimi
902 3519 1019 3582 ordinis
1041 3520 1116 3578 hiera

238 3604 316 3664 chici
347 3606 521 3684 corruptio,
558 3605 640 3683 quod
677 3607 769 3666 etiam
799 3611 882 3682 esset
909 3603 1059 3664 ecclesiae
1081 3599 1116 3660 sul

237 3706 346 3750 versio.
785 3718 787 3722 ⁴
1069 3709 1074 3718 ·
