2709 4417
200 351 203 356 ’
231 346 294 423 118
445 351 603 421 nuptam
622 353 731 421 Lipsiae
747 353 845 408 usura
861 371 887 406 a
905 352 968 407 xlx
1148 312 1158 347 ³

231 540 282 620 qui
304 539 397 601 tutius
418 555 474 618 pro
497 557 593 619 reguo
606 538 812 620 Neapolitano
837 534 906 600 crim
920 541 1051 602 maxima
1069 543 1126 605 chri·
1158 604 1159 615 ,

232 623 323 684 atiani
345 620 502 702 sanguinis
525 621 676 683 effusione
697 622 963 704 heliagessenrut,
985 630 1017 684 et
1036 627 1127 691 utiuan
1156 620 1159 663 ⁴

232 705 357 769 tandem
379 723 442 785 pax
453 712 537 766 esset
546 705 664 767 stabilis
678 713 711 767 et
721 725 917 786 permanens.
939 707 1038 768 Unam
1049 708 1129 782 fidem,
1156 666 1159 763 i

231 810 325 852 uuum
345 787 512 850 Dominum
535 788 688 850 Christum
720 804 859 870 agnosco
902 808 970 851 cunr
999 793 1130 872 apostolo,
1156 786 1159 819 ³

232 873 287 935 sed
313 873 404 934 Rom.
427 870 609 932 Pontificem
638 878 673 932 nt
705 872 816 933 Christi
843 892 974 935 veneror
996 874 1130 939 vicariurn.

234 956 302 1018 stat
328 975 363 1017 er
385 974 404 1015 ο
427 954 511 1032 prior
533 955 645 1016 solutio
667 955 1023 1017 invictaetvalidameo
1043 958 1131 1020 salton
1158 972 1159 983 ¹

234 1039 306 1101 exili
329 975 454 1111 iudicio,
478 1036 600 1117 dequo
616 1037 772 1099 doctiores
792 1037 930 1107 iudicent
943 1037 987 1115 ¹).

314 1155 479 1217 Praeterea
501 1154 711 1216 observandus
733 1155 824 1216 Pater
845 1155 929 1232 dicit,
951 1156 1044 1218 verba
1064 1157 1132 1220 Pauli

233 1258 287 1319 per
310 1257 359 1298 ma
380 1257 443 1299 uon
466 1244 566 1299 tacta:
587 1239 670 1300 Deus
688 1257 853 1318 personam
864 1239 999 1300 hominis
1021 1259 1078 1300 non
1097 1260 1133 1301 ac

233 1321 316 1403 cipit,
339 1326 370 1381 et
391 1322 436 1382 sio
457 1322 557 1383 minus
573 1321 682 1383 soluta.
705 1322 797 1381 Forte
819 1322 987 1401 obaudivit,
1009 1320 1134 1402 quoniam

233 1410 294 1465 tam
319 1423 358 1464 ex
380 1404 556 1483 Ambrosio,
579 1423 669 1484 quam
691 1404 881 1485 Hieronymo
909 1404 1023 1465 adduxi
1044 1425 1133 1466 eorun-

234 1486 307 1548 dem
329 1487 494 1549 verborum
516 1488 711 1564 sententiam,
733 1485 984 1548 Johanneseuim
1007 1488 1133 1551 ctPetrus

234 1569 352 1632 idiotas
385 1570 506 1631 fucrant
537 1577 568 1629 et
605 1569 831 1650 aualphabetici
863 1572 894 1629 in
916 1571 1022 1653 Lege3
1041 1571 1135 1632 Paulus

235 1658 345 1714 contra
366 1652 476 1715 doctus
498 1653 576 1729 fuit,
598 1652 762 1733 proficiens
784 1672 876 1734 supra
897 1653 1011 1714 multos
1033 1661 1147 1715 coacta-¹

234 1753 311 1796 neos
332 1754 416 1815 suos,
439 1741 472 1795 ut
492 1734 531 1795 de
553 1753 587 1794 se
609 1740 746 1797 testatur.
769 1735 875 1795 Noluit
896 1755 971 1816 ergo
994 1735 1098 1796 Paulus
1106 1737 1132 1813 ⁸)

174 1859 190 1870 κ
233 1825 399 1900 reputare,
421 1818 528 1899 quales
551 1817 680 1878 fuissent
700 1818 807 1878 Petrus
829 1824 860 1878 et
873 1818 1058 1899 ¹iohannes,
1078 1818 1134 1899 qnia

234 1920 399 1983 personam
420 1901 555 1962 hominis
577 1900 661 1960 Deus
683 1920 745 1961 nou
767 1902 897 1980 accipit,
925 1903 969 1961 ita
990 1903 1067 1962 euim
1087 1902 1133 1962 ete·

234 1986 279 2066 git
300 1986 497 2065 piscatorem,
520 1985 599 2043 sicut
619 1983 743 2044 doctum
768 1983 910 2046 scribam.
935 1983 994 2045 Sed
1017 2004 1070 2066 per
1087 1985 1134 2044 hoc

233 2068 381 2147 primatus
405 2086 468 2128 non
491 2066 615 2145 tollitur,
638 2066 693 2127 sed
716 2067 855 2147 acceptio
878 2067 1133 2147 personarumDeo

234 2169 296 2212 uon
319 2150 499 2230 imputatur,
523 2150 641 2209 etiamsi
664 2168 757 2209 uuum
779 2149 866 2210 alteri
886 2151 1093 2231 praeelegerit,
1110 2156 1133 2209 ut

233 2232 272 2293 de
294 2232 440 2294 cornelio
462 2233 568 2293 Petrus
591 2232 743 2292 fatebatur
751 2231 820 2307 '‘t:
865 2234 898 2292 ln
921 2234 1049 2293 veritate
1069 2252 1133 2294 conr·

255 2317 308 2393 eri,
331 2317 487 2396 quianon
510 2322 558 2374 est
579 2316 719 2394 acceptio
730 2334 931 2394 personarum
950 2315 1032 2395 apud
1043 2315 1133 2376 Deum.

232 2335 401 2460 gemamus
424 2398 463 2492 ad
485 2396 611 2458 iudu'cta
632 2417 688 2488 per
708 2397 910 2458 reverendum
934 2398 1062 2461 Patrem.

315 2517 500 2596 Apostolum
531 2516 624 2592 citat,
658 2517 686 2576 1.
709 2514 846 2575 Corinth.
871 2517 931 2595 12,
962 2516 1014 2594 qui
1042 2533 1134 2594 corpus

157 2670 169 2689 1
232 2599 394 2680 mysticum
423 2597 600 2660 describens
636 2597 750 2658 reserat
770 2599 952 2677 apostolos,
975 2597 1134 2678 prophetas,

232 2681 376 2742 doctores
399 2687 429 2740 et
442 2681 609 2742 novissime
627 2679 933 2743 administrationem.
956 2681 1045 2758 Dico,
1066 2698 1135 2760 egre·

233 2765 284 2845 gie
312 2762 434 2843 quidem
462 2763 637 2844 apostolum
667 2762 882 2842 descripsisse,
915 2763 970 2824 sed
992 2765 1136 2844 primatum

235 2846 276 2907 ibi
298 2864 358 2907 nec
380 2865 522 2926 negasse,
544 2865 601 2905 nec
623 2845 801 2921 astruxisse,
823 2845 990 2907 invalidum
1014 2853 1060 2906 est
1078 2862 1137 2924 ergo

236 2934 468 3010 argumentum:
498 2928 556 2988 Hic
576 2927 688 2987 Paulus
716 2927 890 2992 huiusmodi
922 2930 1069 3009 primatus
1088 2945 1137 2988 uun

233 3012 386 3086 meminit,
415 3029 489 3091 ergo
511 3010 657 3091 primatus
691 3029 753 3071 nou
777 3012 875 3073 estin
909 3011 1060 3088 ecclesia,
1087 3017 1137 3071 tum

233 3092 315 3172 quod
337 3095 423 3176 pueri
446 3094 547 3156 sciunt
567 3093 669 3155 locum
692 3093 731 3155 ab
742 3095 905 3155 autoritate
926 3095 1069 3176 negative
1087 3110 1137 3154 uon

230 3174 344 3254 valerd,
364 3183 429 3237 tum
450 3177 533 3256 quod
550 3177 641 3238 etiam
663 3178 693 3237 in
716 3195 804 3237 saura
823 3175 979 3259 Scriptura
1000 3196 1061 3238 uno
1080 3177 1138 3237 loco

232 3279 294 3321 uon
328 3278 523 3339 expressum,
557 3261 643 3319 iuxta
672 3259 837 3338 Augustini
872 3261 1062 3339 doctrinam,
1097 3256 1138 3318 lib.

231 3342 272 3404 de
294 3341 566 3422 doctchristiaua,
590 3362 628 3402 ex
651 3342 712 3403 alio
735 3343 806 3404 loco
828 3343 926 3423 accipi
949 3342 1051 3422 debet,
1072 3343 1140 3402 sicut

232 3443 291 3486 nos
313 3425 450 3488 fecimus.
854 3462 860 3470 α

262 3715 297 3780 1)
315 3712 348 3770 Iu
369 3714 412 3774 ad.
434 3718 507 3789 orig.
535 3718 658 3787 margini
684 3716 734 3768 hie
752 3714 925 3779 adscriptum
936 3715 1059 3777 iegitur.
1085 3711 1149 3772 aaa

217 3805 319 3845 ornnes
340 3807 444 3847 sumus
464 3792 554 3861 caeci,
574 3790 650 3843 dixit
666 3787 773 3842 Ecciua
792 3781 942 3851 {tegenda
955 3777 1123 3839 humerum„

246 3882 281 3950 ⁶)
301 3880 370 3942 oar.
389 3884 420 3943 2.
445 3884 498 3954 ··)
522 3880 589 3939 ua.
608 3880 656 3936 ro.
682 3951 691 3960 ¹
