2709 4417
406 326 479 384 xlm
498 327 533 382 de
550 331 687 399 potestate
704 327 806 398 Papae.
1006 325 1069 394 305

189 532 232 571 nm
253 513 469 593 apostolorum
487 533 534 592 os,
557 520 590 574 et
600 522 707 575 vertex
718 498 866 576 eonsorfii
876 517 979 593 totins,
1001 533 1069 575 oum

189 613 258 657 unes
279 596 463 677 interrogati
475 603 588 676 essent,
609 599 678 676 ipse
689 597 774 658 solus
785 597 963 679 respondet.
986 597 1069 680 Ergo

189 697 213 737 »n
235 677 276 738 ad
299 679 401 740 nolum
422 679 545 741 Petrum
578 681 637 740 iste
658 680 746 741 loeus
767 682 916 759 pertinet,
952 680 1008 742 sed
1029 679 1069 741 ad

189 779 278 838 noea,
304 763 428 858 ‘etiamsi
452 764 567 844 primns
589 769 621 823 et
641 764 784 843 prinoeps
806 764 887 825 inter
907 762 1069 845 apostolos

189 861 216 904 se
231 843 479 1008 geddgusdnus
500 927 579 988 Psal.
602 929 662 994 108
672 925 722 1010 ¹):
745 927 831 989 Siout
852 927 1002 1007 quaedam
1026 927 1069 988 di-

189 1014 274 1087 cutur,
297 1027 386 1088 quae,
410 1008 513 1092 [oum]
542 1009 582 1070 ad
603 1011 778 1090 apostolum
801 1011 924 1071 Petrum
945 1012 1069 1090 proprie

189 1092 303 1152 ertinere
324 1093 503 1170 videantur,
524 1111 584 1153 nee
604 1099 707 1154 tumen
721 1093 836 1154 habent
852 1093 1002 1154 illustrem
1023 1094 1066 1153 in·

188 1172 324 1250 lleetum,
347 1176 405 1234 nisi
428 1193 495 1235 oum
518 1175 691 1237 referuntur
711 1176 751 1237 ad
773 1177 957 1252 molosiam,
981 1177 1067 1236 ouius

189 1276 204 1316 e
223 1259 401 1337 agnoscitur
421 1255 563 1337 infigura
584 1260 720 1339 gessisse
743 1277 918 1339 personam,
940 1266 1067 1338 propter·

189 1340 331 1418 rnatum,
366 1360 456 1420 quem
483 1342 514 1400 in
537 1339 696 1422 discipulis
717 1341 833 1404 habuit.
876 1341 972 1402 Sicuti
1004 1348 1067 1403 est:

189 1422 219 1482 oi
240 1421 321 1484 dabo
344 1423 447 1483 eleves
469 1425 556 1503 regni
580 1424 755 1501 coelorum,
784 1431 816 1484 et
836 1425 863 1484 si
884 1443 945 1503 que
966 1424 1068 1485 huius·

189 1503 257 1566 odi..
284 1507 329 1566 lta
339 1505 435 1567 Judas
446 1523 611 1586 personam
624 1508 755 1567 sustinet
770 1507 1000 1586 quodammodo
1022 1507 1067 1566 in·

189 1588 308 1648 nieorum
327 1589 439 1650 Christi
461 1595 519 1650 eto.
563 1588 669 1668 Vides,
692 1589 775 1668 quod
793 1590 897 1650 slaves
916 1590 1068 1650 eeelesiee

214 1689 346 1750 persona
375 1671 456 1732 Petri
485 1671 575 1734 datas
610 1674 728 1733 asserit.
771 1672 854 1733 ldem
891 1671 942 1734 lib.
967 1676 994 1735 1.
1028 1671 1068 1733 de

189 1762 229 1812 tet.
251 1753 391 1814 christia.
414 1773 441 1816 e.
465 1757 519 1818 17:
543 1755 606 1815 Has
628 1756 720 1836 igitur
741 1756 845 1816 eleves
868 1754 953 1816 dedit
967 1755 1067 1815 eoele-

189 1853 216 1895 se
235 1854 324 1915 snae,
347 1844 380 1897 ut
402 1855 605 1918 quaeeunque
626 1838 763 1899 solveret
783 1839 814 1898 in
837 1845 927 1915 terra,
965 1836 1068 1900 soluta

189 1924 253 1978 sent
273 1926 304 1980 et
325 1920 356 1979 in
380 1919 485 1983 eoelis.

230 2000 268 2060 llt
288 2020 344 2063 eur
364 2021 427 2062 non
454 2020 512 2063 nos
547 2003 605 2082 ipsi
634 2004 736 2083 potius
768 2010 884 2064 textum
915 2009 946 2064 et
969 2002 1063 2064 verba

189 2083 258 2143 tristi
279 2085 521 2164 eonsideramus,
544 2087 594 2166 qui
616 2104 674 2147 nos
699 2086 811 2146 elarius
834 2105 889 2168 per
910 2105 944 2146 se
965 2086 1065 2165 ipsum

189 2167 297 2228 struet?

228 2249 310 2310 Dieit
320 2249 353 2331 ²¹⁵)
379 2251 497 2330 itaque:
522 2251 613 2311 Venit
625 2252 716 2313 Jesus
731 2251 761 2311 in
774 2258 876 2331 partes
889 2252 1061 2312 Caesareae

189 2331 285 2413 ulippi,
307 2340 339 2393 et
359 2334 559 2415 interrogovit
580 2333 749 2414 diseipulos
771 2353 863 2395 suos:
896 2333 993 2408 Quem
1016 2332 1059 2393 di-

189 2423 220 2474 nt
239 2414 380 2476 homines
402 2434 472 2476 esse
492 2415 588 2476 filium
610 2417 744 2478 hominis
766 2425 825 2478 ete.

226 2497 284 2559 Ubi
320 2497 529 2580 signifieanter
549 2500 583 2562 B.
606 2499 752 2579 Hierony.
779 2498 941 2578 observat,
974 2498 1063 2559 aliter

189 2581 297 2640 tristum
318 2583 525 2662 interrogasse
548 2582 587 2642 de
608 2601 651 2659 se,
674 2581 798 2661 quando
817 2581 985 2660 hominum,
1008 2581 1061 2641 ali·

189 2663 335 2743 rquendo
358 2665 571 2744 apostolorum
593 2665 776 2726 sententiam
800 2665 960 2744 quaesivit.
984 2664 1059 2725 lllos

190 2754 237 2806 eat
265 2746 427 2823 homines,
462 2747 521 2808 hos
553 2756 656 2809 eutem
680 2749 764 2809 Deos
799 2767 868 2808 esse
899 2745 1061 2827 signifieat.

189 2829 262 2890 inde
285 2828 325 2890 de
347 2828 522 2890 hominibus
554 2850 706 2908 quaerens
728 2830 835 2889 Filium
866 2829 1000 2892 hominis
1029 2848 1063 2890 se

189 2911 291 2991 pellat,
314 2913 399 2972 velut
420 2931 500 2992 vago
513 2914 649 2974 nomine.
692 2913 734 2972 At
755 2932 793 2972 ex
806 2913 957 2992 apostolis
970 2930 1061 2991 quae·

189 2993 266 3074 1⁸²),
289 3014 349 3074 me,
370 2996 479 3076 inquit,
501 3002 615 3056 eertnrn
637 3002 669 3056 et
690 2995 875 3076 singularem
897 3013 1062 3076 personum

189 3084 330 3138 »nomene
375 3078 478 3157 Atque
489 3078 541 3138 ubi
563 3078 602 3139 de
620 3077 795 3139 hominibus
812 3080 940 3157 quaerit,
962 3078 1063 3139 nullus

189 3161 322 3242 lignatus
345 3159 511 3242 diseipulne
539 3161 723 3241 respondet:
756 3160 797 3221 ad
818 3160 1062 3241 signifieandum,

189 3243 224 3305 nd
247 3244 316 3304 sine
338 3245 463 3304 nomino
485 3251 567 3322 sunt,
610 3246 661 3324 qui
690 3244 817 3323 indigna
845 3243 885 3304 de
905 3243 982 3304 Filio
1003 3243 1062 3303 Dei

189 3327 289 3387 utiunt.
332 3325 551 3401 Quibusndde
573 3336 604 3388 et
626 3327 703 3403 hoe,
726 3327 809 3406 quod
833 3328 995 3406 opiniones
1017 3326 1061 3385 in·

189 3416 323 3470 astantes
344 3417 417 3470 sunt
436 3409 595 3471 hominum
617 3409 656 3471 de
670 3410 801 3473 Christo.
847 3410 889 3470 At
911 3409 960 3469 nbi
983 3426 1056 3488 apo-

189 3493 241 3553 los
260 3492 300 3553 de
322 3511 357 3552 se
378 3494 563 3574 interrogat,
592 3492 634 3554 ibi
655 3491 833 3575 signetus³j
857 3511 935 3552 unus
957 3498 1059 3552 eertus

190 3703 255 3771 >In
282 3704 324 3757 ed,
342 3705 417 3758 lem:
449 3705 508 3762 109.
548 3705 626 3772 2)1n
655 3702 700 3759 ed.
719 3704 827 3772 priore:
857 3706 888 3754 nt
915 3697 1059 3769 epottolot

189 3788 280 3824 erens.
317 3774 351 3839 3)
368 3776 401 3826 ln
421 3776 464 3829 ed.
483 3775 566 3832 den:
599 3778 778 3851 designatus.

189 3841 307 3892 lusere·
330 3844 373 3899 16.

189 3930 773 4003 redopertmnrstMtpvmAEt
930 3922 983 3989 ‘m
