2709 4417
191 326 195 341 Ι
217 353 280 421 192
408 357 566 426 Disputatio
585 355 694 426 Lipsiae
715 350 807 409 habita
825 371 850 410 a
868 342 934 410 XIX

219 549 251 604 et
273 545 370 604 nostri
393 542 621 624 praedicatores
643 551 675 604 et
696 543 840 603 doctores
869 562 1025 624 nunquam
1044 562 1116 626 nege-

221 635 338 702 verunt,
361 627 434 705 quia
454 628 537 687 Deus
559 625 724 706 aspirando
750 627 919 705 praevenit.

303 711 465 769 Praeterea
503 709 702 770 Aristotelem
734 726 797 769 non
827 709 892 768 vult
917 712 1119 788 acceptsreiu

220 792 341 854 Scholia
363 792 561 873 theologicis,
590 801 621 853 et
648 800 751 852 tamen
778 791 872 852 audet
900 811 972 852 eum
993 793 1062 852 mihi
1080 812 1144 874 op·¹

219 894 345 956 ponere.
378 874 440 936 Sed
459 875 529 937 diso
552 882 745 937 constantem
769 893 839 934 esse
856 874 1046 935 ethnicorum
1067 895 1121 937 seu-

219 961 364 1036 tentiam,
392 958 528 1018 sistendo
557 960 588 1018 in
616 959 726 1018 timore
747 976 868 1037 poenae
896 977 961 1018 non
984 977 1051 1018 esse
1068 979 1121 1039 per-

219 1043 329 1102 lectum
352 1042 504 1120 virtutem,
525 1043 611 1101 iuxta
632 1040 724 1101 illud:
755 1040 893 1101 Oderunt
914 1058 1045 1122 peccare
1065 1043 1122 1102 nali

218 1124 383 1185 formidine
416 1142 554 1204 poenae,
589 1123 721 1184 oderunt
742 1142 871 1204 peccare
898 1123 994 1202 boni,
1022 1125 1121 1185 virtutis

220 1227 327 1268 amore
349 1215 407 1266 etc.
451 1207 517 1266 Nec
539 1225 616 1285 opus
639 1207 758 1267 virtutis
781 1206 874 1267 debet
895 1225 966 1266 esse
990 1214 1122 1283 coactum,

220 1290 275 1350 sed
296 1290 432 1350 liberum.
462 1290 554 1349 Aliud
576 1300 678 1349 tamen
702 1299 750 1350 est
768 1290 897 1349 liberum
919 1290 1071 1349 arbitrium
1089 1292 1122 1349 in·

221 1374 300 1452 duci,
322 1371 404 1432 aliud
427 1385 474 1432 est
488 1373 615 1432 liberum
631 1374 787 1433 arbitrium
809 1375 890 1452 cogi.
913 1373 1035 1449 Fateor,
1056 1372 1122 1432 Chri·

219 1465 284 1516 stus
306 1455 465 1516 benevolis
488 1454 588 1515 verbis
610 1457 735 1516 vocavit
756 1456 934 1534 apostolos,
956 1455 1122 1531 Zacbaeuu,

219 1538 443 1619 Magdalcnam.
488 1538 549 1598 Sed
577 1539 676 1617 ipsum
699 1537 866 1616 aliquando
890 1537 996 1598 durius
1018 1557 1121 1612 vocure,

219 1622 332 1683 lactum
354 1621 440 1680 Pauli
470 1620 559 1680 uobis
581 1623 696 1698 innuit,
731 1620 853 1699 dequo
876 1623 1064 1701 Augustinus
1091 1624 1122 1681 ait

219 1708 270 1769 23.
293 1711 410 1784 quaest.
432 1705 461 1764 4.
483 1722 566 1763 can:
597 1702 682 1778 Quis.
705 1703 760 1762 Gui
783 1702 922 1763 Christus
945 1705 1007 1763 vim
1028 1705 1121 1783 intulit,

220 1806 310 1867 quem
334 1788 457 1866 coegit,
492 1794 523 1846 et
543 1788 575 1845 in
597 1786 814 1868 Evangelio⁸J
844 1785 1065 1847 devocatione
1092 1786 1121 1846 sd

220 1889 349 1931 coenam
372 1869 459 1929 dicit:
482 1869 642 1948 compelle
664 1870 787 1929 intrsre.
810 1869 896 1929 Sicut
917 1868 1051 1949 pluribus
1072 1889 1121 1929 ver·

219 1954 265 2014 bis
293 1954 328 2014 B.
351 1952 519 2031 Gregorius
547 1953 578 2011 in
607 1952 735 2012 homilia
765 1952 971 2031 prosequitur.
1025 1951 1123 2012 Taceat

219 2056 305 2116 ergo,
317 2053 443 2115 quaes0,
464 2033 652 2095 reverendus
661 2035 759 2112 Pater,
783 2034 883 2094 solum
903 2035 1122 2096 benevolentem

219 2118 350 2179 afferens
374 2119 577 2178 vocationem.

300 2203 465 2261 Praeterea
488 2201 588 2260 solum
612 2202 752 2261 timorem
777 2199 903 2260 filialem
932 2201 1122 2261 necessarium

216 2285 378 2347 arbitratur
400 2285 582 2363 poenitenti,
604 2283 643 2342 de
665 2301 726 2360 quo
749 2283 913 2362 plurimum
937 2287 1046 2362 miror,
1067 2303 1122 2343 cum

216 2368 309 2428 bodie
331 2386 380 2428 me
402 2366 560 2426 adversm
578 2367 801 2445 scripturarum
822 2365 1056 2446 intelligentiam
1073 2386 1124 2428 mc-

218 2453 333 2528 nuerit,
365 2449 447 2528 quod
470 2469 503 2509 se
524 2451 623 2528 ipsum
647 2450 746 2528 primo
769 2468 832 2508 non
855 2450 1045 2528 emendavit,
1066 2470 1124 2509 nam

218 2541 250 2594 et
272 2535 305 2594 B.
329 2534 517 2612 Augustinus
539 2535 570 2591 in
594 2532 664 2592 loco
696 2530 789 2592 hodie
810 2532 946 2613 allegato
976 2552 1067 2612 super
1084 2534 1125 2593 lo·

219 2617 324 2677 banne
345 2616 479 2694 loquitur
500 2615 539 2674 de
560 2617 670 2676 timore
693 2616 807 2696 servili,
830 2634 921 2694 quem
943 2617 1026 2676 foras
1049 2617 1127 2677 mittit

218 2702 348 2778 camme,
377 2709 409 2759 et
435 2697 474 2758 de
494 2698 548 2758 illo
571 2697 645 2758 dicit
674 2698 758 2777 loqui
787 2699 981 2778 Sapientem:
1016 2699 1126 2760 Initium

217 2783 387 2862 sapientiae
409 2783 499 2841 timor
521 2781 654 2844 Domini.
699 2781 739 2841 Et
765 2783 809 2842 ita
837 2783 875 2841 de
898 2784 1008 2842 timore
1036 2783 1128 2842 servili

218 2866 370 2927 intellexit
390 2866 497 2945 glossa
519 2884 609 2944 super
632 2864 777 2942 Psal.*):
820 2866 945 2926 Initium
968 2866 1128 2946 sapientiae

217 2961 275 3014 etc.
317 2953 416 3011 llletus
432 2947 541 3008 iudicii
561 2950 653 3008 ianua
674 2956 722 3008 est
742 2949 954 3010 conversionis
976 2948 1016 3009 ad
1031 2950 1128 3026 Deum,

142 3065 143 3069 ¹
218 3044 315 3097 esest
338 3035 444 3115 glossa
456 3031 717 3092 Cassiodori.'8ic
730 3032 836 3112 glossa
857 3051 948 3112 super
969 3033 1044 3093 illud
1057 3033 1128 3113 Apo·

217 3121 288 3180 stoli
319 3118 358 3178 sd
379 3117 487 3177 Roma.
510 3117 544 3178 8:
586 3115 656 3174 Non
690 3118 772 3175 enim
806 3117 970 3195 accepistis
1000 3119 1128 3196 spiritum

218 3203 372 3264 servitutis
400 3202 430 3260 iu
459 3201 583 3275 timore,
617 3198 691 3258 dicit
723 3201 864 3258 timorem
896 3198 1043 3261 servilem
1071 3217 1129 3260 esse

219 3289 334 3350 bouum
356 3292 387 3346 et
408 3285 519 3344 clleo.
561 3283 614 3360 sic
634 3282 745 3342 Paulus
768 3289 896 3343 testatur
916 3283 1003 3342 illum
1026 3284 1128 3345 bonurn

220 3375 249 3434 1.
271 3370 403 3432 Timoth.
427 3374 460 3433 ὗε
484 3369 666 3427 Peccantem
690 3385 794 3427 coram
817 3365 958 3427 omnibus
982 3387 1085 3449 argue,
1103 3373 1129 3425 ut

219 3463 251 3515 et
279 3457 371 3515 ceteri
395 3457 532 3514 timorem
568 3451 712 3512 habeant.
755 3452 802 3511 lta
825 3452 1014 3530 Augustinus
1049 3469 1128 3531 super

220 3538 348 3598 Psalmis
369 3541 420 3612 ait,
444 3543 476 3596 et
496 3534 718 3615 Longobardus
740 3554 808 3596 eum
832 3543 954 3594 enarrat
974 3537 1006 3594 in
1025 3539 1060 3599 3:
1089 3533 1126 3593 li-

221 3641 288 3681 mor
309 3622 427 3681 servilis
440 3627 496 3695 est,
519 3638 587 3679 cum
599 3639 654 3698 per
667 3620 808 3680 timorem
822 3618 986 3699 gehenuae
1002 3623 1126 3682 continet

212 3798 651 3815 w

231 3908 266 3976 *l
287 3908 388 3965 Lucae
412 3911 461 3968 14.
504 3911 556 3976 ”l
576 3905 693 3962 Psalm.
713 3900 780 3953 tm.
