2709 4417
257 342 321 409 428
504 341 549 395 nl.
586 340 691 394 Contio
710 338 745 393 de
761 339 943 393 contusione

259 536 365 591 nostra
388 527 520 587 ecclesia
551 545 641 586 unam
664 527 799 603 speciem
822 524 939 584 nemini
968 518 1169 591 exhibendam,

260 612 315 673 sed
337 620 370 670 ut
392 611 434 678 is,
462 611 512 684 oui
537 619 730 668 sacramento
753 609 795 668 uti
821 608 924 681 volet,
957 611 1015 666 aut
1035 605 1169 681 integmm

260 700 500 765 sacramentum,
525 697 558 751 ut
578 711 597 750 a
620 691 741 752 Christo
764 692 938 750 institutum
961 695 1022 766 est,
1045 687 1171 764 accipiat

260 787 312 837 aut
335 795 458 856 prorsus
481 774 643 834 abstinent.

343 860 450 929 Porro,
472 856 551 916 odeo
575 876 668 936 soepe
691 857 767 915 baec
789 875 808 913 a
829 855 922 915 nobis
937 858 1074 913 tractata
1094 869 1172 910 cansa

261 950 324 1015 est,
360 949 392 1000 ut
423 946 525 1018 putem
558 942 619 1000 iam
647 938 790 999 omnibus
813 937 941 1016 planum
971 954 1060 1010 esse,
1093 952 1172 1010 quare

262 1031 425 1100 utramque
454 1024 587 1100 speciem
617 1025 694 1082 sumi
723 1020 927 1098 postulemus.
972 1016 1067 1092 Quod
1089 1016 1112 1074 si
1131 1017 1170 1092 qni

262 1107 341 1167 adeo
364 1111 435 1165 sunt
463 1104 569 1180 rudes,
605 1111 658 1164 aut
689 1106 781 1164 etiam
809 1123 866 1162 sua
898 1102 1079 1162 infirmitate
1105 1097 1196 1157 adeu-

263 1189 469 1255 delectantur,
502 1194 535 1247 ut
563 1187 735 1266 intelligere
758 1187 836 1246 haec
858 1185 978 1260 nolint,
1019 1183 1090 1242 illos
1111 1199 1171 1239 sane

263 1291 321 1331 nos
343 1289 405 1330 non
428 1289 584 1346 curamus,
615 1278 646 1329 et
665 1269 761 1329 multo
784 1269 879 1328 satius
909 1286 1038 1346 quoque
1061 1271 1119 1334 est,
1145 1273 1171 1321 ut

262 1353 307 1413 illi
336 1360 529 1412 sacramento
567 1372 692 1432 prorsus
720 1351 903 1412 abstineant.
954 1349 1072 1408 Malum
1104 1348 1170 1404 enim

263 1442 476 1516 argumentum
500 1443 561 1508 eet,
594 1441 640 1495 tot
660 1436 748 1498 annis
771 1433 876 1494 audire
898 1432 1028 1492 verbum
1051 1430 1120 1495 Dei,
1148 1433 1172 1487 et

263 1525 365 1579 tamen
388 1523 537 1597 perpetuo
559 1517 710 1577 infirmum
737 1535 876 1591 manere,
901 1523 934 1574 et
955 1514 1080 1584 dicere,
1102 1511 1170 1587 quod

264 1619 325 1660 non
355 1601 454 1678 possit
479 1599 531 1660 illa
552 1602 685 1679 assequi.
729 1600 836 1677 Neque
858 1600 941 1658 enim
964 1593 1115 1678 possibile
1134 1600 1171 1652 est

264 1701 325 1742 non
349 1682 511 1742 illuminari
541 1684 675 1760 animos,
714 1683 738 1741 si
761 1681 873 1741 diutius
907 1681 1038 1740 verbum
1068 1675 1171 1752 audias,

263 1767 321 1824 nisi
344 1765 470 1824 omnino
495 1772 681 1825 excaecatae
704 1766 765 1824 sint
777 1770 894 1823 mentes
911 1783 931 1823 a
945 1763 1071 1823 Satana.
1107 1758 1170 1818 (lum

264 1847 354 1927 igitur
376 1846 522 1925 perdures
554 1850 585 1907 in
608 1848 758 1908 caecitate
779 1852 849 1922 tua,
884 1845 984 1905 multo
1016 1841 1171 1904 consultius

262 1946 385 2008 quoque
414 1929 529 1988 iaciunt
558 1931 684 1990 ministri
719 1929 887 2004 ecclesiae,
921 1929 946 1987 si
978 1926 1032 1986 tibi
1060 1942 1170 2004 prorsus

262 2030 324 2072 non
347 2011 513 2071 exhibeant
526 2019 759 2073 sacromentum.
793 2010 825 2071 Si
844 2012 924 2071 enim
939 2009 1077 2084 verbum,
1099 2005 1169 2084 quod
1213 2016 1214 2062 ς

262 2094 473 2173 planissimum
489 2114 526 2154 ac
547 2096 769 2174 apertissimum
792 2099 848 2169 est,
870 2111 982 2172 capere
1006 2110 1068 2151 non
1082 2095 1169 2168 potes,

263 2184 456 2237 sacramenta
496 2196 618 2255 quoque
661 2196 723 2237 non
763 2177 887 2254 capias,
931 2175 1050 2253 absque
1087 2170 1169 2230 verbo

263 2261 343 2320 enim
367 2268 485 2333 essent,
510 2266 540 2319 et
563 2260 646 2319 nulla
667 2277 789 2338 quoque
808 2265 912 2318 essent
930 2261 1129 2316 sacramenta.

346 2341 432 2401 Adeo
455 2348 557 2401 antem
588 2343 738 2419 persuasit
756 2341 835 2401 haee
857 2346 964 2401 nostra
993 2339 1033 2398 de
1055 2345 1169 2414 utraque

262 2426 366 2503 specie
388 2425 540 2483 sententia
562 2424 683 2500 orbem,
721 2432 752 2482 ut
780 2425 872 2482 etiam
895 2422 1064 2483 adversarii
1086 2419 1169 2478 nostri

262 2525 330 2566 eam
354 2507 465 2565 norint.
509 2506 588 2581 Quia
609 2514 711 2566 autem
739 2506 782 2565 illi
813 2525 875 2565 non
898 2504 1029 2578 infirmi,
1063 2501 1114 2560 sed
1134 2501 1169 2560 in·

263 2588 361 2648 durati
384 2595 467 2665 sunt,
502 2607 539 2648 ac
567 2597 702 2649 nostram
729 2588 918 2663 doctrinam,
951 2606 1044 2666 quam
1072 2590 1170 2644 norunt

263 2690 415 2731 sacrarum
438 2671 593 2731 literarum
617 2673 799 2732 testimoniis
822 2672 894 2747 niti,
920 2675 1102 2749 oppugnant
1125 2666 1170 2737 (si-

264 2753 385 2832 qnidem
408 2755 437 2813 vi
460 2762 607 2833 pergunt,
642 2774 679 2814 ae
700 2773 756 2813 sua
790 2754 954 2813 autoritate
985 2770 1045 2811 nos
1074 2766 1171 2828 urgere

263 2835 401 2917 volunt),
414 2856 474 2895 nnn
499 2837 643 2897 cedemus
665 2839 719 2915 eis,
741 2855 842 2914 neque
863 2855 969 2895 eorum
981 2833 1171 2913 pertinaciam

264 2936 320 2978 eeu
352 2917 539 2979 infirmorum
578 2939 711 2980 errorem
748 2918 963 2994 tolerabimus,
1004 2915 1171 2996 praesertim

265 3018 332 3059 cum
355 3020 417 3060 non
442 3003 562 3080 possint
584 3008 720 3062 nostram
743 3002 925 3062 sententiam
949 3000 1097 3073 refutare,
1129 3015 1172 3055 ne-

264 3101 323 3161 que
345 3083 407 3142 ulla
428 3083 489 3143 alia
511 3104 557 3160 re,
592 3103 681 3163 qnam
715 3085 879 3144 autoritate
900 3084 1063 3143 Romanae
1086 3078 1172 3140 eccle-

264 3166 328 3225 siee
349 3167 410 3224 sint
432 3166 562 3227 subnixi.
605 3167 645 3227 m
666 3167 738 3246 quia
764 3186 797 3226 se
826 3173 888 3226 tam
911 3166 1108 3244 pertinaciter
1129 3181 1172 3239 op·

263 3253 396 3326 ponunt,
429 3247 500 3309 ideo
530 3250 643 3310 nostris
675 3256 834 3328 utramque
864 3249 999 3328 speciem
1030 3244 1174 3307 exhibebi-
1206 3261 1210 3267 ·

262 3349 346 3406 mus,
384 3331 448 3389 sive
478 3330 671 3392 offendantur
702 3351 739 3392 ea
759 3351 806 3408 re,
844 3333 908 3391 sive
936 3349 1009 3391 non.
1052 3329 1093 3388 Et
1112 3328 1173 3406 qnia

263 3411 291 3470 vi
313 3431 350 3471 nc
371 3414 540 3490 pertinacia
563 3435 595 3474 se
618 3421 795 3494 opponunt,
819 3414 893 3473 nibil
915 3415 1045 3472 omnino
1069 3418 1116 3470 est
1136 3411 1174 3468 eis

262 3494 505 3555 concedendum.

344 3576 420 3637 illud
452 3586 553 3638 autem
588 3580 658 3638 mihi
688 3581 821 3639 maxime
853 3577 970 3657 placet,
1007 3575 1090 3654 quod
1124 3576 1176 3634 boc

262 3667 485 3721 sacramentum
510 3683 571 3722 non
595 3664 632 3722 sit
655 3663 721 3721 sine
742 3661 967 3742 persecutione.
1000 3658 1077 3718 ideo
1102 3659 1176 3717 enim

262 3740 401 3805 Christus
423 3743 455 3805 id
477 3743 626 3822 insumit„
650 3752 689 3803 ut
709 3751 796 3802 esset
813 3761 874 3799 eeu
889 3749 1011 3798 tessera
1026 3740 1083 3798 nel
1098 3747 1183 3809 nota„

253 3847 317 3912 qua
353 3828 614 3894 discernerentur
640 3823 816 3887 Qbriut'uau'r
841 3819 885 3876 aiu
910 3819 995 3873 abitu.
1014 3816 1108 3868 Risu
1125 3816 1205 3868 aum
