2709 4417
219 344 282 413 m
434 348 590 417 Disputatio
609 348 718 417 Lipsiae
734 348 828 404 namt·
844 364 871 404 a.
890 347 952 401 nx

189 556 195 567 “
220 522 285 596 rum
308 537 338 595 iu
360 534 510 596 Sermone
530 533 689 596 reeitando
712 535 880 597 seeundum
900 534 983 596 tiam
1006 550 1142 599 sommo.

220 638 291 680 nem
313 638 376 678 non
398 619 541 697 memini,
571 637 630 678 neo
650 619 729 678 ullus
751 619 1021 699 pmedioatorum5
1054 622 1122 700 quod

220 703 430 780 meminerim,
453 702 595 780 negavitr
623 707 655 760 et
677 702 758 762 hune
780 716 904 782 qunque
925 704 1081 781 timorem,
1097 705 1123 764 iu
1167 760 1173 767 .

189 787 191 793 '
219 792 366 865 quantum
399 782 535 864 disponit
555 784 595 843 ad
618 802 721 844 veram
755 787 980 864 ‘poenitentium
1013 786 1123 864 ptseve

220 869 277 929 niri
298 869 498 947 inspiratione
520 867 632 929 divina.
661 867 740 927 Nam
761 867 967 929 indubitatum
989 879 1037 928 est
1055 871 1124 949 apud

191 1016 196 1029 ¹
220 951 426 1013 Christianum
448 957 555 1011 oontrs
576 950 692 1031 Pelagii
713 951 892 1030 perfidiam,
928 951 1012 1030 qnod
1033 950 1124 1013 salutis

218 1041 343 1094 nostrae
364 1034 483 1094 initium
494 1034 561 1093 Deo
584 1034 752 1112 inspirante
767 1034 928 1097 habemus.
951 1033 1054 1109 Quare
1073 1054 1124 1096 non

217 1117 273 1177 luit
293 1117 521 1194 neeessarium,
553 1116 615 1176 hoe
635 1115 761 1194 afferre,
794 1118 843 1178 vel
867 1117 908 1178 oh
925 1117 993 1178 hoe
1014 1117 1123 1178 modum

219 1199 416 1280 praedicandi
437 1199 671 1280 reprehendere.

301 1283 335 1343 In
357 1303 419 1343 uno
441 1290 544 1343 tamen
555 1282 676 1343 videtur
698 1283 1042 1363 mihlaequivooatione
1061 1284 1121 1362 fulti,

220 1366 302 1445 quod
323 1367 403 1426 hane
424 1370 573 1446 gratiam,
601 1384 662 1445 qua
683 1364 766 1426 Deus
788 1368 949 1446 praevenit
970 1365 1063 1427 eorda
1080 1367 1123 1427 ho

220 1436 335 1521 minuhr
357 1448 521 1528 menende,
544 1449 640 1509 eredit
650 1468 720 1509 esee
731 1451 899 1527 uanitatem·
922 1461 993 1510 uum
1007 1450 1123 1510 sitelldd

219 1533 381 1612 gratuitum
404 1533 463 1592 Dei
491 1550 606 1592 munus.
639 1531 680 1592 Et
700 1546 756 1612 per
787 1533 849 1594 hoo
876 1533 1015 1597 resoluta
1036 1535 1079 1592 e'st
1097 1534 1122 1593 B.

220 1616 382 1696 Augustini
404 1614 443 1675 de
465 1617 537 1695 spir.
560 1621 592 1675 et
612 1616 656 1675 lit.
678 1618 850 1694 sententia,
886 1623 996 1676 eontra
1027 1617 1121 1695 impro-

220 1697 276 1760 bos
299 1699 491 1778 Pelagianos.
800 1728 802 1733 ·

300 1782 438 1841 Alterum
460 1779 543 1860 quod
559 1779 642 1858 dicit,
663 1781 806 1841 timorem
818 1796 887 1840 esse
904 1781 1121 1859 infructuosum,

217 1864 275 1923 nisi
296 1863 464 1924 aeeedente
488 1865 624 1941 caritate,
644 1865 713 1943 quis
734 1865 795 1926 hoe
818 1877 954 1942 unquam
977 1864 1027 1924 sel
1048 1863 1125 1925 echo

216 1945 393 2008 leuticorum
428 1947 476 2007 vel
498 1943 746 2007 Pmedieatorum
777 1947 922 2027 negavit,
956 1947 1008 2026 qui
1031 1958 1137 2007 omnes,

218 2031 353 2109 apostoli
374 2030 459 2089 Pauli
488 2028 528 2088 ad
558 2029 694 2090 Corinth.
731 2029 770 2090 de
809 2032 938 2090 esritate'
972 2036 1126 2109 sequuntur

220 2113 427 2174 sententiam?

301 2195 416 2274 Porro,
449 2195 533 2274 quod
558 2194 790 2256 laudabiliorem
821 2194 888 2254 dixi=
906 2195 1126 2274 poenitentiam

219 2298 298 2360 quae
319 2280 356 2340 ab
379 2297 485 2340 amore
505 2277 648 2357 ineip'iat,
670 2280 836 2358 assumpsit
851 2277 1041 2338 nosdebere'
1055 2277 1128 2337 illan

218 2363 335 2442 fucere,
356 2364 443 2423 iuxta
461 2361 538 2421 illud
560 2359 774 2444 iohannis*):
802 2362 906 2422 Facite
928 2360 1039 2442 dignos
1060 2361 1128 2421 hue·

218 2452 269 2506 tus
288 2446 506 2525 poenitentiae.
528 2444 609 2504 Nam
628 2445 654 2504 si
676 2444 844 2504 seeundum
865 2445 1063 2523 fragilitatem·
1082 2462 1128 2503 uo·-

220 2535 313 2589 stram
335 2526 601 2608 essetugendum,
623 2539 781 2606 nunqnam¹
800 2527 1040 2607 poenitebimus.¹
1060 2527 1131 2586 Diuo·

220 2630 277 2672 nos
299 2631 422 2691 quoque
443 2630 537 2690 posse
568 2611 669 2671 faeere
697 2611 807 2692 dignos
840 2611 955 2670 fruetus
977 2610 1129 2690 poeniten-

219 2696 290 2771 tiae,
313 2695 431 2755 etiamsi
454 2714 473 2753 a
494 2695 604 2754 hmore
624 2695 843 2775 ineeperimus‚
866 2692 958 2754 etad
980 2695 1130 2754 caritatem

221 2779 445 2860 perveniamus.
759 2802 761 2813 ·

302 2861 341 2921 Et
361 2862 463 2938 miror,
486 2859 568 2938 quod
591 2861 626 2922 D.
645 2860 735 2920 Pater
756 2859 821 2920 vult
841 2878 899 2919 nos
920 2860 1026 2919 faeere
1047 2877 1131 2939 ange·

219 2945 287 3025 los,
317 2948 348 3006 et
369 2944 542 3024 fragilitatis
564 2948 688 3002 nostrae
709 2942 838 3018 oblitos,
865 2954 938 3001 oum-
963 2943 998 3003 Β.
1022 2940 1130 3022 erogo-

219 3030 281 3089 rins
303 3028 354 3088 lib.
377 3030 403 3090 2.
427 3040 520 3105 super
540 3025 734 3086 Ezechielem
755 3037 902 3104 expresse
923 3023 1132 3100 declaraverit,

155 3170 160 3181 ,
219 3111 400 3191 prophetam
436 3107 634 3169 descendisse
670 3109 709 3168 de
737 3109 888 3188 sapientis
914 3108 954 3169 ad
986 3110 1132 3182 timorem,

220 3193 273 3255 sed
302 3213 359 3254 nos
388 3192 515 3253 eosdem
547 3192 658 3273 gradm
694 3190 891 3252 ascendendo
919 3211 939 3251 a
960 3191 1073 3252 timore
1098 3188 1132 3250 ad

220 3279 377 3337 sanitatem
399 3276 617 3355 pervenimus,
652 3277 737 3337 sieut
768 3275 865 3335 multa·
889 3276 950 3336 alia
980 3273 1137 3356 fragilitati·

220 3366 345 3420 nostrae
367 3359 592 3420 condonentur.

302 3445 435 3503 Mentem
458 3460 544 3501 suem
566 3441 773 3501 deelmatums
795 3441 950 3520 ostendit,
978 3439 1131 3520 quomodo

220 3525 350 3587 dileetio
366 3526 443 3607 legis
465 3524 649 3603 praeoedere
670 3524 782 3585 debeat
802 3525 1040 3605 poenitentium:
1069 3525 1131 3604 quia

220 3629 276 3690 per
310 3610 409 3690 legem
436 3607 607 3669 abundavit·
625 3606 785 3685 defletum,
816 3616 849 3668 et
879 3607 918 3667 ad
939 3605 1009 3668 Gal.
1030 3613 1059 3672 5.
1080 3612 1130 3666 ete:

229 3891 262 3959 'J
284 3893 392 3950 Motth.
413 3893 443 3951 3.

1166 572 1170 605 l

1163 606 1173 743 l,
