2709 4417
216 343 281 410 248
448 339 541 394 Resol.
561 324 588 392 l..
609 353 695 406 snper
713 317 911 404 Proposition.¹

219 540 293 594 nata
313 530 353 592 ab
376 528 520 602 eeclesia,
540 525 625 586 velut
644 524 712 585 illa:
734 522 1042 602 Deasiaoitmalum,
1059 522 1120 586 bens

219 635 283 676 non
304 615 379 675 saoit
401 611 540 671 malum?
561 594 747 687 Quanquam
770 626 832 686 ego
849 607 969 683 neseio,
990 625 1029 666 an
1046 607 1121 668 eonio
1160 608 1171 631 '²

221 700 268 758 sia
289 697 396 768 inerit
420 692 591 774 quaehaeo
612 691 781 752 damnavit.
824 690 906 751 Nam
924 689 1054 750 eeclesia
1077 709 1122 751 non
1167 704 1171 717 ·

221 778 318 840 babet
346 783 532 857 potestatem
555 773 724 834 damnandi
754 792 937 853 expressam
966 773 1123 834 sententian

221 881 329 923 saorae
351 860 545 939 scripturae,
576 858 669 917 etiam
693 856 732 916 ad
754 855 914 916 verbnm
905 875 938 915 m
961 859 1045 915 textu
1063 857 1124 934 posi

221 953 295 1021 tam,
316 964 388 1004 nam
410 943 482 1004 illa:
504 941 588 1002 Deus
609 940 684 1000 faoit
705 929 831 1014 mal'um,
855 956 1006 1018 expresse
1025 939 1126 1017 ponitur
1163 949 1170 985 ·'

221 1027 294 1088 aaa
315 1029 364 1090 46
388 1029 419 1086 et
429 1025 571 1086 Amos3
592 1028 624 1082 et
646 1022 750 1083 multis
771 1022 839 1082 aliis
861 1021 961 1099 loois3
987 1039 1045 1080 neo
1063 1021 1126 1098 quid·
1167 1033 1170 1066 ἓ

222 1128 314 1189 quam
335 1109 420 1183 iaeit,
443 1106 526 1186 quod
552 1106 678 1183 dieitur,
701 1111 829 1185 propter
848 1104 1070 1164 haeretieorum
1088 1103 1126 1162 inl

227 1212 294 1252 sam
316 1191 550 1269 intelligentiam
580 1207 649 1248 esse
671 1188 827 1248 damnata.
870 1188 941 1248 Non
977 1193 1047 1245 sunt
1064 1185 1128 1248 darn

177 1306 183 1317 ι
225 1273 367 1345 nanda¹l
393 1272 568 1351 Scripturas
594 1269 691 1331 verba
718 1277 846 1350 propter
866 1271 1073 1347 cuiuscunque
1089 1269 1128 1328 lal
1167 1316 1170 1321 .

224 1376 291 1416 sam
315 1355 560 1434 intelligentiam.
603 1354 730 1432 Alioqui
751 1352 962 1413 damnandum
985 1353 1041 1411 erit
1059 1371 1129 1430 prop

223 1447 270 1499 ter
291 1439 424 1499 Arianos
446 1445 478 1497 et
499 1436 590 1497 illud:
613 1437 703 1496 Pater
724 1437 823 1496 maior
844 1455 895 1496 me
917 1442 978 1495 est:
1002 1435 1061 1494 imo
1080 1440 1127 1494 tota

158 1584 161 1589 ,
223 1521 381 1600 Scriptura
402 1519 578 1579 damnande
600 1521 666 1593 ιιιι
685 1525 717 1578 ιι
738 1518 826 1596 sola,
849 1537 920 1578 oum
943 1537 963 1576 e
986 1517 1068 1576 nulla
1084 1517 1128 1576 ιΙιι

224 1604 370 1664 haereses
393 1610 483 1663 ortae
505 1603 576 1662 sint
619 1565 839 1676 Qiiidautem
831 1602 972 1660 insanius
994 1601 1053 1659 isto
1062 1619 1129 1678 prae
1163 1630 1170 1679 ς

226 1687 304 1745 sumi
327 1685 453 1765 potest?
474 1684 565 1745 Absit
585 1686 685 1761 enim,
712 1691 747 1743 ut
767 1685 835 1763 pius
857 1690 890 1744 et
912 1683 1045 1761 simplex
1066 1682 1129 1742 Chri-

224 1770 341 1828 stianns
359 1767 566 1846 quidquam
557 1787 590 1827 ιιι
625 1769 721 1826 saeris
750 1766 845 1826 literis
878 1775 965 1826 reete
997 1764 1129 1840 didioen‘t

225 1850 318 1930 qnod,
329 1850 403 1910 ubi
394 1870 424 1908 in
437 1849 587 1928 quosdam
604 1851 803 1928 inquisitores
820 1849 995 1944 impegerit,
1019 1866 1127 1926 quorun

226 1932 322 2013 pedes
343 1933 468 1993 velooes
488 1932 527 1991 ad
550 1930 770 1992 effundendum
792 1933 987 2011 sanguinem,
1011 1937 1128 2009 (rogatur,

225 2023 352 2095 propter
385 2014 515 2075 aliorum
550 2015 657 2074 falsam
691 2014 927 2093 intelligentiam
962 2014 1128 2088 damnatam,

225 2099 292 2177 ipse
314 2116 438 2175 quoqne
460 2097 616 2156 damnare.
658 2096 739 2156 Nam
772 2096 830 2155 hae
859 2098 983 2156 ratione
1004 2097 1080 2155 viam
1099 2095 1127 2154 ia·

226 2182 342 2240 oiemus
363 2178 460 2239 semel
481 2181 654 2238 universam
688 2181 783 2239 saeris
820 2179 916 2239 literis
952 2180 1127 2239 autoritatem

226 2261 436 2337 convellendi,
460 2269 491 2321 et
511 2269 637 2341 surgent
659 2263 797 2321 omniurn
820 2261 1069 2339 blasphemorum
1089 2261 1127 2318 in-

225 2345 338 2425 piisimi
360 2342 403 2405 ilii
425 2344 700 2424 blasphematores,
723 2347 775 2424 qui
798 2343 904 2404 dieunt
919 2344 1051 2411 Biblia²l
1075 2362 1128 2402 esse

225 2427 335 2487 librum
346 2426 581 2507 haeretieorum,
603 2425 797 2489 Christianos
810 2433 956 2506 oportere
973 2426 1041 2486 aliis
1054 2426 1130 2530 libriq

226 2510 344 2569 seilioet
365 2509 546 2586 Dootorum,
568 2529 638 2569 sese
660 2510 747 2570 tueri.

310 2592 355 2651 lta
375 2593 500 2651 invenio
538 2598 569 2650 et
601 2593 632 2651 in
654 2591 883 2651 constantiensi
918 2591 1052 2651 oonsilio
1082 2590 1128 2649 duo

225 2675 387 2733 contraria.
430 2674 561 2733 Primum
578 2674 814 2734 determinatum
826 2672 890 2734 illio
902 2682 960 2750 est,
984 2672 1128 2734 eonsilium

225 2774 295 2815 esse
326 2776 417 2834 snpra
444 2776 571 2835 papam,
608 2756 690 2836 quod
724 2776 783 2835 ego
813 2758 1007 2817 verissimum
1033 2754 1128 2814 iudico

224 2839 303 2899 Nam
325 2839 411 2900 etB.
433 2838 639 2935 Hieronymus
670 2839 710 2899 ad
730 2839 897 2918 Evagrium
920 2839 1009 2898 dicit:
1042 2838 1071 2898 Si
1091 2857 1129 2896 au-

227 2923 332 2981 toritas
354 2923 522 3000 quaeritur,
560 2924 658 2982 maior
690 2928 739 2981 est
760 2921 843 2981 orbis
881 2922 965 2981 urbe.
1009 2923 1055 2981 lta
1079 2927 1131 2979 tota

227 3005 360 3064 eeclesia
380 3005 479 3062 maior
501 3011 549 3062 est
570 3024 632 3063 una
652 3003 795 3064 Romana
816 3003 965 3064 ecelesia:
991 3010 1080 3083 atque
1098 3004 1131 3061 ita

225 3087 366 3146 Romana
387 3086 520 3145 ecelesia
542 3105 604 3146 non
635 3093 796 3166 estsuper
822 3087 1027 3146 universalem
1050 3092 1130 3146 totam

226 3171 405 3246 eeclesiam,
427 3168 482 3227 sed
504 3177 630 3241 eontra,
653 3176 719 3229 tota
741 3168 874 3229 eoelesia
899 3176 948 3241 (et
971 3168 1131 3238 eonsilium,

225 3252 308 3328 qnod
329 3251 413 3310 illam
426 3250 654 3331 repraesentat)
669 3271 763 3330 super
775 3252 946 3312 Romanam
970 3251 1129 3324 eoolesiam,

226 3336 304 3394 siout
331 3353 422 3412 super
453 3334 621 3411 quamlibet
650 3335 744 3393 aliam
772 3335 1010 3413 particularem,
1048 3340 1129 3393 toton

227 3436 349 3496 quoque
372 3416 469 3475 maius
492 3428 539 3475 est
561 3436 618 3475 sua
639 3424 736 3495 parte,
758 3435 826 3476 sum
848 3416 993 3477 Romana
1013 3415 1131 3477 eeclesia

227 3519 298 3578 pars
321 3501 360 3558 sit
383 3498 475 3557 totius
498 3498 650 3558 eoolesiae
671 3500 862 3560 universalis.

309 3580 447 3656 Quodsi
471 3581 549 3641 haee
581 3600 655 3641 vera
676 3589 764 3660 sunt,
797 3594 942 3662 apparet,
981 3581 1129 3642 oonoiliun

192 3800 197 3808 ·
253 3829 280 3892 Ι)
306 3827 338 3883 in
358 3825 426 3883 edd.
447 3827 541 3900 orig:
562 3817 760 3876 damnandae·
793 3815 832 3877 ‘ll
850 3809 1095 3863 inruentium.
1163 3831 1165 3834 -

420 4025 471 4108 ⁴:
