2709 4417
262 348 326 418 398
510 349 530 404 Ι.
550 348 655 405 Ooncio
674 349 707 402 Ι).
727 349 805 401 llcrt.
825 347 906 400 Luth.

263 537 355 596 etiarn
379 551 460 594 nunc
480 554 540 595 una
563 553 632 595 curn
655 534 780 594 homine
790 540 863 593 sunt
877 539 1018 612 peccata,
1033 539 1071 591 *et
1090 549 1165 591 resur-

264 619 344 678 rexit
358 617 462 677 honro.
486 618 761 696 Verumquantum
784 615 822 676 ad
846 634 926 695 opus
949 617 1067 692 attinet,
1088 633 1167 675 sarrr-

265 701 359 761 menti
382 698 509 760 effectus
532 700 667 762 nondum
689 700 826 779 perfecte
848 705 898 759 est
918 697 1097 773 absolutus,
1123 698 1169 758 hoc

265 789 328 860 est,
363 800 444 842 mors
467 791 498 843 et
519 784 701 843 resurrectio
724 783 754 841 in
778 783 951 842 novissimo
983 780 1034 841 die
1054 779 1169 841 nondun

265 874 336 925 sunt
357 865 447 942 facta,
470 865 524 926 sed
546 864 630 925 fient.
1040 934 1041 937 Ἴ

349 946 489 1026 Octavo,
520 949 612 1009 homo
633 949 726 1028 igitur
746 947 1015 1007 sacramentaliter
1036 945 1074 1006 ab
1095 949 1171 1006 ornni·

266 1030 322 1090 bus
345 1031 480 1109 peccatis
503 1030 632 1091 mundus
655 1037 686 1091 et
707 1031 856 1091 innocens
878 1036 935 1106 est,
960 1029 1022 1089 hoc
1043 1038 1104 1105 est,
1126 1031 1171 1109 sig·

267 1132 338 1173 num
366 1112 502 1173 divinum
526 1113 632 1189 habet,
664 1113 744 1193 quod
775 1111 947 1194 significat,
978 1111 1061 1190 qnod
1088 1115 1173 1172 omnis

266 1197 361 1274 ipsius
384 1204 512 1274 peccata
528 1205 648 1256 mortua
669 1215 738 1256 esse
760 1195 903 1272 debeant,
925 1204 958 1254 et
978 1197 1048 1275 ipsa
1069 1213 1174 1274 quoque
1218 1224 1219 1251 r

267 1276 397 1338 feliciter
427 1280 502 1337 mori
532 1286 562 1338 et
585 1277 708 1338 tandem
731 1279 762 1338 in
793 1279 966 1339 novissimo
989 1277 1041 1337 die
1063 1276 1174 1336 mundus

268 1359 306 1420 ab
329 1360 470 1421 omnibus
497 1363 630 1441 peccatis
660 1381 819 1440 resurgere
846 1360 885 1420 ad
912 1365 1073 1420 aeternam
1098 1361 1175 1419 vitsn

267 1441 387 1506 debeat.
401 1442 554 1518 Quantum
577 1446 669 1524 igitur
690 1443 729 1504 ad
750 1452 977 1504 sacramentum
1002 1445 1119 1514 attinet,
1138 1463 1176 1502 ve

267 1544 333 1584 rum
356 1533 412 1600 est,
435 1526 517 1604 quod
541 1528 861 1606 simussinepeccato.
883 1526 1010 1604 Vernm‚
1034 1545 1101 1585 cum
1116 1545 1176 1584 non-

268 1606 339 1667 dum
367 1609 519 1688 perfectus
548 1611 587 1669 sit
608 1610 793 1689 baptismus,
823 1614 855 1670 et
881 1628 940 1669 nos
963 1609 1067 1669 adbuc
1087 1610 1115 1667 in
1136 1608 1178 1666 ills

268 1709 360 1750 carne
382 1692 621 1771 plenapeccotis
639 1695 744 1772 simus,
766 1701 879 1772 coepta
900 1698 1020 1751 tanturn
1043 1690 1177 1750 illaClui·

267 1774 367 1833 stiona
388 1776 565 1835 innocentia
588 1784 643 1853 est,
667 1794 729 1834 non
755 1777 846 1835 etiam
871 1775 1025 1834 absoluta.

350 1856 514 1936 Postquam
537 1858 629 1938 igitur
651 1857 822 1918 adoleverit
841 1858 955 1933 homo,
978 1866 1043 1917 tum
1066 1875 1100 1915 sc
1120 1875 1177 1935 pec

268 1940 365 1999 cetrix
387 1946 495 2000 natura
518 1943 645 2018 exserit,
671 1949 735 2000 tum
758 1960 792 2001 sc
814 1939 916 2020 prodit
939 1941 1177 2018 concupiscentis

267 2022 299 2082 (et
320 2020 447 2082 affectus
460 2025 532 2102 irae,
554 2023 626 2100 odii,
649 2023 794 2100 libidinis,
817 2023 941 2101 amoris,
964 2024 1121 2096 avaritiae,
1140 2041 1178 2080 su·

267 2105 408 2185 perbiae‚
431 2108 508 2166 etsi
531 2108 580 2184 qui
602 2113 673 2166 sunt
695 2107 821 2183 similos,
845 2124 975 2184 quorum
1001 2104 1103 2165 nullus
1123 2120 1178 2164 sen·

267 2189 390 2266 tiretur,
414 2190 488 2248 siin
513 2195 705 2248 sacramento
730 2189 870 2249 demersa
892 2196 923 2248 et
944 2195 1069 2249 mortua
1091 2189 1178 2247 omnia

267 2279 395 2350 peccato
417 2279 529 2332 essent.
557 2271 671 2331 Verum
694 2270 847 2351 baptismo
869 2279 1070 2350 pennatorum
1093 2271 1177 2330 morti·

267 2352 369 2414 ficatio
393 2363 508 2414 tanturn
532 2354 706 2434 significata
726 2362 787 2431 est,
821 2353 958 2414 nondum
982 2355 1105 2434 penitus
1125 2371 1177 2431 pcr-

267 2436 365 2514 sectn,
400 2436 554 2515 perficitur
585 2445 686 2497 autern
715 2457 770 2516 per
793 2444 921 2496 mortem
944 2444 977 2497 et
998 2437 1176 2496 resurrectio-

268 2538 337 2580 nem
361 2521 391 2578 in
415 2521 582 2580 novissimo
604 2519 661 2579 die.
692 2520 744 2580 Sic
765 2520 794 2582 S.
818 2519 929 2579 Paulus
953 2521 1044 2579 Rom.
1065 2519 1095 2584 7.
1114 2519 1175 2578 lton

267 2602 375 2680 reliqui
398 2600 500 2662 Sancti
523 2622 630 2663 omnes
662 2622 730 2662 curn
765 2622 802 2663 eo
825 2608 1008 2682 queruntur,
1030 2622 1065 2662 se
1087 2619 1176 2681 pocus·

268 2691 350 2745 tores
373 2704 451 2754 esse,
474 2693 505 2744 ct
526 2687 555 2744 vi
577 2686 707 2746 naturali
729 2685 768 2744 ad
785 2685 976 2764 peccandum
990 2687 1067 2764 rapi,
1089 2702 1175 2762 quarn·

268 2769 314 2826 vis
337 2767 480 2848 baptizati
504 2774 534 2827 et
556 2770 653 2828 sancti
676 2776 790 2828 essent.
813 2767 922 2841 Quoad
946 2769 1029 2828 enim
1054 2769 1175 2841 vivimus,

268 2850 426 2928 sentimus,
449 2851 531 2930 quod
549 2859 661 2911 ustura
685 2852 817 2911 feramur
838 2850 877 2910 ad
899 2849 1103 2930 peccandum.

352 2932 461 3010 Nono,
490 2953 617 3012 quaeras
647 2935 752 3014 igitur,
783 2932 854 3012 quid
884 2935 985 3013 prosit
1012 2932 1176 3012 baptismus,

269 3034 337 3075 cunr
360 3035 422 3077 non
447 3022 543 3076 toturn
564 3026 725 3096 peccatum
748 3017 852 3089 tollat,
886 3023 917 3076 et
938 3015 1066 3076 abluat?
1107 3014 1177 3073 Haeo

268 3101 407 3178 quaestio
434 3101 631 3160 occasionem
654 3098 748 3179 dabit,
771 3106 804 3158 ut
824 3099 1046 3178 intelligamus,
1069 3095 1177 3176 etquid

267 3182 307 3242 sit
328 3181 507 3261 baptismus,
530 3183 648 3261 etquis
671 3184 736 3243 eius
758 3200 849 3242 verus
871 3201 950 3242 usus
990 3181 1027 3242 In
1050 3179 1178 3260 baptismi

268 3267 349 3325 enim
371 3274 564 3326 sacramento
588 3267 669 3326 Deus
693 3273 792 3326 tecum
815 3264 923 3325 foedus
952 3266 1069 3344 iungit,
1106 3271 1179 3322 etse

269 3347 323 3408 tibi
358 3349 504 3408 conciliat
530 3349 653 3428 foedere
681 3356 712 3409 et
738 3349 855 3428 gratiae
898 3356 930 3408 et
967 3346 1179 3409 consolationis

269 3431 372 3510 pleno.

350 3515 462 3591 Primo,
486 3515 568 3593 qnod
591 3514 774 3595 baptismum
797 3523 829 3574 et
851 3514 911 3574 hoc
933 3514 1017 3592 quod
1040 3511 1182 3593 significat

269 3600 387 3677 expetis
411 3603 441 3657 et
466 3606 612 3676 exoptas,
643 3597 800 3676 videlicet,
829 3607 861 3656 ut
881 3617 943 3657 una
965 3615 1034 3656 curn
1058 3594 1181 3676 pcccatis

267 3681 486 3741 intermoriaris
510 3687 540 3740 et
562 3683 592 3740 in
607 3682 777 3740 novissimo
793 3680 843 3740 die
853 3678 1014 3758 refingaris
1041 3679 1090 3760 (id
1112 3677 1181 3737 sniur

264 3764 440 3850 baptismus
464 3765 655 3848 signibccti„
669 3763 738 3822 boc
753 3764 791 3820 in
807 3769 843 3819 ts
859 3760 975 3836 probat
984 3762 1096 3829 bena
1108 3769 1141 3814 ss
1155 3759 1189 3812 s'x-

258 3853 309 3919 nit
332 3860 365 3918 te
390 3851 577 3940 baptisari,
599 3848 778 3923 statimque
797 3860 820 3899 a
833 3839 999 3914 baptismo
1018 3843 1057 3890 to
1073 3833 1218 3903 *bituiti*
