2709 4417
410 367 480 421 xnl.
499 365 533 419 de
552 370 688 435 potestate
706 363 807 432 Papus.
1007 356 1072 425 347

232 547 338 609 Etiam
353 549 403 610 hio
415 551 560 612 unitatem
575 549 735 626 ecelesiae,
758 547 849 608 iidem
872 554 903 607 et
925 545 1072 607 obedien-

192 650 222 690 m
236 631 402 694 Romanae
421 635 573 694 eeclesiae
593 632 747 711 iutelligit,
770 650 831 691 non
848 629 950 704 iidem,
974 648 1072 709 spem,

191 715 332 791 ritatem,
370 719 578 795 sacramenta,
608 715 751 790 verbum,
785 720 816 773 e't
843 719 959 788 uetera,
993 731 1073 790 quae

191 796 260 857 dem
285 803 366 873 sunt,
388 798 442 858 sed
464 799 526 862 hoe
548 798 712 879 singulare,
735 795 816 876 quod
833 795 907 854 nulli
922 794 1072 855 ecelesiae

191 881 321 940 evenire
342 882 460 957 volunt,
483 883 648 958 melenae,
670 886 701 940 et
723 886 824 939 tamen
847 879 996 937 unitatem
1018 896 1070 937 vo·

191 969 231 1021 nt.
277 963 355 1023 Sola
374 965 515 1026 Romana
535 962 667 1024 eeclesia
688 962 749 1022 hoo
777 959 872 1021 habet
899 958 993 1020 hodie
1021 959 1071 1020 vel

191 1060 303 1107 mnium
334 1045 463 1124 bonum,
497 1053 528 1107 et
553 1053 656 1107 tamen
680 1054 801 1105 aetenae
828 1062 937 1104 omnes
968 1044 999 1103 in
1032 1061 1071 1103 eo

191 1146 218 1187 ιο
242 1131 447 1207 conveniunt,
469 1129 551 1209 quod
575 1148 638 1189 non
659 1127 789 1202 habent,
813 1133 843 1186 et
869 1125 946 1185 fiunt
977 1144 1072 1184 unum

203 1230 237 1270 re
250 1231 314 1272 non
331 1213 495 1288 communi,
518 1211 573 1272 sed
589 1210 829 1292 singularissima
844 1217 875 1269 et
891 1210 942 1268 uni
955 1208 1072 1269 homini

191 1293 273 1355 buta.
326 1294 376 1354 Sia
410 1297 489 1354 eninr
520 1294 667 1355 diseenda
699 1302 769 1352 suut
801 1310 883 1352 nova
918 1289 1071 1352 voeabula

192 1378 265 1436 stris
293 1377 482 1456 temporibus
515 1378 546 1437 in
580 1376 742 1456 seripturis
773 1382 804 1435 et
840 1374 972 1434 eoelesIs
1002 1373 1069 1433 Dei.

191 1466 273 1518 lanto
296 1461 408 1519 rectius
432 1461 602 1540 Cyprianus
625 1461 771 1519 unitatem
804 1457 885 1517 hano
912 1457 1069 1517 casitatem

191 1541 317 1620 ellexit,
351 1545 431 1602 sieut
464 1550 495 1602 et
533 1543 668 1604 Christus
711 1541 841 1622 rogavit,
871 1539 982 1600 Jnhan.
1014 1542 1069 1602 17:

191 1666 193 1673 ν
235 1625 296 1684 sint
333 1644 425 1685 unum
461 1627 493 1685 in
541 1624 644 1699 nobis,
691 1625 770 1684 sient
804 1629 836 1683 et
879 1641 937 1683 nos
965 1624 1071 1682 ‘unum

191 1724 264 1785 mua,
287 1726 391 1786 unum,
410 1709 517 1787 inquit
539 1710 569 1767 in
592 1706 698 1786 nobis,
720 1725 781 1766 non
804 1707 835 1765 in
857 1704 989 1766 eeclesia
1009 1704 1070 1765 Ro·

191 1808 251 1852 tna.

545 2008 577 2067 ln
601 2007 671 2069 flue.

232 2158 329 2219 Aiunt
351 2161 382 2219 iu
407 2159 545 2220 coneiliis
568 2179 629 2220 non
653 2161 783 2220 inveniri
805 2166 961 2237 statutum,
983 2158 1069 2237 quasi

191 2261 312 2302 »manae
334 2242 485 2302 eeclesiae
506 2243 605 2323 legem
621 2241 789 2316 coneilia1)
815 2242 907 2302 ullam
922 2239 1069 2322 praelixe-

191 2331 224 2401 t,
260 2344 330 2385 num
360 2326 464 2385 omnia
493 2326 624 2386 eoncilia
649 2345 705 2406 per
725 2325 885 2386 Romanae
919 2323 1069 2384 ecelesiae

191 2408 346 2468 toritatem
370 2414 401 2467 et
421 2408 503 2467 faeta
524 2409 599 2485 siut,
628 2416 658 2469 et
679 2406 773 2468 robur
802 2407 987 2488 acceperint.
1029 2403 1070 2465 Et

202 2509 308 2551 eorum
333 2490 452 2550 statutis
474 2497 615 2570 potenter
643 2491 812 2571 excipiatur
833 2489 964 2551 Romani
993 2506 1068 2568 pon-

195 2574 240 2632 ois
263 2573 422 2633 autoritas.

233 2654 415 2730 Quis‘haee
437 2655 528 2730 ferat,
560 2654 696 2734 quaeso?
738 2654 891 2734 Numquid
919 2653 1068 2714 Nioenum

191 2738 316 2797 noilium
338 2737 429 2798 robur
450 2738 579 2818 aeoepit,
602 2737 693 2815 aut2)
718 2738 830 2798 laetum
846 2745 894 2798 est
905 2737 1069 2798 autoritate

191 2840 311 2880 »manae
339 2821 511 2880 ecelesiae?
553 2820 706 2899 Numquid
738 2827 769 2880 et
796 2821 892 2880 multa
921 2819 982 2879 alia
1014 2838 1069 2898 per

191 2905 354 2984 ignatinum
387 2910 418 2963 et
444 2903 515 2964 olim
540 2902 725 2983 Cyprieuum
753 2904 916 2984 in‘Asriea
944 2900 1068 2965 habita?

191 2987 305 3066 tuique,
329 2987 447 3046 etiamsi
469 2991 582 3046 statuta
604 2988 784 3066 exeiperent
798 2986 971 3046 Romanum
992 3003 1067 3063 pon·

193 3089 275 3146 cem,
297 3077 400 3128 tamen
422 3070 488 3148 ipse
511 3067 604 3129 debet
624 3070 709 3130 nolle
727 3071 836 3149 eerpi,
858 3087 913 3148 pro
927 3064 1066 3127 aedifiea

192 3171 235 3212 ue
270 3151 429 3211 eeclesiae.
479 3150 536 3210 Hie
572 3159 672 3212 autem
708 3152 857 3232 gloriatur
888 3170 923 3212 se
953 3150 1067 3210 nemini

190 3234 315 3312 idquam
339 3233 462 3311 debere,
484 3242 516 3292 ut
538 3241 569 3293 at
590 3235 672 3295 Deus
696 3236 724 3294 ei
745 3234 820 3294 nihil
843 3233 962 3295 debeat.

230 3317 300 3396 Ego
323 3335 398 3376 sane
419 3316 652 3399 archiepiscopo
675 3317 892 3377 Panormitano
922 3334 983 3375 nou
1005 3320 1067 3374 tam

191 3419 225 3460 ro
249 3407 281 3460 et
301 3399 424 3480 fragoso
447 3398 601 3479 plenoque
624 3401 830 3461 contentionis
848 3407 879 3460 et
900 3397 1065 3474 tumoris²J

191 3481 379 3562 spondissem
403 3501 559 3559 sermone,
581 3502 641 3562 quo
664 3483 747 3543 furor
770 3489 801 3543 et
824 3481 927 3545 odium
943 3481 1067 3541 suscita

191 3587 206 3643 r,
229 3565 284 3624 sed
296 3564 459 3625 dlxissem:
482 3564 603 3625 Sustine
619 3566 724 3628 Frater
739 3566 869 3643 interim,
892 3584 940 3625 res
955 3582 1068 3644 magna

214 3803 242 3864 ¹)
262 3803 294 3852 In
314 3803 356 3855 ed.
375 3802 440 3856 Jen.
460 3811 489 3858 et
506 3806 641 3864 wisunt.
660 3806 754 3865 deest:
785 3808 917 3864 neuuilit.
936 3805 969 3865 ’ἢ
982 3807 1021 3858 In
1036 3806 1097 3871 ὧν

191 3884 242 3921 re:
259 3885 304 3921 an.
338 3872 506 3963 ³}Ib1'dem:
527 3882 648 3948 timore,
666 3885 702 3938 In
723 3883 771 3940 etl.
790 3881 874 3941 tene.
889 3880 1032 3937 sumom-
