2709 4417
443 354 462 393 ι
478 339 601 393 Notariis
620 342 745 406 excepta.
999 331 1061 399 iffi
1120 372 1129 395 u

187 545 199 583 ι
222 523 328 585 Habet
349 543 424 605 ergo
446 525 538 586 timor
559 542 702 604 poenam,
724 540 803 601 qnae
824 524 951 583 caritate
973 529 1064 584 aucta

187 607 300 685 unitur,
321 614 355 669 et
375 608 512 670 totaliter
533 605 724 668 absorbetur.

224 689 392 753 Praetereo
415 691 455 753 ob
468 691 614 770 temporis
629 687 801 769 angustiam
813 686 874 747 alia
894 689 925 748 in
950 687 1060 748 eodem

187 791 288 834 mona
322 779 483 854 contenta,
513 791 593 852 quae
624 779 729 834 tamen
761 771 888 830 omnino
922 771 1065 832 venirent

187 854 357 934 ›cudenda,
384 855 629 919 nisi'hodiernus
652 853 718 916 diss
740 851 895 933 praefixus
918 860 1002 914 essct
1023 853 1063 914 ad

187 957 224 997 nc
245 940 407 1001 materiam
429 939 669 1018 terminandam,
692 939 772 998 sicut
800 943 850 998 est
870 943 1008 1017 prmctus.
1025 937 1065 998 de

187 1021 279 1092 :illata
300 1031 498 1102 peccatorum
511 1023 709 1084 confessione
730 1021 760 1080 in
773 1039 870 1099 spem,
894 1023 937 1081 uti
960 1022 1064 1080 merni-

187 1104 251 1166 .ch
290 1113 447 1167 sostomus
462 1126 555 1187 super
575 1111 670 1186 caput
682 1106 729 1169 12.
750 1102 858 1163 Matth.
881 1102 920 1165 de
936 1111 1063 1185 puncto,

187 1186 227 1248 od
253 1125 443 1251 rdycholastici
464 1195 583 1269 ponant
617 1172 691 1249 tres*
712 1193 816 1266 partes
845 1187 1064 1266 poenitentiae,

187 1270 262 1331 dicet
293 1273 529 1351 contritionem,
562 1271 806 1347 consessionem,
829 1277 861 1329 et
882 1269 1064 1332 satisfactio-

188 1374 232 1431 m,
253 1373 330 1432 quas
351 1357 436 1435 prius
457 1356 561 1436 posuit
582 1354 821 1434 Chrysostomus
848 1371 992 1413 sermone
1013 1355 1065 1418 29.

207 1438 407 1518 poenitentia.
450 1438 496 1498 De
519 1437 633 1517 duplici
647 1435 741 1499 modo
765 1433 933 1497 confitendi
955 1435 1064 1497 Saces·

187 1523 211 1598 ti
230 1514 261 1601 ³)
286 1539 356 1596 cum
377 1521 447 1581 aliis
468 1522 599 1601 punctis,
622 1539 702 1600 quae
724 1520 830 1579 omnia
854 1519 974 1599 prolixe
995 1538 1064 1599 pos-

187 1606 216 1664 ut
242 1607 349 1664 tactari
378 1610 410 1664 et
431 1606 544 1665 excuti.
586 1602 649 1665 sed
678 1605 760 1663 iacto
782 1602 842 1662 iam
864 1601 1064 1663 fundamento

187 1692 242 1746 turn
264 1686 354 1745 simul
381 1705 578 1765 sermonem,
601 1694 633 1747 ct
654 1706 708 1764 ea,
731 1703 811 1764 quae
839 1684 974 1762 adduxi,
1008 1704 1065 1765 pro

187 1778 232 1829 ute
263 1789 334 1829 mea
370 1769 496 1831 consero
531 1771 563 1829 in
595 1769 740 1830 iudicium
781 1767 915 1828 iudicum
949 1768 1064 1848 eligen-

187 1870 261 1912 rrum.

475 2017 514 2077 Μ.
543 2017 745 2078 Lutherus.

228 2181 395 2262 Sperabam
418 2182 574 2262 egregium
595 2184 633 2242 D.
656 2181 693 2242 D.
727 2180 954 2242 confutaturunr
978 2199 1063 2241 meas

187 2263 325 2343 dationes,
344 2266 526 2344 pracsertim
550 2282 596 2344 ea,
618 2284 697 2344 quae
716 2282 772 2344 pro
795 2263 1000 2324 fundamentis
1024 2284 1062 2324 ex

187 2349 239 2409 rulo
260 2347 442 2408 induxeram
465 2346 504 2408 de
525 2348 604 2428 lege,
627 2364 707 2427 quae
729 2351 801 2407 ante
823 2350 980 2408 caritatem
1004 2366 1066 2407 non

187 2437 289 2491 teratur
307 2432 370 2490 nisi
391 2431 478 2509 iram,
501 2437 532 2490 et
550 2438 644 2512 auget
664 2431 836 2510 peccatum,
859 2439 959 2508 taccu,
983 2430 1066 2509 quod

187 2521 292 2593 spcuat
310 2513 353 2573 ad
375 2514 521 2593 gratiam,
551 2511 808 2592 quemadmodum
832 2514 926 2575 timor
947 2512 1067 2573 servitis

187 2603 257 2657 rmus
279 2597 358 2677 legis
379 2598 455 2656 iram
480 2603 635 2680 operatur,
658 2601 689 2656 et
710 2602 803 2677 auget
824 2602 995 2676 peccatum.
1025 2594 1068 2656 At

187 2696 213 2739 se
243 2681 322 2740 haec
347 2679 467 2740 fortiter
492 2681 687 2756 transiliens,
720 2680 849 2739 candem
881 2679 1066 2740 cantilenam

187 2765 330 2841 cantavit,
359 2780 397 2821 ac
412 2762 502 2823 nobis
524 2761 617 2843 haec,
648 2779 711 2822 non
729 2780 852 2822 succum
875 2761 929 2823 sed
953 2760 1068 2822 medul-

187 2862 208 2905 ur
223 2844 400 2927 scripturae
422 2845 580 2906 contendit
602 2844 798 2925 persuadere,
822 2844 988 2906 discurram
1012 2865 1069 2925 per

187 2929 281 2990 ruia.
700 2978 704 2987 .

199 2948 363 3072 gProinde
384 3007 480 3086 dicit,
506 3029 569 3070 non
598 3011 693 3072 fuisse
720 3012 927 3071 necessarium
950 3009 1069 3088 afferre,

187 3094 232 3154 rod
253 3094 374 3154 initium
398 3091 503 3153 salutis
526 3101 652 3155 nostrae
673 3095 715 3154 sit
737 3114 777 3154 ex
799 3095 865 3154 Deo
887 3094 1070 3175 inspirante,

187 3177 200 3237 i
222 3183 254 3238 ct
275 3178 418 3237 timorem
429 3174 643 3254 disponentem
666 3176 732 3237 dari
755 3177 907 3257 intelligit.
929 3177 1069 3257 Respon·

187 3279 226 3320 =o:
258 3260 345 3320 Haec
372 3258 466 3338 plauc
487 3261 591 3320 omnia
613 3268 684 3322 sunt
705 3279 835 3320 erronea
856 3268 982 3340 propter
1004 3279 1068 3320 vcr-

187 3363 222 3403 1m
239 3343 337 3422 Pauli,
359 3342 410 3424 qui
433 3340 563 3424 dicit*):
586 3343 781 3423 impossibile
801 3363 870 3404 asse
892 3343 992 3424 legem
1014 3345 1069 3402 im·
1142 3348 1150 3366 ·

187 3427 238 3504 ari,
260 3428 323 3487 imo
346 3430 475 3505 peccata
496 3444 559 3486 non
582 3428 698 3506 augeri,
720 3428 778 3487 nisi
795 3424 923 3506 Spiritus
946 3432 1069 3486 sanctus

187 3508 303 3570 ffundat
322 3508 481 3569 caritatem
504 3509 535 3568 in
558 3508 701 3571 cordibus
723 3511 844 3572 nostris.
875 3509 937 3568 Has
959 3510 1070 3568 antori-

187 3650 586 3672 &thanah—-

187 3734 215 3793 1)
231 3730 264 3782 'ln
276 3726 317 3782 ed,
329 3734 429 3798 origin.
450 3731 497 3784 iric
515 3728 610 3789 addita
620 3730 752 3803 leguntur
762 3732 835 3788 haec
847 3732 953 3791 uertat
971 3746 1081 3805 magna

187 3798 321 3925 {Im
336 3816 405 3921 ocum
425 3801 488 3900 aliis
507 3809 562 3856 etc.

811 3955 888 4024 ta·
