2709 4417
291 353 356 420 350
501 355 595 411 Βοιαὶ.
615 355 645 410 L
664 371 748 425 super
765 356 963 425 Proposttione

280 540 360 602 tales
392 541 547 621 exstingui
575 541 786 622 evangelium,
824 560 881 621 per
914 540 1045 603 verbum
1077 541 1189 604 hominis

282 624 350 684 tolli
373 623 499 684 verbum
520 626 588 698 Dei,
611 632 642 684 et
663 625 724 684 hoo
745 630 917 684 monstrum
939 625 1105 686 adoramus
1120 625 1187 686 Chri

285 707 377 767 stiani
411 708 441 766 in
474 707 609 768 eeclesia
639 706 750 767 Christi
783 725 840 787 pro
874 705 972 768 verbo
1004 707 1074 770 Dei.
1120 707 1187 788 Quis,

283 807 409 867 quaeso,
431 809 493 848 uon
518 789 642 850 uratur?

368 869 444 946 Quis
466 881 567 933 sutem
591 874 634 933 ita
655 873 803 933 insaniret
823 873 911 950 alius,
936 880 969 932 ut
983 872 1105 933 Petrum
1123 872 1185 934 hant
1218 908 1219 915 κ

284 953 508 1014 subiectionem
531 955 659 1017 subditis
682 955 868 1035 imposuisse
890 974 949 1015 sua
966 956 1183 1017 autoritateme·

284 1036 388 1113 deret,
421 1055 481 1116 quo
504 1058 538 1098 se
561 1040 628 1119 ipse
650 1037 820 1099 abeodem
843 1044 1014 1119 praecepto
1036 1041 1181 1100 eximeret?

284 1118 353 1179 Hoe
372 1120 397 1178 si
420 1122 500 1197 feeit,
523 1121 605 1180 aliud
626 1120 732 1180 docuit
755 1120 864 1199 verbo,
895 1128 927 1181 et
948 1120 1034 1180 aliud
1056 1131 1177 1182 monstra

285 1203 329 1262 vit
350 1203 512 1282 exemplo,
547 1203 608 1264 hoe
629 1212 693 1281 est,
716 1203 865 1263 destruxit
886 1223 967 1282 quse
1001 1203 1109 1266 doouit
1143 1205 1177 1264 du

283 1292 408 1364 oportet
435 1285 573 1346 subditos
604 1286 685 1346 Petri
714 1295 746 1346 et
771 1286 1003 1360 sueeessoris1)
1036 1305 1100 1346 esse
1127 1288 1176 1348 sub·
1218 1337 1219 1342 ,

282 1367 383 1426 isotos
406 1367 551 1448 Caesari,
573 1371 658 1448 ipsos
679 1388 753 1430 vero
777 1370 932 1429 eontrario
955 1369 1097 1449 exemplo
1115 1369 1175 1430 idem
1218 1399 1219 1433 i

283 1450 400 1511 eisdem
423 1450 625 1511 dissuadere?
668 1453 717 1511 An
750 1472 812 1513 nou
841 1452 949 1512 Petrus
976 1453 1034 1513 fuit
1065 1451 1174 1512 subditus
1217 1484 1219 1504 ι

281 1533 506 1612 potestatibus,
529 1536 608 1594 siout
630 1533 757 1595 docuit?
798 1535 868 1596 Non
896 1535 954 1596 suit
975 1535 1107 1596 Christus
1134 1537 1173 1596 sub
1217 1565 1219 1569 ¹

282 1613 441 1676 Caesare?
484 1615 596 1677 Nonne
619 1638 727 1679 omnes
760 1617 895 1698 apostoli
931 1625 963 1679 et
984 1617 1106 1679 Sancti?
1141 1619 1174 1678 du
1217 1647 1219 1682 t

281 1697 423 1759 Romano
453 1700 592 1779 pontifioi
626 1721 689 1760 non
717 1698 790 1760 lieet
806 1703 969 1780 provocari
1000 1699 1039 1761 od
1061 1701 1174 1760 meritum
1218 1761 1219 1764 ,

281 1779 486 1842 humititatis?
528 1782 607 1843 Huie
628 1783 685 1844 soli
714 1784 786 1843 lieet
807 1784 882 1863 erigi
903 1784 936 1842 in
958 1790 1113 1864 peoostum
1140 1803 1174 1843 su·

278 1862 426 1944 perbiae?
469 1865 575 1944 Itaque
597 1864 680 1926 aliud
703 1867 763 1925 iam
797 1865 961 1945 pontifices
991 1874 1076 1943 sunt,
1104 1884 1174 1943 quen

283 1945 456 2026 Christiani,
480 1950 623 2027 quoniam
646 1949 698 2009 lex
721 1947 964 2009 Christianorum
987 1968 1043 2010 eos
1070 1967 1126 2009 non
1152 1949 1175 2008 li-

282 2036 345 2111 gat.
390 2030 460 2089 Alio
485 2037 558 2091 eunt
579 2032 653 2110 ipsi,
675 2032 738 2091 alio
762 2050 866 2090 eorum
889 2031 1020 2111 subditi,
1053 2031 1110 2091 alio
1139 2051 1175 2112 ps·

281 2119 397 2190 stores,
431 2112 493 2174 alio
518 2133 608 2190 oves,
643 2113 704 2174 elio
728 2113 837 2193 duces,
866 2115 926 2176 aiio
957 2135 1083 2196 greges,
1112 2133 1177 2173 nom

283 2202 366 2255 certe
388 2197 508 2256 ratione
532 2196 674 2274 ducendi,
696 2197 853 2276 pascendi,
876 2198 1015 2279 regendi.
1048 2197 1112 2257 Nou
1131 2197 1177 2255 ian

281 2276 393 2356 disant,
417 2280 528 2358 venite,
551 2279 620 2358 sed,
643 2282 703 2357 ite,
725 2299 787 2339 nou
810 2281 1014 2361 praecedant,
1049 2279 1101 2340 sed
1128 2286 1177 2338 tsn-

201 2380 204 2385 ·
281 2361 441 2423 tummodo
466 2362 619 2423 dimittunt
641 2362 788 2444 populum
810 2365 840 2422 in
863 2364 1016 2439 mandatis
1038 2363 1103 2423 Dei.

362 2444 452 2519 Quod
474 2447 552 2505 siin
574 2447 634 2506 hoo
656 2447 727 2506 loeo
754 2447 813 2506 ista
834 2449 985 2528 sapientia
1016 2446 1110 2519 velet,
1142 2464 1179 2504 vs-

279 2525 355 2587 lebit
376 2540 406 2588 et
427 2530 457 2589 in
492 2531 575 2589 omni
606 2530 667 2590 olio
697 2536 863 2610 praecepto
892 2531 991 2607 Petri,
1024 2527 1075 2589 ubi
1104 2527 1181 2587 dooet

279 2607 371 2670 fldem
408 2612 531 2691 Christi,
565 2612 822 2690 evacuabiturque
868 2614 1013 2674 universa
1050 2611 1181 2671 autoritas
1218 2656 1219 2685 3

278 2693 369 2770 Petri,
392 2697 463 2774 quia
484 2694 595 2774 ubique
612 2695 742 2755 dicetur:
767 2694 835 2754 Hoo
849 2695 976 2756 subditis
991 2695 1181 2774 praecepisse,
1218 2700 1219 2715 ¹

213 2782 220 2795 “
280 2796 344 2838 non
368 2777 424 2837 sibi
446 2797 504 2838 nee
526 2777 763 2855 suecessoribus
787 2778 1035 2858 quandoquidem
1054 2777 1182 2837 nonnisi

279 2859 407 2920 subditis
419 2860 503 2940 loqui
513 2863 618 2941 potuit.
642 2862 867 2942 Dicamusergo
882 2869 912 2923 et
924 2863 982 2922 hio:
998 2860 1030 2921 Si
1043 2859 1182 2939 loquentis

278 2962 443 3023 personam
467 2944 666 3024 attendisses,
700 2950 857 3004 eteorum
880 2945 919 3004 ad
953 2963 1031 3024 quos
1054 2944 1182 3022 loquitur,

278 3045 341 3085 non
364 3027 406 3084 ite
428 3029 622 3107 exposuisses
646 3027 834 3087 intellectum
858 3031 937 3088 eius:
970 3028 1043 3106 quia
1064 3027 1183 3105 ioquitur

278 3106 406 3168 subditis
430 3113 509 3186 suis,
533 3119 563 3170 et
585 3131 639 3170 eos
661 3109 700 3169 ad
723 3112 862 3170 meritum
885 3110 973 3188 fidei,
1009 3112 1075 3189 spei
1097 3117 1127 3169 et
1145 3127 1181 3167 ea·

277 3191 373 3251 ritatis
397 3200 562 3271 provocat,
584 3195 737 3273 seipsum
766 3200 797 3253 et
817 3213 874 3253 nos
905 3200 1068 3272 exemptos
1090 3192 1182 3251 voluit.

277 3273 318 3333 Et
339 3285 438 3351 reete,
469 3277 512 3335 sio
543 3277 622 3336 enim
652 3275 745 3336 hodie
773 3277 934 3336 attendunt
962 3275 1183 3356 diligentissime

180 3395 182 3399 -
277 3357 409 3418 Romani
432 3358 585 3436 loquentis
608 3360 653 3419 sui
677 3359 757 3418 Petri
781 3379 958 3439 personam,
982 3364 1016 3417 ut
1037 3359 1082 3418 eis
1104 3358 1183 3417 lieere

276 3441 351 3501 nihil
374 3460 479 3501 eorum
503 3461 641 3519 servare,
671 3460 752 3520 quae
773 3442 824 3502 ille
847 3443 964 3503 loeutus
987 3450 1049 3517 est,
1082 3440 1183 3500 intelli-

276 3531 366 3604 gant,
404 3543 443 3584 ne
466 3523 585 3585 Christo
619 3526 743 3604 quidem
773 3525 916 3605 eredere,
951 3531 981 3585 et
1004 3523 1183 3584 Christianos

275 3625 345 3668 esse
367 3627 403 3667 ae
426 3608 543 3686 vivers,
580 3615 612 3667 ut
643 3609 759 3669 reiecto
791 3610 884 3669 verbo
916 3608 1092 3668 Christiano
1113 3605 1183 3666 Petri

344 3884 366 3956 ¹)
390 3883 426 3938 111
443 3881 491 3939 ed.
513 3879 576 3936 ten.
596 3881 625 3930 et
638 3874 740 3927 wius.
757 3874 788 3922 et.
802 3883 866 3920 non
881 3879 1076 3917 snessesores.
