2709 4417
277 312 341 419 382
520 353 613 408 Rosci.
633 354 661 407 L.
681 368 765 422 snper
782 352 982 422 Propositione

281 544 347 618 tuit,
371 561 432 602 non
456 561 475 601 a
497 541 638 602 Romano
661 541 811 620 episcopo
836 559 945 600 omnes
967 541 1119 621 episcopos
1136 562 1165 604 cr·
1209 541 1219 595 ὓ

280 625 395 702 dinari,
428 624 483 684 sed
513 645 531 682 a
553 623 792 702 provincialibus
816 624 984 703 episcopis,
1007 622 1115 684 dicens:
1142 625 1166 688 ll

280 716 329 786 ut,
360 709 386 766 si
415 707 493 767 forte
519 708 550 765 in
573 705 745 766 ordinando
768 708 934 786 episcopo,
971 706 1031 766 duo
1055 707 1101 766 vel
1126 715 1167 769 trec

281 809 337 870 pro
361 790 463 868 alique
485 791 684 849 contentione
711 789 911 864 dissentient,
942 789 1119 868 reliquorum
1135 811 1168 851 uu·
1210 787 1219 860 ,l

282 874 399 949 toritas,
424 880 455 932 et
479 873 642 951 praecipue
665 872 910 954 metropolitani,
932 890 1002 932 cnm
1025 874 1122 932 ceteris
1138 873 1170 933 fir-
1211 876 1219 907 ⁷*

284 957 364 1015 mior
384 954 541 1015 habeatur.
586 954 741 1031 Obsecro,
774 953 845 1032 quid
874 954 1007 1035 emplius
1029 955 1120 1015 lacere
1137 957 1170 1016 de
1211 954 1220 994 Γ·

283 1038 364 1098 beo?
406 1037 476 1097 Non
507 1038 581 1096 satis
603 1046 666 1116 est,
703 1036 785 1115 quod
812 1038 956 1098 Romano
979 1036 1109 1117 pontifici
1127 1057 1171 1098 on
1212 1037 1219 1065 ²

281 1121 344 1196 nia,
365 1139 443 1198 quae
466 1119 523 1179 sibi
534 1125 667 1200 arrogat,
691 1120 789 1180 libens
811 1120 942 1197 cedo¹),
961 1119 1060 1181 debeo
1075 1122 1172 1201 insuper
1213 1121 1219 1140 ¹

281 1202 428 1283 probare,
458 1202 541 1282 quod
563 1202 639 1262 baec
661 1203 796 1264 Decreta
817 1212 889 1262 sunt
911 1209 1086 1283 contempta
1105 1211 1132 1263 et
1147 1207 1172 1264 ir·

281 1288 373 1345 ritate
394 1286 527 1345 humano
551 1287 639 1344 unius
661 1287 800 1365 episcopi
821 1286 970 1346 arbitrio?

363 1403 491 1462 Decima
523 1409 631 1481 quarta
645 1400 698 1482 ²),
732 1402 812 1462 idem
848 1402 1000 1463 Nicennm
1038 1402 1172 1463 conciliun
1216 1456 1219 1471 ,

281 1486 427 1566 episcopo
449 1485 748 1565 Hierosolymiteno,
771 1505 833 1545 non
857 1487 1001 1546 Romano
1024 1485 1121 1545 tribuit
1137 1485 1173 1546 ho·
1217 1550 1219 1556 ,

280 1569 364 1629 noris
396 1568 576 1648 primatum,
609 1566 716 1628 dicens
744 1568 873 1633 ibidem:
910 1569 951 1629 Et
986 1575 1019 1628 ut
1052 1569 1174 1648 episcopo

280 1651 565 1732 Hierosolymorum
595 1652 761 1731 antiquitus
789 1650 901 1711 tradita
926 1651 1056 1712 honoris
1077 1669 1175 1730 praero-

281 1735 385 1815 gativa
407 1740 563 1808 servetur,
587 1742 730 1794 manente
751 1734 948 1794 nibilominus
972 1744 1004 1794 et
1026 1733 1176 1812 metropoli-

281 1817 343 1877 tani
366 1817 460 1895 ipsius
506 1817 661 1877 rovincioe
684 1816 842 1897 dignitate.
886 1817 974 1880 Doce
997 1835 1066 1894 me,
1092 1815 1178 1890 lector,

281 1899 353 1978 quid
376 1837 547 1961 iaciendum
570 1900 625 1976 sit,
648 1898 771 1978 quando
795 1900 953 1960 nonsatis
979 1905 1043 1977 est,
1076 1918 1122 1960 me
1141 1898 1177 1958 hc

281 1982 387 2042 dierno
410 1989 550 2062 tempore
572 1981 722 2058 confiteri,
744 1982 832 2042 Rom.
849 1981 1029 2062 pontificem
1052 2001 1118 2042 esse
1136 1983 1180 2060 pri·

281 2084 374 2142 mum,
397 2067 454 2126 nisi
477 2065 607 2125 mentiar
628 2084 751 2144 quoqne
773 2073 804 2125 et
824 2084 934 2145 negem
959 2065 1052 2124 alium
1071 2065 1181 2143 antiqui·

283 2155 331 2207 tus
354 2148 447 2208 fuisse
470 2149 615 2228 primum,
649 2154 680 2208 et
706 2149 780 2208 tanti
803 2147 925 2208 concilii
948 2149 1104 2208 autoritati
1127 2148 1182 2206 resi·

283 2239 371 2293 stam.
421 2232 576 2310 [Denique
608 2231 638 2289 in
672 2230 805 2291 concilio
838 2230 957 2291 Niceno
993 2231 1093 2310 primo
1127 2229 1182 2289 loco

283 2313 401 2374 sedisse
422 2314 561 2374 scribitur
581 2312 778 2391 Eustachius,
813 2315 1030 2374 Antiochenee
1052 2312 1183 2373 ecclesiae

283 2398 457 2477 episcopus,
481 2416 543 2457 non
556 2396 724 2474 Romanus,
737 2415 795 2456 nec
804 2396 936 2477 Legatos
947 2397 1038 2456 Rom.
1063 2396 1184 2475 episcopi

283 2480 333 2541 lib.
353 2483 381 2542 2.
405 2481 507 2559 tripar.
531 2498 556 2538 c.
571 2483 600 2542 ὃ.
623 2479 705 2558 quod
729 2488 811 2539 esset
831 2479 1030 2540 intolerabile
1051 2476 1184 2538 hodierno

283 2564 338 2623 iuri
360 2563 450 2623 Rom.
468 2561 624 2643 Episcopi,
647 2581 705 2657 nec
727 2570 827 2623 tamen
850 2562 920 2622 ideo
943 2562 1116 2622 haereticus
1135 2560 1187 2637 fuit,

284 2653 336 2706 aut
355 2645 504 2705 Niceuum
528 2644 690 2705 concilium
714 2646 889 2706 contraius
912 2645 1051 2704 divinum
1075 2645 1155 2725 egit]

365 2762 492 2823 Decima
515 2763 634 2841 quinta,
664 2764 689 2821 si
711 2763 853 2822 Romana
880 2763 1015 2823 ecclesia
1037 2770 1087 2823 est
1105 2763 1186 2842 prinu

282 2854 408 2924 propter
435 2847 563 2925 primum
594 2845 767 2923 apostolum
792 2845 934 2922 Petrum,
965 2845 1077 2906 eadem
1099 2864 1187 2905 necao·

284 2930 374 2988 nitate
403 2927 631 3004 confitebimur,
669 2935 700 2987 et
722 2927 1008 3008 Compostellanam
1038 2928 1187 2988 ecclesian

283 3029 353 3071 esse
375 3011 540 3071 secundem
571 3017 696 3090 propter
718 3011 891 3090 apostolum
923 3010 953 3070 S.
975 3011 1137 3089 Iacobum,
1165 3021 1188 3069 ct

283 3093 470 3173 presinem
496 3095 613 3154 tertiam
637 3101 763 3173 propter
791 3093 966 3173 apostolum
990 3096 1127 3166 tertium,
1153 3096 1188 3152 lo·

282 3175 431 3255 hannem,
462 3184 493 3236 et
514 3178 559 3236 sic
579 3196 634 3256 per
655 3177 793 3237 ordinem
814 3177 1038 3256 apostolorum.
1082 3178 1124 3236 At
1140 3177 1188 3235 iste

283 3258 371 3338 ordo,
395 3259 540 3339 numquid
564 3259 722 3319 servatur?
764 3258 832 3333 Quo
854 3261 920 3319 iure
942 3279 1018 3340 ergo
1041 3261 1126 3321 solus
1146 3259 1188 3318 Pe-

274 3349 346 3402 trus
377 3344 504 3422 primam
534 3343 607 3402 facit
638 3343 817 3419 ecclesiam,
849 3342 908 3402 nisi
940 3342 1100 3404 hnmano?
1140 3343 1188 3403 Gur

283 3445 357 3503 ergo
381 3425 741 3506 Constantinopolitano,
775 3445 854 3505 quae
874 3425 990 3499 nullum
1012 3427 1109 3487 habet
1127 3443 1187 3505 upo-

282 3508 411 3588 stolum‚
444 3509 612 3588 praefertur
642 3509 778 3569 secundo
808 3509 879 3569 loco
907 3507 1187 3589 Compostellcnsel

282 3589 344 3649 Our
364 3591 589 3670 Alexandrina,
625 3612 705 3672 quae
733 3599 765 3653 et
785 3593 853 3672 ipsa
874 3592 990 3652 nullum
1013 3592 1109 3654 hebet
1127 3609 1186 3670 epo·

205 3745 207 3750 s
281 3673 405 3753 stolum,
427 3675 597 3756 praefertur
618 3675 814 3755 Ephesinae?
837 3674 899 3736 Gur
915 3675 1113 3736 Antiocheno
1133 3676 1186 3734 sine

332 3875 365 3945 1)
390 3871 426 3928 In
446 3871 496 3928 ed.
513 3872 630 3942 priore.
651 3864 751 3919 eredo.
772 3861 810 3926 ‘ti
827 3857 920 3909 linos.
938 3859 1045 3919 onum
1061 3853 1220 3901 osonum
