2709 4417
331 347 338 358 '
414 337 486 395 xlii.
503 337 540 392 de
558 342 694 406 potestate
712 338 812 406 Papae.
1003 328 1066 399 323

188 523 323 582 mmittat
335 523 367 582 iu
380 541 530 583 summum
544 519 731 603 pontificem,
754 539 845 599 quam
856 539 915 601 ego
931 539 1065 600 unquam

188 625 241 664 sus
271 624 371 665 essem
394 608 539 687 cogitare.
583 605 701 681 Prima,
726 622 788 664 non
817 603 916 664 solum
939 602 1066 684 frigidos

188 689 277 764 serit,
317 687 371 748 sed
394 695 425 748 et
445 694 540 769 negat
561 695 592 748 et
613 687 769 767 prohibet,
803 705 841 746 ac
862 686 988 748 damnat
1011 703 1065 745 eos

187 788 287 830 nones
322 779 353 830 ct
381 776 575 849 canonistas,
607 771 658 848 qui
690 770 861 830 Romanum
889 767 1066 849 pontificem

188 854 336 931 incipem‚
368 862 474 933 caput,
507 872 676 929 summum,
713 854 878 911 maximum
901 849 1067 931 appellant.

188 934 270 995 :inde
293 937 453 1015 primatum
476 937 504 999 ei
526 937 667 996 auferens
690 937 811 1015 penitus
840 953 908 994 eum
943 933 1067 1012 reliquis

188 1019 317 1077 imarum
331 1017 448 1079 sedium
458 1020 621 1098 episcopis,
633 1016 665 1077 id
678 1024 734 1092 est,
745 1017 934 1097 patriarchis,
946 1022 1068 1094 aequat.

188 1102 207 1159 ri
232 1108 305 1160 sunt
325 1120 415 1182 ergo,
439 1103 490 1180 qui
513 1120 561 1161 me
583 1119 665 1161 nova
686 1101 828 1179 posuisse
849 1101 996 1179 garriunt,
1018 1098 1069 1177 qni

188 1181 348 1262 gidissima
371 1185 501 1244 Decreta
522 1183 584 1243 dixi
605 1185 781 1264 superiora,
812 1190 843 1243 et
864 1183 972 1259 credo,
1006 1198 1069 1241 non

188 1283 264 1343 tque.
307 1265 386 1326 Nam
408 1267 458 1327 hic
485 1285 586 1327 canon
620 1266 743 1326 concilii
764 1266 899 1324 Africani
929 1283 968 1325 eo
1001 1263 1069 1343 plus

188 1351 208 1406 is
231 1349 451 1426 praeferendus
480 1356 543 1426 cst,
577 1369 638 1428 quo
672 1349 795 1428 longius
830 1347 868 1407 ab
900 1347 1069 1407 ambitione

187 1431 279 1508 cedit,
301 1437 334 1491 ct
355 1432 565 1513 evangelicam
588 1430 771 1491 modestiam
793 1431 883 1509 sapit.

234 1512 295 1586 Qui
318 1532 392 1594 ergo
426 1533 476 1574 mc
512 1515 699 1574 haereticum
732 1519 895 1589 accusant,
928 1511 1070 1589 obsecro,

187 1602 282 1654 rcant
302 1596 411 1657 saltem
432 1597 504 1656 huic
525 1598 646 1667 canoni,
669 1598 694 1655 si
709 1596 782 1655 mihi
803 1594 912 1655 nolunt
933 1610 1069 1674 parcere.

187 1697 219 1756 go
244 1680 350 1738 omnia
381 1678 505 1757 admisi,
536 1696 737 1757 quaecunque
758 1679 901 1739 Romano
932 1673 1069 1758 pontifici

187 1760 246 1820 dia
269 1761 451 1833 tribuuntur,
474 1780 540 1822 rem
561 1781 624 1822 non
648 1781 741 1841 nego,
762 1761 844 1820 facto
866 1778 930 1820 non
951 1766 1071 1820 contra·

187 1861 232 1921 co,
256 1842 312 1903 sed
326 1843 365 1904 de
385 1846 450 1904 iure
471 1845 537 1904 eius
559 1844 682 1923 disputo
705 1850 736 1903 et
756 1844 872 1904 sentio:
895 1840 986 1917 Quod
1008 1859 1070 1901 non

187 1945 218 1985 re
240 1925 364 2005 divino,
386 1926 440 1987 sed
463 1926 594 1987 decretis
616 1928 773 1987 bominum
797 1925 871 1985 talia
892 1925 1069 1987 tribuantur.

187 2007 236 2067 rid
258 2009 391 2089 amplius
413 2008 584 2069 faciendum
611 2009 686 2070 mihi
708 2009 775 2068 est?
808 2027 846 2067 an
880 2025 942 2068 non
971 2007 1071 2067 solum

187 2089 254 2152 :beo
277 2091 391 2151 iactum
413 2091 562 2170 confiteri,
586 2091 748 2152 sedetiam
762 2090 930 2150 mendaciis
953 2097 985 2150 st
1006 2107 1071 2148 cor-

188 2172 349 2252 ptionibus
365 2173 538 2254 Scripturas
559 2175 640 2235 idem
657 2173 812 2235 stabilire?
835 2173 932 2233 Absit.
974 2171 1071 2252 Igitur

187 2275 299 2334 imner,
321 2265 466 2335 quantum
490 2257 612 2333 volunt,
634 2257 685 2316 hic
705 2256 805 2316 habeo
828 2274 997 2331 canonem,
1021 2255 1072 2332 qui

187 2346 283 2398 imnat
304 2338 477 2399 Romanurn
499 2339 677 2420 pontificem
713 2338 917 2398 universalem
951 2333 1071 2417 pontid·

187 2442 222 2480 rm
247 2422 367 2499 vocari,
408 2421 492 2501 quod
520 2441 579 2504 ego
616 2429 719 2482 tamen
742 2439 896 2500 uunquam
919 2419 1071 2480 damnavi.

187 2503 216 2564 td
239 2502 390 2563 addamus
412 2504 508 2584 plura.

240 2585 357 2646 lbidem
388 2586 531 2667 Pelagius
565 2587 707 2648 omnibus
730 2587 883 2667 episcopia
918 2583 1021 2645 scribit
1041 2584 1072 2643 in

187 2687 238 2729 ino
271 2668 409 2729 modum:
456 2669 564 2729 Nullus
599 2670 836 2749 patriarcharum
868 2667 1072 2729 universitatis

186 2751 314 2813 >cabulo
336 2771 470 2831 unquam
493 2759 601 2812 utatur.
644 2750 725 2826 Quia
746 2753 772 2810 si
802 2771 878 2810 unus
902 2748 1074 2830 patriarcha

186 2834 340 2894 riversalis
363 2833 481 2911 dicitur,
503 2834 742 2914 patriarcharum
766 2852 877 2894 nomen
893 2833 1001 2892 ceteris
1024 2830 1074 2891 de·

186 2924 292 2998 igetur.
337 2917 398 2978 Sed
420 2917 570 2978 absithoe
580 2937 599 2976 a
610 2916 751 2977 fidelibus
766 2915 823 2975 sibi
835 2913 957 2992 vellel)
971 2932 1074 2994 quem·

189 3020 238 3060 am
264 3001 415 3080 arripere,
451 3001 532 3060 unde
553 3000 704 3061 honorem
731 2999 853 3058 fratrum
877 3017 1000 3058 suorum
1021 2999 1074 3057 im-

188 3085 297 3143 inuere
324 3103 364 3144 ex
387 3083 657 3162 quantulacunque
683 3091 770 3161 parte
805 3080 950 3142 videatur.
996 3079 1075 3154 Qua·

186 3173 285 3245 ropter
307 3169 418 3226 caritas
441 3172 544 3226 vestra
565 3167 718 3226 neminem
741 3183 892 3242 uuquam,
929 3163 1020 3223 etiam
1044 3164 1073 3221 in

186 3250 298 3311 ›istolis
320 3252 398 3329 suis2
416 3249 620 3322 universalem
634 3247 780 3327 appellet,
804 3265 843 3305 ue
859 3245 916 3306 sibi
939 3243 1072 3304 debitum

186 3331 328 3410 ibtrahat,
351 3352 419 3392 cum
442 3333 530 3392 alteri
551 3331 700 3390 honorem
723 3329 814 3388 infert
835 3327 1012 3389 indebitum.

204 3454 210 3460 ·
243 3414 348 3492 Vides,
371 3413 453 3493 quod
474 3414 601 3474 honoris
622 3412 747 3472 fraterni
768 3413 939 3471 imminutio
959 3410 1013 3483 sit,
1050 3408 1075 3466 si

186 3519 238 3561 uns
261 3498 403 3559 omnibus
426 3499 624 3578 praeferatur,
646 3498 738 3556 etiam
761 3496 902 3555 Romano
926 3489 1075 3574 pontifice

186 3591 278 3647 rtore.

185 3775 224 3892 ὗ)
242 3776 275 3826 1n
306 3773 369 3827 edit.
397 3773 507 3840 priore:
534 3769 584 3826 ssd
605 3771 681 3825 absit
698 3769 754 3824 boc
773 3783 791 3822 a
807 3764 939 3820 bdeiibns
953 3763 1014 3817 bos
1029 3763 1089 3815 siai

202 3858 220 3894 θ
236 3850 288 3895 otc.
759 3936 764 3943 Ι
820 3915 893 3980 m*
