2709 4417
467 346 502 402 de
520 301 700 401 Sacramenta
719 345 859 414 baptismi.
1071 336 1133 405 399

158 559 163 562 -
203 532 326 612 incipit,
347 540 447 594 tesna
461 532 608 612 gratiano
622 531 729 610 spiritu
750 548 806 589 suo
825 527 987 609 pertundit,
1009 533 1133 588 sanctus

205 622 312 676 autem
327 615 457 696 Spiritus
478 615 580 674 statim
597 621 738 673 naturam
760 619 792 672 et
805 619 934 691 peccata
948 609 1133 671 mortificare

204 699 332 778 incipit,
370 705 464 778 atque
483 699 526 758 ita
554 695 646 757 tend
670 703 799 756 mortem
824 702 856 755 et
876 695 1131 754 resurrectionem

206 781 238 840 in
260 783 434 842 novissimo
457 780 506 841 die
528 785 702 859 praeparat.
797 780 800 789 '

230 908 236 915 -
292 863 447 942 Secundo,
469 869 637 943 praeterea,
660 862 732 940 quia
755 858 940 920 tnamfidem
957 858 1132 940 obstringis,

208 952 238 1006 te
261 946 366 1025 quoad
388 948 474 1006 vivas
505 955 586 1005 tuam
610 962 734 1004 carnem
757 961 795 1002 an
822 950 950 1024 peecata
973 940 1133 1002 mortifica-

208 1035 329 1106 turum,
359 1049 426 1090 eam
450 1047 572 1107 quoque
594 1027 785 1087 voluntatem
807 1032 889 1085 tuam
911 1023 1023 1104 probat
1039 1025 1132 1102 Deus,

208 1119 304 1190 teque
326 1112 427 1173 multis
441 1130 478 1172 ac
492 1111 583 1170 variis
601 1110 689 1171 bonis
712 1108 864 1188 operibus,
887 1106 989 1186 quoad
1011 1109 1134 1185 vixeris,

209 1202 345 1272 exercet,
367 1201 526 1275 praeterea
543 1212 632 1252 eruce
654 1201 686 1253 et
695 1190 921 1268 afflictionibus,
943 1190 1051 1268 quibus
1063 1188 1133 1267 hoc,

210 1276 293 1356 quod
314 1287 346 1337 tn
368 1280 399 1337 in
423 1278 574 1357 baptismo
596 1277 721 1355 petiisti,
743 1272 887 1351 conficit,
909 1291 1021 1352 nempe
1049 1280 1082 1333 ut
1103 1280 1133 1332 te

210 1358 319 1421 liberet
341 1380 360 1420 a
382 1361 527 1440 peccatis,
550 1357 722 1435 mortificet,
746 1366 776 1416 et
798 1357 957 1416 resuscitet
978 1357 1008 1415 iu
1032 1357 1134 1416 novis·

211 1443 287 1504 simo
311 1443 371 1517 die,
393 1449 486 1521 atque
507 1443 550 1501 ita
571 1441 740 1521 baptismus
761 1438 947 1500 absolvatur.

293 1525 371 1586 Gum
393 1526 485 1606 igitur
516 1524 646 1603 legimus
669 1528 723 1582 aut
743 1521 897 1597 videmus,
925 1521 1055 1581 Sanctus
1081 1521 1133 1579 mi·

211 1626 276 1668 sere
300 1607 414 1688 affligi,
444 1607 534 1668 variis
555 1609 629 1667 item
652 1607 788 1666 exerceri
811 1603 1052 1677 calamitatibus,
1089 1604 1134 1663 sio

212 1693 400 1768 sentiamus,
433 1690 488 1751 iiia
510 1691 613 1750 omnia
638 1688 705 1749 fieri
727 1709 746 1748 a
767 1689 900 1768 propitio
922 1687 1005 1761 Deo,
1025 1694 1057 1745 ut
1079 1704 1134 1745 eos

212 1772 389 1852 mortificet,
433 1779 465 1834 et
501 1774 546 1832 sic
578 1770 708 1831 satisfiat
750 1777 942 1831 sacramento
982 1769 1134 1848 baptismi,

210 1875 323 1936 nempe
358 1865 391 1916 ut
426 1857 535 1916 mortui
556 1853 753 1934 retingantur.
797 1853 862 1913 Nisi
886 1854 965 1913 enim
989 1850 1050 1912 hoc
1071 1850 1135 1928 flat,

209 1945 237 1999 ut
268 1940 364 2000 variis
393 1939 482 1999 malis
504 1956 705 1998 exerceamur
739 1941 770 1996 et
790 1938 958 2010 iactemur,
991 1943 1135 2014 corrupta

206 2021 286 2082 haec
307 2028 419 2083 natura
440 2023 543 2083 vincet
564 2040 636 2097 nos,
660 2027 694 2080 ut
714 2018 814 2078 nullus
836 2020 875 2079 sit
886 2017 1030 2097 baptismi
1053 2036 1134 2094 usus,

203 2104 260 2164 sed
285 2103 418 2165 subinde
440 2124 457 2165 e
479 2110 607 2182 peccato
642 2104 673 2162 in
704 2108 863 2182 peceatum
885 2100 1076 2178 recidamus,
1104 2110 1135 2162 et

203 2188 286 2248 tales
308 2199 470 2267 perpetuo,
493 2185 600 2265 quales
621 2186 686 2245 uati
707 2205 821 2262 sumus,
843 2202 1031 2244 maneamus.

291 2270 444 2348 Decimo,
478 2288 546 2329 eum
569 2287 644 2348 ergo
671 2274 704 2327 tu
736 2286 804 2327 cum
829 2267 896 2328 Deo
929 2267 991 2326 tale
1025 2268 1134 2346 iungas

197 2352 339 2432 foedus,
369 2353 435 2432 ipse
457 2352 590 2412 vicissim
612 2370 667 2430 per
689 2352 819 2431 gratiam
841 2369 927 2409 suam
950 2368 984 2409 se
1006 2349 1135 2409 obstrin-

195 2437 263 2515 git,
290 2434 374 2514 quod
395 2435 538 2513 reliquias
561 2440 768 2513 peccatorum,
790 2452 869 2512 quae
889 2453 908 2492 a
927 2433 1080 2514 baptismo
1102 2434 1134 2491 iu

198 2526 320 2578 natura
342 2529 394 2578 tua
414 2525 586 2596 supersunt,
609 2516 687 2576 nolit
706 2517 867 2595 imputare,
889 2514 1030 2594 adeoque
1051 2513 1134 2593 quod

197 2608 337 2682 propter
366 2620 419 2661 eas
441 2608 471 2660 te
492 2600 570 2660 nolit
591 2598 807 2659 condemnare.
851 2597 889 2658 Et
918 2599 991 2658 satis
1021 2606 1068 2657 est
1095 2598 1135 2677 ei,

197 2683 333 2763 hocque
361 2682 450 2743 unice
482 2682 614 2763 probat,
649 2683 674 2741 si
696 2681 820 2741 assiduo
856 2680 978 2741 labores
1007 2689 1135 2760 peccata

200 2765 405 2841 mortificare,
428 2771 459 2826 et
481 2774 609 2825 mortem
632 2771 772 2844 exoptes,
792 2782 871 2842 quae
892 2764 1026 2823 innatam
1049 2762 1134 2822 illam

200 2849 244 2910 ad
268 2849 463 2931 peccandum
484 2850 545 2908 vim
569 2847 666 2909 tollat.

290 2931 324 2993 si
345 2933 439 3013 igitur
459 2933 572 2992 sentias
595 2936 625 2990 te
648 2928 735 2989 malis
748 2928 999 3009 cogitationibus,
1021 2947 1135 2989 concu-

204 3015 371 3094 piscentia,
393 3016 464 3074 item
487 3014 555 3074 aliis
579 3011 737 3072 affectibus
755 3012 875 3091 agitari,
896 3013 958 3073 imo
980 3011 1005 3071 si
1027 3011 1134 3072 videas

204 3095 376 3176 aliquando
399 3096 577 3177 prolapsum
612 3102 642 3156 te
664 3096 695 3155 in
718 3102 877 3174 peccatum
900 3093 1046 3173 aliquod,
1081 3093 1135 3154 illa

206 3181 315 3240 omnia
337 3186 420 3240 certo
444 3177 497 3240 tibi
521 3187 592 3239 sunt
614 3178 800 3255 condonata,
822 3178 851 3236 vi
873 3176 1028 3255 foederis,
1051 3175 1135 3257 quod

204 3281 275 3322 curn
301 3262 369 3323 Deo
392 3263 515 3321 iunxisti
539 3263 570 3321 in
593 3262 653 3322 hoo
675 3266 885 3337 sacramento,
916 3261 941 3318 si
974 3259 1066 3320 modo
1090 3278 1134 3319 re·

206 3345 338 3425 sipiscas
361 3365 398 3405 ac
417 3344 526 3405 redeas
548 3344 586 3405 ad
610 3345 670 3404 hoc
690 3342 799 3405 foedus
822 3343 912 3421 eique
933 3341 1051 3402 credas.

290 3425 326 3488 Id
348 3428 431 3507 quod
454 3426 483 3490 S.
506 3427 618 3487 Paulus
640 3427 729 3487 Rom.
751 3427 781 3488 8.
803 3425 927 3504 indicat,
950 3444 1018 3485 cum
1041 3425 1133 3485 dicit:

206 3510 300 3570 Nulla
329 3529 410 3572 nunc
443 3509 660 3571 condemnatio
683 3519 761 3586 etc,
783 3509 813 3568 id
836 3515 902 3586 est,
925 3508 977 3568 ilia
1008 3516 1135 3568 naturae

208 3594 272 3672 vis,
310 3593 431 3671 quaed
453 3591 642 3673 peccandum
670 3593 756 3652 inviti
788 3593 936 3671 rapimur,
970 3593 1134 3669 neminem,

207 3677 312 3756 quiin
336 3675 488 3736 Christum
511 3675 628 3752 credit,
651 3675 864 3753 condemnat,
900 3675 926 3735 si
949 3673 1042 3735 modo
1064 3692 1133 3734 eam

204 3777 270 3818 non
288 3758 461 3836 probemus
480 3777 519 3818 no
542 3757 758 3824 defendamus.

276 3839 354 3898 Item
375 3839 405 3904 Β.
418 3833 585 3906 Jobannss
608 3846 641 3906 in
666 3864 726 3910 sua
749 3844 914 3910 canonica
933 3844 1018 3910 ets.
1034 3838 1079 3902 bi
1094 3835 1170 3917 uum
