2709 4417
166 361 170 366 ’
221 347 285 415 452
308 362 313 371 “
444 348 479 406 V.
499 346 604 409 Ooneio
624 348 657 403 l).
676 347 711 405 Ι.
732 349 761 399 L.
777 347 816 402 de
836 349 963 401 matrim.

225 543 257 599 at
277 536 487 616 utilissimum,
519 537 601 615 quod
623 556 686 598 non
709 536 811 597 solum
833 536 940 597 debita
963 534 1141 594 matrimonii

225 627 257 681 et
276 621 541 700 imperfectiones,
563 638 667 680 verum
691 621 783 681 etiam
807 620 914 680 omnia
934 617 1001 679 alia
1021 623 1139 698 peccata

224 702 362 781 tolleret,
399 705 424 764 si
456 703 550 764 modo
574 702 668 762 falsus
696 722 783 763 amor
803 703 943 783 lapsae
934 707 1065 762 naturae
1084 718 1155 771 uon¹
1200 768 1221 793 Ἴ

225 785 422 865 usqueadeo
446 786 628 848 obcaecaret
650 787 779 847 miseros
801 775 961 866 parentes,
985 784 1037 864 qui
1056 783 1136 862 pluris
1198 808 1221 824 ’Δ

224 867 339 929 faciunt
327 875 524 949 tpuerorum
547 887 696 964 corpora,
725 887 816 948 quam
838 870 973 930 animos.
996 866 1075 926 Hinc
1093 866 1135 926 Sa·

223 952 394 1027 lomon*):
418 951 478 1027 Qui
498 953 596 1032 parcit
605 971 720 1033 virgae,
743 954 769 1012 is
792 951 860 1012 0d1t
871 950 971 1012 filium
982 950 1134 1030 proprium,

225 1041 257 1095 et
277 1036 328 1131 qui
351 1034 450 1115 diligit
471 1032 584 1114 filium,
599 1037 721 1115 saepius
744 1036 884 1116 castigat.
909 1034 1020 1096 Sunt'
1012 1053 1043 1093 ιιι
1056 1031 1134 1093 corde

225 1119 310 1197 pueri
333 1118 425 1178 stulta
447 1117 571 1178 decreta
605 1127 636 1177 et
663 1118 809 1197 puerilia,
843 1137 925 1198 quae
954 1135 1013 1197 per
1033 1117 1133 1196 virgam
1188 1114 1221 1154 ³5

224 1199 380 1261 tolluntur
423 1201 503 1260 Hinc
522 1200 620 1265 idem:
651 1201 684 1262 si
711 1201 796 1282 virga
823 1200 1018 1281 percusseris
1045 1197 1133 1276 lilium,
1189 1261 1195 1269 ,

222 1282 354 1345 redimes
376 1285 509 1344 animam
531 1285 596 1344 eius
619 1283 657 1344 ab
680 1283 811 1344 inferno.
1203 1281 1221 1317 ‘²

164 1366 169 1373 '
304 1366 441 1428 Necesse
463 1374 528 1444 est,
555 1373 589 1427 ιιι
611 1367 785 1448 diligentius
815 1374 847 1427 et
874 1365 1065 1446 frequentius
1083 1382 1131 1424 ma
1188 1364 1221 1402 ²²

223 1447 356 1510 ditentur
377 1452 541 1530 coniuges,
573 1469 653 1528 quac
682 1450 772 1510 saluti
803 1451 928 1511 animae
962 1447 1130 1525 conducunt,
1188 1446 1221 1484 -Ἔ

223 1551 313 1611 quam
338 1551 417 1611 quae
440 1533 589 1613 corporis.
632 1533 740 1612 ltaque
768 1533 893 1594 tandem
925 1533 974 1592 sic
999 1531 1052 1592 tibi
1077 1549 1160 1611 per·-

223 1615 328 1693 suade,
351 1615 434 1694 quod
457 1636 533 1697 puer
555 1622 602 1676 est
623 1634 680 1676 ceu
703 1615 863 1676 thesaurus
887 1615 1021 1675 eximius
1042 1612 1156 1681 alico,

223 1699 405 1759 commissus
429 1718 541 1779 magna
554 1698 713 1779 diligentia
730 1697 962 1778 custodiendus,
984 1716 1025 1758 ne
1045 1715 1063 1757 a
1082 1695 1132 1758 dio
1195 1696 1221 1727 ³¹

223 1780 307 1860 bolo,
330 1782 444 1842 mundo
468 1783 518 1842 vel
540 1800 632 1842 carna
649 1783 749 1863 possit
769 1783 886 1861 seduci,
909 1787 942 1842 et
963 1779 1046 1860 quod
1062 1779 1132 1838 huno

223 1863 397 1925 thesaurum
428 1866 459 1925 in
487 1872 586 1925 morte
623 1871 654 1925 et
686 1872 825 1926 extremo
855 1864 972 1926 iudicio
1001 1869 1132 1924 accurato

224 1949 367 2007 examine
389 1949 572 2027 repetiturus
595 1949 634 2007 sit
654 1947 750 2010 Deus.
792 1948 882 2009 Unde
911 1947 993 2007 euim
1024 1946 1132 2006 misera-

223 2029 292 2089 bilis
315 2030 455 2106 eiulatus,
479 2038 510 2090 et
521 2029 691 2091 horrendus
713 2031 804 2091 fletus
827 2050 943 2108 earum,
967 2047 1045 2108 quae
1059 2027 1131 2108 plan·
1212 2061 1221 2097 ς

222 2118 307 2193 gent,
329 2113 548 2189 dicentes**):
581 2114 669 2174 Beati
692 2121 830 2192 ventres,
852 2115 903 2193 qui
926 2131 990 2173 non
1020 2130 1132 2194 pepere
1217 2145 1221 2186 1;

223 2202 308 2273 runt,
338 2206 369 2256 st
390 2196 482 2256 beata
505 2194 607 2268 ubera,
630 2215 711 2276 quae
732 2217 797 2258 non
817 2195 1032 2257 lactaverunt?
1072 2194 1133 2254 Pro
1218 2195 1221 2263 l

224 2278 273 2337 cul
301 2278 394 2339 dubio
429 2299 468 2338 ex
489 2280 564 2356 hoc,
599 2279 683 2359 quod
712 2279 792 2341 filjos
823 2281 1007 2341 commissos
1039 2277 1133 2338 aDao

223 2362 358 2441 pessime
380 2361 556 2424 educarunt.
601 2361 627 2422 Ο
650 2370 789 2424 sanctam
812 2363 1024 2424 conditionem
1047 2361 1134 2421 matri-

223 2445 328 2520 monii,
352 2446 377 2504 si
400 2454 493 2524 recte,
516 2447 668 2523 miseram,
690 2447 716 2507 si
738 2447 819 2507 male
840 2447 932 2508 fuerit
954 2444 1119 2505 observata.

305 2527 390 2587 Haec
419 2529 534 2608 siquis
562 2529 834 2609 animadverteret,
868 2528 1015 2589 facillime
1037 2544 1134 2586 concu-

224 2611 404 2690 piscentiam
428 2613 528 2671 carnis
550 2611 727 2691 refrenaret,
750 2619 781 2674 et
802 2612 942 2674 fortassis
965 2611 1055 2671 citius
1075 2610 1134 2669 arri·

223 2698 310 2772 peret
330 2694 499 2756 institutum
524 2695 722 2774 virginitatis,
745 2714 835 2775 quam
860 2694 1058 2756 matrimonii.
1097 2692 1134 2751 lu-

222 2783 330 2836 ventus
364 2776 563 2857 cupiditatum
596 2797 714 2858 sequax
751 2779 828 2840 haec
856 2797 914 2839 ceu
938 2797 1036 2859 parva
1057 2775 1135 2835 aesli-

223 2865 301 2936 mat,
334 2859 417 2920 Deus
447 2868 549 2921 autem
579 2880 642 2922 non
672 2863 738 2941 sic,
776 2863 828 2942 qui
856 2863 937 2922 iuste
958 2860 1135 2921 iudicaturus

222 2942 427 3022 magnifaciet

614 3026 748 3088 Summa.

304 3106 336 3169 Si
359 3109 404 3167 vis
427 3127 529 3168 veram
558 3129 652 3189 agere
673 3110 913 3206 poenitentiam,
944 3127 1080 3170 summas
1099 3108 1136 3166 iu

223 3188 397 3270 dulgentias
414 3191 465 3251 hic
486 3198 517 3251 et
539 3192 611 3254 alibi
627 3194 794 3273 acquirere,
810 3192 942 3253 feliciter
953 3194 1042 3270 mori,
1062 3198 1135 3252 tuam

221 3274 396 3369 prosapiam
418 3276 523 3354 augeri
554 3283 584 3335 et
606 3275 801 3373 amplificari,
833 3295 955 3336 summa
975 3275 1138 3355 diligentia,

223 3357 294 3416 totis
317 3356 431 3417 viribus
455 3376 587 3436 conare,
622 3366 655 3419 ut
674 3361 762 3440 pueri
783 3359 863 3420 bena
885 3360 1096 3437 instituantur,
1115 3357 1137 3415 si

220 3457 275 3517 par
297 3447 327 3499 te
350 3459 412 3499 non
435 3405 649 3520 potes,1ftere
673 3443 803 3503 aliorum
825 3461 936 3522 opera,
960 3442 1014 3522 qui
1036 3442 1137 3515 sciant,

221 3523 342 3599 possint
373 3530 405 3582 et
433 3524 544 3602 velint,
572 3544 632 3584 nec
658 3544 752 3605 parce
777 3525 893 3604 labori,
931 3525 1073 3606 pecuniis
1093 3530 1139 3583 aut
1193 3584 1197 3595 ,

219 3606 361 3684 sumptui
406 3605 491 3667 Haeo
512 3614 583 3667 sunt
571 3608 723 3683 taltaria,
744 3615 946 3687 testamenta,
967 3608 1093 3689 vigiliae
1113 3610 1140 3665 at

218 3687 331 3751 missae
359 3688 485 3751 defunct
472 3696 586 3769 torum,
611 3692 690 3752 item
713 3692 832 3750 lumina
841 3710 959 3768 ,quae
987 3690 1045 3754 tibi
1066 3691 1138 3750 luce-

212 3836 250 3841 —-
259 3835 344 3843 ..ο-..-
354 3830 559 3841 .μα’-οη-..-
531 3827 657 3836 ..ω-,ή-

287 3887 323 3959 *)
344 3885 497 3943 Proverb.
515 3881 564 3938 ld.
600 3879 615 3910 ⁴*
620 3874 776 3944 *Sinuesa
789 3869 842 3923 ‘aa
