<?xml version="1.0" encoding="UTF-8"?>
<!DOCTYPE html PUBLIC "-//W3C//DTD XHTML 1.0 Transitional//EN"
    "http://www.w3.org/TR/xhtml1/DTD/xhtml1-transitional.dtd">
<html xmlns="http://www.w3.org/1999/xhtml" xml:lang="en" lang="en">
 <head>
  <title>
</title>
<meta http-equiv="Content-Type" content="text/html;charset=utf-8" />
  <meta name='ocr-system' content='tesseract 3.04.00' />
  <meta name='ocr-capabilities' content='ocr_page ocr_carea ocr_par ocr_line ocrx_word'/>
</head>
<body>
  <div class='ocr_page' id='page_1' title='image "./operalatinavari00schmgoog_0109.png"; bbox 0 0 2709 4417; ppageno 0'>
   <div class='ocr_carea' id='block_1_1' title="bbox 551 345 1154 415">
    <p class='ocr_par' dir='ltr' id='par_1_1' title="bbox 551 345 1154 415">
     <span class='ocr_line' id='line_1_1' title="bbox 551 345 1154 415; baseline 0.005 -17"><span class='ocrx_word' id='word_1_1' title='bbox 551 345 705 399; x_wconf 77' lang='lat' dir='ltr'><strong>allotartir</strong></span> <span class='ocrx_word' id='word_1_2' title='bbox 723 351 850 415; x_wconf 67' lang='lat' dir='ltr'><strong>sumpta</strong></span> <span class='ocrx_word' id='word_1_3' title='bbox 1112 346 1154 415; x_wconf 80' lang='grc'><strong>97</strong></span> 
     </span>
    </p>
   </div>
   <div class='ocr_carea' id='block_1_2' title="bbox 146 526 1154 1151">
    <p class='ocr_par' dir='ltr' id='par_1_2' title="bbox 146 526 1154 1151">
     <span class='ocr_line' id='line_1_2' title="bbox 146 526 1153 612; baseline 0.009 -27"><span class='ocrx_word' id='word_1_4' title='bbox 146 590 150 605; x_wconf 45' lang='grc' dir='ltr'>Ι</span> <span class='ocrx_word' id='word_1_5' title='bbox 236 527 358 603; x_wconf 86' lang='lat' dir='ltr'><strong>tatione,</strong></span> <span class='ocrx_word' id='word_1_6' title='bbox 382 526 465 604; x_wconf 90' lang='lat' dir='ltr'><strong>quod</strong></span> <span class='ocrx_word' id='word_1_7' title='bbox 488 529 884 611; x_wconf 76' lang='lat' dir='ltr'><strong>aedificaresuperpetram</strong></span> <span class='ocrx_word' id='word_1_8' title='bbox 900 529 1061 612; x_wconf 83' lang='lat' dir='ltr'><strong>signifieat,</strong></span> <span class='ocrx_word' id='word_1_9' title='bbox 1085 532 1153 594; x_wconf 92' lang='lat' dir='ltr'><strong>sub·</strong></span> 
     </span>
     <span class='ocr_line' id='line_1_3' title="bbox 146 609 1154 697; baseline 0.01 -30"><span class='ocrx_word' id='word_1_10' title='bbox 146 628 148 633; x_wconf 93' lang='lat'>·</span> <span class='ocrx_word' id='word_1_11' title='bbox 236 628 299 668; x_wconf 86' lang='lat' dir='ltr'><strong>asse</strong></span> <span class='ocrx_word' id='word_1_12' title='bbox 318 609 472 690; x_wconf 82' lang='lat' dir='ltr'><strong>praelato,</strong></span> <span class='ocrx_word' id='word_1_13' title='bbox 495 614 561 673; x_wconf 88' lang='lat' dir='ltr'><strong>sive</strong></span> <span class='ocrx_word' id='word_1_14' title='bbox 583 613 675 690; x_wconf 90' lang='lat' dir='ltr'><strong>bono,</strong></span> <span class='ocrx_word' id='word_1_15' title='bbox 697 615 763 674; x_wconf 81' lang='lat' dir='ltr'><strong>sive</strong></span> <span class='ocrx_word' id='word_1_16' title='bbox 776 612 868 674; x_wconf 92' lang='lat' dir='ltr'><strong>malo.</strong></span> <span class='ocrx_word' id='word_1_17' title='bbox 892 613 970 674; x_wconf 84' lang='lat' dir='ltr'><strong>Nam</strong></span> <span class='ocrx_word' id='word_1_18' title='bbox 992 614 1073 677; x_wconf 88' lang='lat' dir='ltr'><strong>hano</strong></span> <span class='ocrx_word' id='word_1_19' title='bbox 1094 617 1154 697; x_wconf 81' lang='lat' dir='ltr'><strong>sig-</strong></span> 
     </span>
     <span class='ocr_line' id='line_1_4' title="bbox 146 691 1153 779; baseline 0.009 -29"><span class='ocrx_word' id='word_1_20' title='bbox 146 696 157 761; x_wconf 59' lang='grc' dir='ltr'><strong>ὲ</strong></span> <span class='ocrx_word' id='word_1_21' title='bbox 239 691 437 753; x_wconf 83' lang='lat' dir='ltr'><strong>uideatiouem</strong></span> <span class='ocrx_word' id='word_1_22' title='bbox 478 695 702 757; x_wconf 86' lang='lat' dir='ltr'><strong>aedifioationis</strong></span> <span class='ocrx_word' id='word_1_23' title='bbox 736 704 767 758; x_wconf 92' lang='lat' dir='ltr'><strong>et</strong></span> <span class='ocrx_word' id='word_1_24' title='bbox 808 703 915 776; x_wconf 85' lang='lat' dir='ltr'><strong>petrae</strong></span> <span class='ocrx_word' id='word_1_25' title='bbox 944 697 1043 757; x_wconf 80' lang='lat' dir='ltr'><strong>fateor</strong></span> <span class='ocrx_word' id='word_1_26' title='bbox 1068 699 1153 779; x_wconf 87' lang='lat' dir='ltr'><strong>prius</strong></span> 
     </span>
     <span class='ocr_line' id='line_1_5' title="bbox 146 772 1152 858; baseline 0.011 -26"><span class='ocrx_word' id='word_1_27' title='bbox 146 772 163 855; x_wconf 61' lang='grc' dir='ltr'><strong>-ὲ,</strong></span> <span class='ocrx_word' id='word_1_28' title='bbox 239 775 425 858; x_wconf 77' lang='lat' dir='ltr'><strong>ignoratam,</strong></span> <span class='ocrx_word' id='word_1_29' title='bbox 457 780 531 856; x_wconf 90' lang='lat' dir='ltr'><strong>quia</strong></span> <span class='ocrx_word' id='word_1_30' title='bbox 552 779 629 839; x_wconf 85' lang='lat' dir='ltr'>dixit</span> <span class='ocrx_word' id='word_1_31' title='bbox 649 781 758 841; x_wconf 87' lang='lat' dir='ltr'><strong>etiam:</strong></span> <span class='ocrx_word' id='word_1_32' title='bbox 794 778 827 840; x_wconf 83' lang='lat' dir='ltr'><strong>Si</strong></span> <span class='ocrx_word' id='word_1_33' title='bbox 857 778 1019 842; x_wconf 73' lang='lat' dir='ltr'><strong>cecidisset</strong></span> <span class='ocrx_word' id='word_1_34' title='bbox 1045 781 1152 843; x_wconf 89' lang='lat' dir='ltr'><strong>Petrus</strong></span> 
     </span>
     <span class='ocr_line' id='line_1_6' title="bbox 146 856 1154 1001; baseline 0.009 -84"><span class='ocrx_word' id='word_1_35' title='bbox 146 858 169 937; x_wconf 57' lang='lat' dir='ltr'><strong>l</strong></span> <span class='ocrx_word' id='word_1_36' title='bbox 241 856 410 1001; x_wconf 48' lang='lat' dir='ltr'><strong>nssretlsliter,</strong></span> <span class='ocrx_word' id='word_1_37' title='bbox 432 861 535 921; x_wconf 87' lang='lat' dir='ltr'><strong>adhue</strong></span> <span class='ocrx_word' id='word_1_38' title='bbox 557 863 720 923; x_wconf 87' lang='lat' dir='ltr'><strong>mansisset</strong></span> <span class='ocrx_word' id='word_1_39' title='bbox 731 869 829 943; x_wconf 89' lang='lat' dir='ltr'><strong>petra,</strong></span> <span class='ocrx_word' id='word_1_40' title='bbox 851 862 961 942; x_wconf 86' lang='lat' dir='ltr'><strong>idest,</strong></span> <span class='ocrx_word' id='word_1_41' title='bbox 983 865 1099 944; x_wconf 86' lang='lat' dir='ltr'><strong>primus</strong></span> <span class='ocrx_word' id='word_1_42' title='bbox 1121 872 1154 927; x_wconf 84' lang='lat' dir='ltr'><strong>st</strong></span> 
     </span>
     <span class='ocr_line' id='line_1_7' title="bbox 146 936 394 1151; baseline 0 -149"><span class='ocrx_word' id='word_1_43' title='bbox 146 936 177 1151; x_wconf 40' lang='grc'><strong>1</strong></span> <span class='ocrx_word' id='word_1_44' title='bbox 241 961 257 1022; x_wconf 83' lang='lat' dir='ltr'>p</span> <span class='ocrx_word' id='word_1_45' title='bbox 315 947 394 1002; x_wconf 88' lang='lat' dir='ltr'><strong>atus.</strong></span> 
     </span>
    </p>
   </div>
   <div class='ocr_carea' id='block_1_3' title="bbox 146 1021 1177 3941">
    <p class='ocr_par' dir='ltr' id='par_1_3' title="bbox 146 1021 1177 3941">
     <span class='ocr_line' id='line_1_8' title="bbox 311 1021 1151 1108; baseline 0.007 -25"><span class='ocrx_word' id='word_1_46' title='bbox 311 1021 403 1097; x_wconf 79' lang='lat' dir='ltr'><strong>Quod</strong></span> <span class='ocrx_word' id='word_1_47' title='bbox 424 1025 520 1105; x_wconf 88' lang='lat' dir='ltr'><strong>dioit,</strong></span> <span class='ocrx_word' id='word_1_48' title='bbox 549 1026 622 1088; x_wconf 90' lang='lat' dir='ltr'><strong>olim</strong></span> <span class='ocrx_word' id='word_1_49' title='bbox 647 1029 812 1108; x_wconf 74' lang='lat' dir='ltr'><strong>episcopos</strong></span> <span class='ocrx_word' id='word_1_50' title='bbox 842 1047 905 1089; x_wconf 92' lang='lat' dir='ltr'><strong>uon</strong></span> <span class='ocrx_word' id='word_1_51' title='bbox 927 1028 1022 1087; x_wconf 88' lang='lat' dir='ltr'><strong>luisse</strong></span> <span class='ocrx_word' id='word_1_52' title='bbox 1043 1027 1151 1090; x_wconf 87' lang='lat' dir='ltr'><strong>oouflr·</strong></span> 
     </span>
     <span class='ocr_line' id='line_1_9' title="bbox 146 1108 1152 1189; baseline 0.005 -22"><span class='ocrx_word' id='word_1_53' title='bbox 146 1134 175 1187; x_wconf 77' lang='lat'><strong>·,</strong></span> <span class='ocrx_word' id='word_1_54' title='bbox 244 1113 339 1186; x_wconf 86' lang='lat' dir='ltr'><strong>ustos,</strong></span> <span class='ocrx_word' id='word_1_55' title='bbox 360 1108 422 1167; x_wconf 90' lang='lat' dir='ltr'><strong>nisi</strong></span> <span class='ocrx_word' id='word_1_56' title='bbox 441 1111 587 1189; x_wconf 89' lang='lat' dir='ltr'><strong>praestita</strong></span> <span class='ocrx_word' id='word_1_57' title='bbox 600 1111 716 1172; x_wconf 83' lang='lat' dir='ltr'><strong>soheda</strong></span> <span class='ocrx_word' id='word_1_58' title='bbox 736 1110 818 1189; x_wconf 88' lang='lat' dir='ltr'><strong>fidei,</strong></span> <span class='ocrx_word' id='word_1_59' title='bbox 829 1110 968 1189; x_wconf 90' lang='lat' dir='ltr'><strong>admitto,</strong></span> <span class='ocrx_word' id='word_1_60' title='bbox 991 1110 1057 1170; x_wconf 90' lang='lat' dir='ltr'><strong>shm</strong></span> <span class='ocrx_word' id='word_1_61' title='bbox 1079 1131 1152 1172; x_wconf 85' lang='lat' dir='ltr'><strong>eou-</strong></span> 
     </span>
     <span class='ocr_line' id='line_1_10' title="bbox 146 1192 1151 1270; baseline 0.002 -15"><span class='ocrx_word' id='word_1_62' title='bbox 146 1208 177 1255; x_wconf 79' lang='grc'><strong>·.;</strong></span> <span class='ocrx_word' id='word_1_63' title='bbox 243 1196 340 1269; x_wconf 81' lang='lat' dir='ltr'><strong>tantus,</strong></span> <span class='ocrx_word' id='word_1_64' title='bbox 363 1210 474 1252; x_wconf 85' lang='lat' dir='ltr'><strong>verum</strong></span> <span class='ocrx_word' id='word_1_65' title='bbox 496 1192 571 1252; x_wconf 88' lang='lat' dir='ltr'>nihil</span> <span class='ocrx_word' id='word_1_66' title='bbox 594 1193 633 1253; x_wconf 88' lang='lat' dir='ltr'><strong>ad</strong></span> <span class='ocrx_word' id='word_1_67' title='bbox 654 1196 702 1254; x_wconf 89' lang='lat' dir='ltr'><strong>ius</strong></span> <span class='ocrx_word' id='word_1_68' title='bbox 724 1193 871 1270; x_wconf 88' lang='lat' dir='ltr'><strong>divinum,</strong></span> <span class='ocrx_word' id='word_1_69' title='bbox 892 1193 968 1254; x_wconf 89' lang='lat' dir='ltr'><strong>nihil</strong></span> <span class='ocrx_word' id='word_1_70' title='bbox 990 1195 1071 1254; x_wconf 88' lang='lat' dir='ltr'><strong>euim</strong></span> <span class='ocrx_word' id='word_1_71' title='bbox 1100 1194 1151 1257; x_wconf 82' lang='lat' dir='ltr'><strong>de-</strong></span> 
     </span>
     <span class='ocr_line' id='line_1_11' title="bbox 146 1272 871 1355; baseline 0 -19"><span class='ocrx_word' id='word_1_72' title='bbox 146 1278 181 1355; x_wconf 60' lang='lat' dir='ltr'><strong>esi</strong></span> <span class='ocrx_word' id='word_1_73' title='bbox 243 1291 304 1353; x_wconf 80' lang='lat' dir='ltr'><strong>rogo</strong></span> <span class='ocrx_word' id='word_1_74' title='bbox 326 1272 480 1353; x_wconf 85' lang='lat' dir='ltr'><strong>Pontifiei,</strong></span> <span class='ocrx_word' id='word_1_75' title='bbox 504 1275 651 1354; x_wconf 89' lang='lat' dir='ltr'><strong>quidquid</strong></span> <span class='ocrx_word' id='word_1_76' title='bbox 672 1277 812 1338; x_wconf 83' lang='lat' dir='ltr'><strong>tribuitur</strong></span> <span class='ocrx_word' id='word_1_77' title='bbox 833 1277 871 1336; x_wconf 88' lang='lat' dir='ltr'><strong>ei.</strong></span> 
     </span>
     <span class='ocr_line' id='line_1_12' title="bbox 146 1356 1151 1436; baseline 0.002 -17"><span class='ocrx_word' id='word_1_78' title='bbox 146 1358 184 1423; x_wconf 71' lang='lat' dir='ltr'><strong>zi</strong></span> <span class='ocrx_word' id='word_1_79' title='bbox 310 1356 386 1416; x_wconf 90' lang='lat' dir='ltr'><strong>Post</strong></span> <span class='ocrx_word' id='word_1_80' title='bbox 407 1357 487 1419; x_wconf 82' lang='lat' dir='ltr'><strong>haee</strong></span> <span class='ocrx_word' id='word_1_81' title='bbox 514 1358 642 1419; x_wconf 88' lang='lat' dir='ltr'><strong>adduxit</strong></span> <span class='ocrx_word' id='word_1_82' title='bbox 664 1359 827 1420; x_wconf 81' lang='lat' dir='ltr'><strong>Nicolaum</strong></span> <span class='ocrx_word' id='word_1_83' title='bbox 850 1358 1026 1436; x_wconf 78' lang='lat' dir='ltr'><strong>Cusanum,</strong></span> <span class='ocrx_word' id='word_1_84' title='bbox 1049 1369 1081 1421; x_wconf 88' lang='lat' dir='ltr'><strong>et</strong></span> <span class='ocrx_word' id='word_1_85' title='bbox 1100 1380 1151 1421; x_wconf 84' lang='lat' dir='ltr'><strong>ex·</strong></span> 
     </span>
     <span class='ocr_line' id='line_1_13' title="bbox 146 1436 1150 1521; baseline 0.001 -18"><span class='ocrx_word' id='word_1_86' title='bbox 146 1465 153 1503; x_wconf 69' lang='lat' dir='ltr'><strong>e</strong></span> <span class='ocrx_word' id='word_1_87' title='bbox 178 1436 193 1499; x_wconf 86' lang='grc'><strong>”,</strong></span> <span class='ocrx_word' id='word_1_88' title='bbox 244 1441 345 1499; x_wconf 81' lang='lat' dir='ltr'><strong>uusavit</strong></span> <span class='ocrx_word' id='word_1_89' title='bbox 382 1440 567 1503; x_wconf 87' lang='lat' dir='ltr'><strong>Anaeletum</strong></span> <span class='ocrx_word' id='word_1_90' title='bbox 597 1441 627 1503; x_wconf 84' lang='lat' dir='ltr'><strong>S.</strong></span> <span class='ocrx_word' id='word_1_91' title='bbox 653 1444 767 1521; x_wconf 88' lang='lat' dir='ltr'><strong>virum,</strong></span> <span class='ocrx_word' id='word_1_92' title='bbox 797 1442 879 1521; x_wconf 92' lang='lat' dir='ltr'><strong>quod</strong></span> <span class='ocrx_word' id='word_1_93' title='bbox 914 1462 975 1503; x_wconf 92' lang='lat' dir='ltr'><strong>nou</strong></span> <span class='ocrx_word' id='word_1_94' title='bbox 1003 1443 1093 1504; x_wconf 83' lang='lat' dir='ltr'><strong>firerit</strong></span> <span class='ocrx_word' id='word_1_95' title='bbox 1122 1445 1150 1504; x_wconf 93' lang='lat' dir='ltr'><strong>ei</strong></span> 
     </span>
     <span class='ocr_line' id='line_1_14' title="bbox 146 1460 1150 1603; baseline 0.001 -18"><span class='ocrx_word' id='word_1_96' title='bbox 146 1460 194 1601; x_wconf 66' lang='lat' dir='ltr'><strong>mh</strong></span> <span class='ocrx_word' id='word_1_97' title='bbox 244 1524 406 1582; x_wconf 76' lang='lat' dir='ltr'><strong>umessaria</strong></span> <span class='ocrx_word' id='word_1_98' title='bbox 428 1530 514 1585; x_wconf 90' lang='lat' dir='ltr'><strong>tauta</strong></span> <span class='ocrx_word' id='word_1_99' title='bbox 541 1524 691 1603; x_wconf 86' lang='lat' dir='ltr'><strong>seientia,</strong></span> <span class='ocrx_word' id='word_1_100' title='bbox 720 1532 782 1586; x_wconf 90' lang='lat' dir='ltr'><strong>tam</strong></span> <span class='ocrx_word' id='word_1_101' title='bbox 811 1532 918 1586; x_wconf 86' lang='lat' dir='ltr'><strong>saneto</strong></span> <span class='ocrx_word' id='word_1_102' title='bbox 947 1527 1013 1586; x_wconf 88' lang='lat' dir='ltr'><strong>viro</strong></span> <span class='ocrx_word' id='word_1_103' title='bbox 1042 1527 1150 1588; x_wconf 84' lang='lat' dir='ltr'><strong>fateor.</strong></span> 
     </span>
     <span class='ocr_line' id='line_1_15' title="bbox 146 1605 1150 1686; baseline 0.011 -28"><span class='ocrx_word' id='word_1_104' title='bbox 146 1612 197 1675; x_wconf 69' lang='lat' dir='ltr'><strong>‚rzt&#39;</strong></span> <span class='ocrx_word' id='word_1_105' title='bbox 243 1605 450 1669; x_wconf 77' lang='lat' dir='ltr'><strong>Verumtamen</strong></span> <span class='ocrx_word' id='word_1_106' title='bbox 477 1626 598 1668; x_wconf 89' lang='lat' dir='ltr'><strong>summo</strong></span> <span class='ocrx_word' id='word_1_107' title='bbox 631 1607 797 1684; x_wconf 79' lang='lat' dir='ltr'><strong>Pontifici,</strong></span> <span class='ocrx_word' id='word_1_108' title='bbox 830 1609 896 1668; x_wconf 84' lang='lat' dir='ltr'><strong>sive</strong></span> <span class='ocrx_word' id='word_1_109' title='bbox 925 1616 1056 1686; x_wconf 88' lang='lat' dir='ltr'><strong>saneto,</strong></span> <span class='ocrx_word' id='word_1_110' title='bbox 1084 1611 1150 1670; x_wconf 86' lang='lat' dir='ltr'><strong>sive</strong></span> 
     </span>
     <span class='ocr_line' id='line_1_16' title="bbox 189 1684 1150 1772; baseline 0.007 -26"><span class='ocrx_word' id='word_1_111' title='bbox 189 1684 193 1701; x_wconf 93' lang='lat'>&#39;</span> <span class='ocrx_word' id='word_1_112' title='bbox 243 1706 291 1748; x_wconf 87' lang='lat' dir='ltr'><strong>nou</strong></span> <span class='ocrx_word' id='word_1_113' title='bbox 312 1695 448 1768; x_wconf 87' lang='lat' dir='ltr'><strong>saneto,</strong></span> <span class='ocrx_word' id='word_1_114' title='bbox 472 1699 560 1771; x_wconf 87' lang='lat' dir='ltr'><strong>turpe</strong></span> <span class='ocrx_word' id='word_1_115' title='bbox 582 1696 629 1750; x_wconf 91' lang='lat' dir='ltr'><strong>est</strong></span> <span class='ocrx_word' id='word_1_116' title='bbox 651 1691 815 1772; x_wconf 88' lang='lat' dir='ltr'><strong>evangelia</strong></span> <span class='ocrx_word' id='word_1_117' title='bbox 835 1692 997 1771; x_wconf 87' lang='lat' dir='ltr'><strong>ignorare,</strong></span> <span class='ocrx_word' id='word_1_118' title='bbox 1019 1709 1088 1751; x_wconf 89' lang='lat' dir='ltr'><strong>oum</strong></span> <span class='ocrx_word' id='word_1_119' title='bbox 1110 1694 1150 1753; x_wconf 92' lang='lat' dir='ltr'><strong>sit</strong></span> 
     </span>
     <span class='ocr_line' id='line_1_17' title="bbox 146 1720 1150 1854; baseline 0.005 -22"><span class='ocrx_word' id='word_1_120' title='bbox 146 1720 197 1832; x_wconf 69' lang='lat' dir='ltr'><strong>‘ul</strong></span> <span class='ocrx_word' id='word_1_121' title='bbox 242 1778 332 1850; x_wconf 84' lang='lat' dir='ltr'><strong>pastor</strong></span> <span class='ocrx_word' id='word_1_122' title='bbox 354 1773 460 1835; x_wconf 86' lang='lat' dir='ltr'><strong>ovium</strong></span> <span class='ocrx_word' id='word_1_123' title='bbox 484 1779 515 1833; x_wconf 91' lang='lat' dir='ltr'><strong>et</strong></span> <span class='ocrx_word' id='word_1_124' title='bbox 536 1774 645 1834; x_wconf 88' lang='lat' dir='ltr'><strong>doetor</strong></span> <span class='ocrx_word' id='word_1_125' title='bbox 666 1774 828 1854; x_wconf 86' lang='lat' dir='ltr'><strong>evangelii.</strong></span> <span class='ocrx_word' id='word_1_126' title='bbox 871 1773 947 1834; x_wconf 82' lang='lat' dir='ltr'><strong>Cum</strong></span> <span class='ocrx_word' id='word_1_127' title='bbox 969 1780 1071 1834; x_wconf 90' lang='lat' dir='ltr'><strong>autem</strong></span> <span class='ocrx_word' id='word_1_128' title='bbox 1094 1775 1150 1837; x_wconf 82' lang='lat' dir='ltr'><strong>Ce-</strong></span> 
     </span>
     <span class='ocr_line' id='line_1_18' title="bbox 158 1854 1148 1937; baseline 0.004 -20"><span class='ocrx_word' id='word_1_129' title='bbox 158 1872 201 1934; x_wconf 72' lang='lat' dir='ltr'><strong>put</strong></span> <span class='ocrx_word' id='word_1_130' title='bbox 241 1854 289 1934; x_wconf 80' lang='lat' dir='ltr'><strong>phe</strong></span> <span class='ocrx_word' id='word_1_131' title='bbox 308 1855 531 1936; x_wconf 84' lang='lat' dir='ltr'><strong>interpretetur</strong></span> <span class='ocrx_word' id='word_1_132' title='bbox 552 1876 608 1936; x_wconf 90' lang='lat' dir='ltr'><strong>per</strong></span> <span class='ocrx_word' id='word_1_133' title='bbox 628 1857 1042 1937; x_wconf 80' lang='lat' dir='ltr'><strong>lohannemEvaugelistam</strong></span> <span class='ocrx_word' id='word_1_134' title='bbox 1065 1862 1148 1921; x_wconf 77' lang='lat' dir='ltr'><strong>eal.</strong></span> 
     </span>
     <span class='ocr_line' id='line_1_19' title="bbox 162 1935 1150 2020; baseline 0.007 -25"><span class='ocrx_word' id='word_1_135' title='bbox 162 1954 198 2014; x_wconf 22' lang='lat' dir='ltr'><strong>¹:nur</strong></span> <span class='ocrx_word' id='word_1_136' title='bbox 217 1960 220 1969; x_wconf 94' lang='lat'>·</span> <span class='ocrx_word' id='word_1_137' title='bbox 240 1935 396 1998; x_wconf 82' lang='lat' dir='ltr'><strong>liuentem:</strong></span> <span class='ocrx_word' id='word_1_138' title='bbox 429 1939 476 1999; x_wconf 77' lang='lat' dir='ltr'><strong>&#39;l&#39;u</strong></span> <span class='ocrx_word' id='word_1_139' title='bbox 497 1958 531 1999; x_wconf 89' lang='lat' dir='ltr'><strong>es</strong></span> <span class='ocrx_word' id='word_1_140' title='bbox 553 1939 671 2017; x_wconf 81' lang='lat' dir='ltr'><strong>Simon,</strong></span> <span class='ocrx_word' id='word_1_141' title='bbox 694 1947 726 1999; x_wconf 95' lang='lat' dir='ltr'><strong>tu</strong></span> <span class='ocrx_word' id='word_1_142' title='bbox 746 1939 908 2001; x_wconf 79' lang='lat' dir='ltr'><strong>vocaberis</strong></span> <span class='ocrx_word' id='word_1_143' title='bbox 930 1940 1044 2020; x_wconf 81' lang='lat' dir='ltr'><strong>Cephe,</strong></span> <span class='ocrx_word' id='word_1_144' title='bbox 1067 1941 1150 2019; x_wconf 89' lang='lat' dir='ltr'><strong>quod</strong></span> 
     </span>
     <span class='ocr_line' id='line_1_20' title="bbox 159 2020 1149 2103; baseline 0.006 -24"><span class='ocrx_word' id='word_1_145' title='bbox 159 2023 166 2051; x_wconf 72' lang='lat'>³</span> <span class='ocrx_word' id='word_1_146' title='bbox 238 2020 444 2100; x_wconf 85' lang='lat' dir='ltr'><strong>iuterpretatur</strong></span> <span class='ocrx_word' id='word_1_147' title='bbox 466 2022 584 2100; x_wconf 89' lang='lat' dir='ltr'><strong>Petrus,</strong></span> <span class='ocrx_word' id='word_1_148' title='bbox 607 2023 731 2102; x_wconf 90' lang='lat' dir='ltr'><strong>quaudo</strong></span> <span class='ocrx_word' id='word_1_149' title='bbox 754 2042 829 2103; x_wconf 87' lang='lat' dir='ltr'><strong>ergo</strong></span> <span class='ocrx_word' id='word_1_150' title='bbox 851 2021 932 2082; x_wconf 85' lang='lat' dir='ltr'><strong>filius</strong></span> <span class='ocrx_word' id='word_1_151' title='bbox 956 2024 1081 2083; x_wconf 89' lang='lat' dir='ltr'><strong>tonitrui</strong></span> <span class='ocrx_word' id='word_1_152' title='bbox 1104 2025 1149 2085; x_wconf 87' lang='lat' dir='ltr'><strong>sio</strong></span> 
     </span>
     <span class='ocr_line' id='line_1_21' title="bbox 237 2106 1148 2186; baseline 0.004 -23"><span class='ocrx_word' id='word_1_153' title='bbox 237 2110 332 2181; x_wconf 76' lang='lat' dir='ltr'><strong>host,</strong></span> <span class='ocrx_word' id='word_1_154' title='bbox 355 2106 518 2183; x_wconf 84' lang='lat' dir='ltr'><strong>quinovit</strong></span> <span class='ocrx_word' id='word_1_155' title='bbox 540 2107 676 2167; x_wconf 90' lang='lat' dir='ltr'><strong>omnium</strong></span> <span class='ocrx_word' id='word_1_156' title='bbox 697 2106 836 2186; x_wconf 85' lang='lat' dir='ltr'><strong>linguas,</strong></span> <span class='ocrx_word' id='word_1_157' title='bbox 860 2107 967 2167; x_wconf 90' lang='lat' dir='ltr'><strong>merito</strong></span> <span class='ocrx_word' id='word_1_158' title='bbox 992 2106 1084 2167; x_wconf 88' lang='lat' dir='ltr'><strong>debet</strong></span> <span class='ocrx_word' id='word_1_159' title='bbox 1105 2114 1148 2168; x_wconf 90' lang='lat' dir='ltr'><strong>ta·</strong></span> 
     </span>
     <span class='ocr_line' id='line_1_22' title="bbox 170 2188 1147 2268; baseline 0.005 -22"><span class='ocrx_word' id='word_1_160' title='bbox 170 2204 183 2262; x_wconf 71' lang='lat' dir='ltr'><em>J</em></span> <span class='ocrx_word' id='word_1_161' title='bbox 236 2203 297 2247; x_wconf 82' lang='lat' dir='ltr'><strong>aare</strong></span> <span class='ocrx_word' id='word_1_162' title='bbox 317 2189 439 2248; x_wconf 83' lang='lat' dir='ltr'><strong>vanitas</strong></span> <span class='ocrx_word' id='word_1_163' title='bbox 462 2190 574 2250; x_wconf 87' lang='lat' dir='ltr'><strong>terreni</strong></span> <span class='ocrx_word' id='word_1_164' title='bbox 594 2190 689 2268; x_wconf 80' lang='lat' dir='ltr'><strong>fumi,</strong></span> <span class='ocrx_word' id='word_1_165' title='bbox 722 2190 787 2250; x_wconf 89' lang='lat' dir='ltr'><strong>sive</strong></span> <span class='ocrx_word' id='word_1_166' title='bbox 817 2189 857 2249; x_wconf 90' lang='lat' dir='ltr'><strong>sit</strong></span> <span class='ocrx_word' id='word_1_167' title='bbox 877 2188 1025 2252; x_wconf 78' lang='lat' dir='ltr'><strong>Nicotaus</strong></span> <span class='ocrx_word' id='word_1_168' title='bbox 1054 2189 1147 2251; x_wconf 74' lang='lat' dir='ltr'><strong>(lusa</strong></span> 
     </span>
     <span class='ocr_line' id='line_1_23' title="bbox 146 2267 1145 2352; baseline 0.009 -28"><span class='ocrx_word' id='word_1_169' title='bbox 146 2267 174 2324; x_wconf 80' lang='grc' dir='ltr'><strong>ἰ.</strong></span> <span class='ocrx_word' id='word_1_170' title='bbox 235 2288 299 2347; x_wconf 90' lang='lat' dir='ltr'><strong>uus,</strong></span> <span class='ocrx_word' id='word_1_171' title='bbox 325 2269 500 2332; x_wconf 76' lang='lat' dir='ltr'><strong>Chaldaeus</strong></span> <span class='ocrx_word' id='word_1_172' title='bbox 521 2273 572 2334; x_wconf 89' lang='lat' dir='ltr'><strong>vel</strong></span> <span class='ocrx_word' id='word_1_173' title='bbox 593 2273 741 2335; x_wconf 80' lang='lat' dir='ltr'><strong>Ebraeus.</strong></span> <span class='ocrx_word' id='word_1_174' title='bbox 785 2271 856 2332; x_wconf 87' lang='lat' dir='ltr'><strong>Nou</strong></span> <span class='ocrx_word' id='word_1_175' title='bbox 878 2273 961 2351; x_wconf 92' lang='lat' dir='ltr'><strong>quod</strong></span> <span class='ocrx_word' id='word_1_176' title='bbox 983 2273 1145 2352; x_wconf 88' lang='lat' dir='ltr'><strong>reprehen-</strong></span> 
     </span>
     <span class='ocr_line' id='line_1_24' title="bbox 152 2350 1145 2436; baseline 0.009 -29"><span class='ocrx_word' id='word_1_177' title='bbox 152 2380 185 2407; x_wconf 73' lang='lat' dir='ltr'><strong>.u</strong></span> <span class='ocrx_word' id='word_1_178' title='bbox 235 2350 295 2412; x_wconf 81' lang='lat' dir='ltr'><strong>dam</strong></span> <span class='ocrx_word' id='word_1_179' title='bbox 316 2355 474 2435; x_wconf 85' lang='lat' dir='ltr'><strong>egregium</strong></span> <span class='ocrx_word' id='word_1_180' title='bbox 495 2356 532 2416; x_wconf 90' lang='lat' dir='ltr'><strong>D.</strong></span> <span class='ocrx_word' id='word_1_181' title='bbox 554 2356 608 2434; x_wconf 87' lang='lat' dir='ltr'><strong>D.,</strong></span> <span class='ocrx_word' id='word_1_182' title='bbox 638 2357 690 2436; x_wconf 91' lang='lat' dir='ltr'><strong>qui</strong></span> <span class='ocrx_word' id='word_1_183' title='bbox 712 2355 823 2415; x_wconf 84' lang='lat' dir='ltr'><strong>dixerit</strong></span> <span class='ocrx_word' id='word_1_184' title='bbox 845 2355 966 2416; x_wconf 86' lang='lat' dir='ltr'><strong>Petrum</strong></span> <span class='ocrx_word' id='word_1_185' title='bbox 988 2356 1069 2417; x_wconf 88' lang='lat' dir='ltr'><strong>idem</strong></span> <span class='ocrx_word' id='word_1_186' title='bbox 1093 2374 1145 2417; x_wconf 82' lang='lat' dir='ltr'><strong>va-</strong></span> 
     </span>
     <span class='ocr_line' id='line_1_25' title="bbox 146 2434 1164 2518; baseline 0.012 -29"><span class='ocrx_word' id='word_1_187' title='bbox 146 2450 193 2503; x_wconf 68' lang='lat' dir='ltr'><strong>our</strong></span> <span class='ocrx_word' id='word_1_188' title='bbox 238 2434 299 2513; x_wconf 90' lang='lat' dir='ltr'><strong>lere,</strong></span> <span class='ocrx_word' id='word_1_189' title='bbox 321 2438 400 2497; x_wconf 84' lang='lat' dir='ltr'><strong>siout</strong></span> <span class='ocrx_word' id='word_1_190' title='bbox 421 2448 513 2518; x_wconf 85' lang='lat' dir='ltr'><strong>eaput</strong></span> <span class='ocrx_word' id='word_1_191' title='bbox 535 2438 645 2500; x_wconf 88' lang='lat' dir='ltr'><strong>domus</strong></span> <span class='ocrx_word' id='word_1_192' title='bbox 660 2437 858 2515; x_wconf 70' lang='lat' dir='ltr'><strong>chaldaicae,</strong></span> <span class='ocrx_word' id='word_1_193' title='bbox 880 2445 988 2499; x_wconf 89' lang='lat' dir='ltr'><strong>autore</strong></span> <span class='ocrx_word' id='word_1_194' title='bbox 1009 2457 1065 2498; x_wconf 94' lang='lat' dir='ltr'><strong>suo</strong></span> <span class='ocrx_word' id='word_1_195' title='bbox 1088 2438 1164 2516; x_wconf 18' lang='lat' dir='ltr'><strong>(lu-⁸</strong></span> 
     </span>
     <span class='ocr_line' id='line_1_26' title="bbox 146 2520 1145 2602; baseline 0.007 -26"><span class='ocrx_word' id='word_1_196' title='bbox 146 2530 191 2601; x_wconf 60' lang='lat' dir='ltr'><strong>sust-f</strong></span> <span class='ocrx_word' id='word_1_197' title='bbox 238 2536 312 2595; x_wconf 90' lang='lat' dir='ltr'><strong>sano,</strong></span> <span class='ocrx_word' id='word_1_198' title='bbox 334 2520 388 2580; x_wconf 87' lang='lat' dir='ltr'><strong>sed</strong></span> <span class='ocrx_word' id='word_1_199' title='bbox 403 2521 487 2601; x_wconf 91' lang='lat' dir='ltr'><strong>quod</strong></span> <span class='ocrx_word' id='word_1_200' title='bbox 509 2521 632 2582; x_wconf 91' lang='lat' dir='ltr'><strong>laudem</strong></span> <span class='ocrx_word' id='word_1_201' title='bbox 654 2522 891 2601; x_wconf 84' lang='lat' dir='ltr'><strong>imperterritum</strong></span> <span class='ocrx_word' id='word_1_202' title='bbox 914 2522 1145 2602; x_wconf 86' lang='lat' dir='ltr'><strong>disputatorem,</strong></span> 
     </span>
     <span class='ocr_line' id='line_1_27' title="bbox 147 2602 1147 2686; baseline 0.006 -27"><span class='ocrx_word' id='word_1_203' title='bbox 147 2614 186 2655; x_wconf 72' lang='lat' dir='ltr'><strong>tu·-</strong></span> <span class='ocrx_word' id='word_1_204' title='bbox 240 2602 282 2679; x_wconf 90' lang='lat' dir='ltr'><strong>qui</strong></span> <span class='ocrx_word' id='word_1_205' title='bbox 301 2603 413 2664; x_wconf 87' lang='lat' dir='ltr'><strong>audeat</strong></span> <span class='ocrx_word' id='word_1_206' title='bbox 434 2624 468 2665; x_wconf 88' lang='lat' dir='ltr'><strong>se</strong></span> <span class='ocrx_word' id='word_1_207' title='bbox 490 2607 682 2667; x_wconf 88' lang='lat' dir='ltr'><strong>eommittsre</strong></span> <span class='ocrx_word' id='word_1_208' title='bbox 703 2606 733 2665; x_wconf 91' lang='lat' dir='ltr'><strong>iu</strong></span> <span class='ocrx_word' id='word_1_209' title='bbox 763 2623 887 2664; x_wconf 82' lang='lat' dir='ltr'><strong>arenam</strong></span> <span class='ocrx_word' id='word_1_210' title='bbox 921 2604 1147 2686; x_wconf 88' lang='lat' dir='ltr'><strong>theologorum,</strong></span> 
     </span>
     <span class='ocr_line' id='line_1_28' title="bbox 146 2687 1145 2769; baseline 0.01 -31"><span class='ocrx_word' id='word_1_211' title='bbox 146 2699 191 2738; x_wconf 72' lang='lat' dir='ltr'><strong>sn·-</strong></span> <span class='ocrx_word' id='word_1_212' title='bbox 239 2703 286 2743; x_wconf 84' lang='lat' dir='ltr'><strong>uae</strong></span> <span class='ocrx_word' id='word_1_213' title='bbox 306 2692 423 2748; x_wconf 87' lang='lat' dir='ltr'><strong>tantum</strong></span> <span class='ocrx_word' id='word_1_214' title='bbox 445 2690 528 2767; x_wconf 88' lang='lat' dir='ltr'><strong>prius</strong></span> <span class='ocrx_word' id='word_1_215' title='bbox 548 2689 580 2747; x_wconf 91' lang='lat' dir='ltr'><strong>in</strong></span> <span class='ocrx_word' id='word_1_216' title='bbox 602 2687 765 2768; x_wconf 81' lang='lat' dir='ltr'><strong>evaugelio</strong></span> <span class='ocrx_word' id='word_1_217' title='bbox 788 2687 944 2761; x_wconf 72' lang='lat' dir='ltr'><strong>studuerit</strong></span> <span class='ocrx_word' id='word_1_218' title='bbox 967 2695 1000 2747; x_wconf 90' lang='lat' dir='ltr'><strong>ut</strong></span> <span class='ocrx_word' id='word_1_219' title='bbox 1015 2690 1145 2769; x_wconf 83' lang='lat' dir='ltr'><strong>primum</strong></span> 
     </span>
     <span class='ocr_line' id='line_1_29' title="bbox 146 2760 1144 2853; baseline 0.006 -28"><span class='ocrx_word' id='word_1_220' title='bbox 146 2768 194 2825; x_wconf 67' lang='lat' dir='ltr'><strong>um</strong></span> <span class='ocrx_word' id='word_1_221' title='bbox 240 2760 317 2847; x_wconf 74' lang='lat' dir='ltr'><strong>optut</strong></span> <span class='ocrx_word' id='word_1_222' title='bbox 336 2771 367 2829; x_wconf 91' lang='lat' dir='ltr'><strong>iu</strong></span> <span class='ocrx_word' id='word_1_223' title='bbox 389 2771 533 2832; x_wconf 84' lang='lat' dir='ltr'><strong>lohanue</strong></span> <span class='ocrx_word' id='word_1_224' title='bbox 554 2771 665 2853; x_wconf 84' lang='lat' dir='ltr'><strong>legerit</strong></span> <span class='ocrx_word' id='word_1_225' title='bbox 685 2769 893 2850; x_wconf 80' lang='lat' dir='ltr'><strong>Evangelista.</strong></span> <span class='ocrx_word' id='word_1_226' title='bbox 916 2769 1061 2831; x_wconf 83' lang='lat' dir='ltr'><strong>Similiter</strong></span> <span class='ocrx_word' id='word_1_227' title='bbox 1082 2790 1144 2832; x_wconf 91' lang='lat' dir='ltr'><strong>nou</strong></span> 
     </span>
     <span class='ocr_line' id='line_1_30' title="bbox 146 2849 1144 2934; baseline 0.011 -30"><span class='ocrx_word' id='word_1_228' title='bbox 146 2852 193 2905; x_wconf 71' lang='lat' dir='ltr'><strong>uui</strong></span> <span class='ocrx_word' id='word_1_229' title='bbox 239 2849 368 2912; x_wconf 82' lang='lat' dir='ltr'><strong>haletin</strong></span> <span class='ocrx_word' id='word_1_230' title='bbox 391 2852 470 2915; x_wconf 88' lang='lat' dir='ltr'><strong>hhro</strong></span> <span class='ocrx_word' id='word_1_231' title='bbox 495 2874 572 2934; x_wconf 88' lang='lat' dir='ltr'><strong>suo,</strong></span> <span class='ocrx_word' id='word_1_232' title='bbox 596 2853 737 2934; x_wconf 89' lang='lat' dir='ltr'><strong>quidest</strong></span> <span class='ocrx_word' id='word_1_233' title='bbox 758 2853 878 2933; x_wconf 85' lang='lat' dir='ltr'><strong>Gephe,</strong></span> <span class='ocrx_word' id='word_1_234' title='bbox 901 2852 983 2932; x_wconf 92' lang='lat' dir='ltr'><strong>quod</strong></span> <span class='ocrx_word' id='word_1_235' title='bbox 1005 2853 1144 2933; x_wconf 85' lang='lat' dir='ltr'><strong>iguosoo‚</strong></span> 
     </span>
     <span class='ocr_line' id='line_1_31' title="bbox 146 2931 1018 3015; baseline 0.011 -27"><span class='ocrx_word' id='word_1_236' title='bbox 146 2932 194 2989; x_wconf 74' lang='lat' dir='ltr'><strong>uss</strong></span> <span class='ocrx_word' id='word_1_237' title='bbox 240 2931 309 3015; x_wconf 81' lang='lat' dir='ltr'><strong>legat</strong></span> <span class='ocrx_word' id='word_1_238' title='bbox 328 2942 432 2997; x_wconf 90' lang='lat' dir='ltr'><strong>tamen</strong></span> <span class='ocrx_word' id='word_1_239' title='bbox 456 2955 478 3001; x_wconf 88' lang='lat' dir='ltr'><strong>e.</strong></span> <span class='ocrx_word' id='word_1_240' title='bbox 505 2941 533 3001; x_wconf 84' lang='lat' dir='ltr'><strong>l.</strong></span> <span class='ocrx_word' id='word_1_241' title='bbox 553 2936 593 2998; x_wconf 88' lang='lat' dir='ltr'><strong>ad</strong></span> <span class='ocrx_word' id='word_1_242' title='bbox 615 2935 752 2999; x_wconf 82' lang='lat' dir='ltr'><strong>Corinth.</strong></span> <span class='ocrx_word' id='word_1_243' title='bbox 770 2940 797 2997; x_wconf 93' lang='lat'><strong>1.</strong></span> <span class='ocrx_word' id='word_1_244' title='bbox 820 2942 852 2997; x_wconf 88' lang='lat' dir='ltr'><strong>et</strong></span> <span class='ocrx_word' id='word_1_245' title='bbox 873 2937 1018 2999; x_wconf 82' lang='lat' dir='ltr'><strong>inveniet.</strong></span> 
     </span>
     <span class='ocr_line' id='line_1_32' title="bbox 147 3017 1144 3082; baseline -0.001 -2"><span class='ocrx_word' id='word_1_246' title='bbox 147 3018 192 3073; x_wconf 62' lang='lat' dir='ltr'><strong>trit</strong></span> <span class='ocrx_word' id='word_1_247' title='bbox 305 3018 450 3081; x_wconf 90' lang='lat' dir='ltr'><strong>Ultimum</strong></span> <span class='ocrx_word' id='word_1_248' title='bbox 472 3020 512 3082; x_wconf 89' lang='lat' dir='ltr'><strong>de</strong></span> <span class='ocrx_word' id='word_1_249' title='bbox 543 3020 676 3082; x_wconf 88' lang='lat' dir='ltr'><strong>artieulis</strong></span> <span class='ocrx_word' id='word_1_250' title='bbox 700 3018 906 3080; x_wconf 89' lang='lat' dir='ltr'><strong>Bohemornm</strong></span> <span class='ocrx_word' id='word_1_251' title='bbox 929 3038 991 3079; x_wconf 92' lang='lat' dir='ltr'><strong>uon</strong></span> <span class='ocrx_word' id='word_1_252' title='bbox 1015 3017 1080 3079; x_wconf 90' lang='lat' dir='ltr'><strong>vult</strong></span> <span class='ocrx_word' id='word_1_253' title='bbox 1100 3020 1144 3079; x_wconf 92' lang='lat' dir='ltr'><strong>iu·</strong></span> 
     </span>
     <span class='ocr_line' id='line_1_33' title="bbox 146 3095 1141 3184; baseline 0.008 -29"><span class='ocrx_word' id='word_1_254' title='bbox 146 3102 194 3156; x_wconf 60' lang='lat' dir='ltr'><strong>u&#39;uzf</strong></span> <span class='ocrx_word' id='word_1_255' title='bbox 241 3095 335 3177; x_wconf 81' lang='lat' dir='ltr'><strong>ditare,</strong></span> <span class='ocrx_word' id='word_1_256' title='bbox 356 3102 431 3163; x_wconf 82' lang='lat' dir='ltr'><strong>lieet</strong></span> <span class='ocrx_word' id='word_1_257' title='bbox 451 3123 607 3184; x_wconf 87' lang='lat' dir='ltr'><strong>uunquam</strong></span> <span class='ocrx_word' id='word_1_258' title='bbox 629 3103 758 3164; x_wconf 87' lang='lat' dir='ltr'><strong>desistat</strong></span> <span class='ocrx_word' id='word_1_259' title='bbox 780 3122 828 3162; x_wconf 87' lang='lat' dir='ltr'><strong>me</strong></span> <span class='ocrx_word' id='word_1_260' title='bbox 850 3101 1007 3183; x_wconf 86' lang='lat' dir='ltr'><strong>sugillare,</strong></span> <span class='ocrx_word' id='word_1_261' title='bbox 1030 3107 1061 3161; x_wconf 90' lang='lat' dir='ltr'><strong>et</strong></span> <span class='ocrx_word' id='word_1_262' title='bbox 1082 3120 1141 3182; x_wconf 84' lang='lat' dir='ltr'><strong>ego</strong></span> 
     </span>
     <span class='ocr_line' id='line_1_34' title="bbox 146 3181 1143 3266; baseline 0.006 -27"><span class='ocrx_word' id='word_1_263' title='bbox 146 3200 188 3240; x_wconf 75' lang='lat' dir='ltr'><strong>ses</strong></span> <span class='ocrx_word' id='word_1_264' title='bbox 241 3181 269 3244; x_wconf 86' lang='lat' dir='ltr'><strong>de</strong></span> <span class='ocrx_word' id='word_1_265' title='bbox 285 3187 326 3245; x_wconf 89' lang='lat' dir='ltr'><strong>eis</strong></span> <span class='ocrx_word' id='word_1_266' title='bbox 347 3191 492 3266; x_wconf 85' lang='lat' dir='ltr'><strong>transeo,</strong></span> <span class='ocrx_word' id='word_1_267' title='bbox 521 3187 598 3248; x_wconf 90' lang='lat' dir='ltr'><strong>nihil</strong></span> <span class='ocrx_word' id='word_1_268' title='bbox 619 3186 742 3262; x_wconf 87' lang='lat' dir='ltr'><strong>dioeus,</strong></span> <span class='ocrx_word' id='word_1_269' title='bbox 776 3185 835 3245; x_wconf 89' lang='lat' dir='ltr'><strong>uisi</strong></span> <span class='ocrx_word' id='word_1_270' title='bbox 855 3184 937 3263; x_wconf 89' lang='lat' dir='ltr'><strong>quod</strong></span> <span class='ocrx_word' id='word_1_271' title='bbox 960 3183 1143 3264; x_wconf 83' lang='lat' dir='ltr'><strong>Gregorium</strong></span> 
     </span>
     <span class='ocr_line' id='line_1_35' title="bbox 146 3265 1143 3348; baseline 0.006 -26"><span class='ocrx_word' id='word_1_272' title='bbox 146 3267 194 3343; x_wconf 61' lang='lat' dir='ltr'><strong>iu</strong></span> <span class='ocrx_word' id='word_1_273' title='bbox 241 3265 446 3329; x_wconf 79' lang='lat' dir='ltr'><strong>Ariminensem</strong></span> <span class='ocrx_word' id='word_1_274' title='bbox 470 3268 538 3332; x_wconf 90' lang='lat' dir='ltr'><strong>dist.</strong></span> <span class='ocrx_word' id='word_1_275' title='bbox 561 3269 696 3331; x_wconf 87' lang='lat' dir='ltr'><strong>XXVlll.</strong></span> <span class='ocrx_word' id='word_1_276' title='bbox 728 3267 924 3347; x_wconf 88' lang='lat' dir='ltr'><strong>reprobatum</strong></span> <span class='ocrx_word' id='word_1_277' title='bbox 947 3266 986 3327; x_wconf 91' lang='lat' dir='ltr'><strong>ah</strong></span> <span class='ocrx_word' id='word_1_278' title='bbox 1018 3268 1143 3348; x_wconf 82' lang='lat' dir='ltr'><strong>egregio</strong></span> 
     </span>
     <span class='ocr_line' id='line_1_36' title="bbox 168 3347 1142 3433; baseline 0.005 -27"><span class='ocrx_word' id='word_1_279' title='bbox 168 3348 194 3406; x_wconf 76' lang='lat' dir='ltr'><strong>ui·</strong></span> <span class='ocrx_word' id='word_1_280' title='bbox 241 3347 302 3413; x_wconf 74' lang='grc' dir='ltr'><strong>Μ).</strong></span> <span class='ocrx_word' id='word_1_281' title='bbox 316 3371 376 3433; x_wconf 89' lang='lat' dir='ltr'><strong>ego</strong></span> <span class='ocrx_word' id='word_1_282' title='bbox 388 3354 542 3433; x_wconf 85' lang='lat' dir='ltr'><strong>approbo.</strong></span> <span class='ocrx_word' id='word_1_283' title='bbox 562 3352 621 3414; x_wconf 79' lang='lat' dir='ltr'><strong>Est</strong></span> <span class='ocrx_word' id='word_1_284' title='bbox 633 3353 715 3413; x_wconf 89' lang='lat' dir='ltr'><strong>euim</strong></span> <span class='ocrx_word' id='word_1_285' title='bbox 738 3356 819 3411; x_wconf 91' lang='lat' dir='ltr'><strong>totus</strong></span> <span class='ocrx_word' id='word_1_286' title='bbox 841 3350 923 3411; x_wconf 91' lang='lat' dir='ltr'><strong>aliud</strong></span> <span class='ocrx_word' id='word_1_287' title='bbox 941 3349 1027 3429; x_wconf 90' lang='lat' dir='ltr'><strong>nihil,</strong></span> <span class='ocrx_word' id='word_1_288' title='bbox 1050 3368 1142 3428; x_wconf 89' lang='lat' dir='ltr'><strong>quam</strong></span> 
     </span>
     <span class='ocr_line' id='line_1_37' title="bbox 146 3429 1143 3515; baseline 0.001 -25"><span class='ocrx_word' id='word_1_289' title='bbox 146 3431 193 3490; x_wconf 74' lang='lat' dir='ltr'><strong>th:</strong></span> <span class='ocrx_word' id='word_1_290' title='bbox 240 3429 474 3514; x_wconf 79' lang='lat' dir='ltr'><strong>Augustiuiauus,</strong></span> <span class='ocrx_word' id='word_1_291' title='bbox 498 3442 529 3499; x_wconf 92' lang='lat' dir='ltr'><strong>et</strong></span> <span class='ocrx_word' id='word_1_292' title='bbox 545 3435 650 3515; x_wconf 81' lang='lat' dir='ltr'><strong>diviua</strong></span> <span class='ocrx_word' id='word_1_293' title='bbox 661 3433 826 3513; x_wconf 75' lang='lat' dir='ltr'><strong>Scriptura,</strong></span> <span class='ocrx_word' id='word_1_294' title='bbox 848 3435 994 3494; x_wconf 88' lang='lat' dir='ltr'><strong>resistens</strong></span> <span class='ocrx_word' id='word_1_295' title='bbox 1019 3431 1143 3511; x_wconf 85' lang='lat' dir='ltr'><strong>quidem</strong></span> 
     </span>
     <span class='ocr_line' id='line_1_38' title="bbox 146 3514 1143 3595; baseline 0.001 -21"><span class='ocrx_word' id='word_1_296' title='bbox 146 3528 192 3595; x_wconf 68' lang='lat' dir='ltr'><strong>atu</strong></span> <span class='ocrx_word' id='word_1_297' title='bbox 240 3517 363 3578; x_wconf 87' lang='lat' dir='ltr'><strong>omuibus</strong></span> <span class='ocrx_word' id='word_1_298' title='bbox 386 3519 565 3581; x_wconf 78' lang='lat' dir='ltr'><strong>doctoribus</strong></span> <span class='ocrx_word' id='word_1_299' title='bbox 588 3514 802 3591; x_wconf 74' lang='lat' dir='ltr'><strong>scholasticis,</strong></span> <span class='ocrx_word' id='word_1_300' title='bbox 835 3523 898 3576; x_wconf 90' lang='lat' dir='ltr'><strong>tum</strong></span> <span class='ocrx_word' id='word_1_301' title='bbox 922 3516 1055 3575; x_wconf 88' lang='lat' dir='ltr'><strong>maxime</strong></span> <span class='ocrx_word' id='word_1_302' title='bbox 1077 3514 1143 3575; x_wconf 83' lang='lat' dir='ltr'><strong>Ari·</strong></span> 
     </span>
     <span class='ocr_line' id='line_1_39' title="bbox 146 3599 999 3678; baseline 0.005 -22"><span class='ocrx_word' id='word_1_303' title='bbox 146 3614 192 3657; x_wconf 74' lang='lat' dir='ltr'><strong>sut</strong></span> <span class='ocrx_word' id='word_1_304' title='bbox 239 3602 334 3678; x_wconf 83' lang='lat' dir='ltr'><strong>stoteli,</strong></span> <span class='ocrx_word' id='word_1_305' title='bbox 356 3602 414 3664; x_wconf 88' lang='lat' dir='ltr'><strong>sed</strong></span> <span class='ocrx_word' id='word_1_306' title='bbox 436 3601 573 3664; x_wconf 92' lang='lat' dir='ltr'><strong>noudum</strong></span> <span class='ocrx_word' id='word_1_307' title='bbox 596 3601 634 3662; x_wconf 89' lang='lat' dir='ltr'><strong>ab</strong></span> <span class='ocrx_word' id='word_1_308' title='bbox 657 3599 722 3660; x_wconf 92' lang='lat' dir='ltr'><strong>ullo</strong></span> <span class='ocrx_word' id='word_1_309' title='bbox 745 3599 919 3660; x_wconf 76' lang='lat' dir='ltr'><strong>confutatus</strong></span> <span class='ocrx_word' id='word_1_310' title='bbox 942 3605 999 3660; x_wconf 86' lang='lat' dir='ltr'><strong>est.</strong></span> 
     </span>
     <span class='ocr_line' id='line_1_40' title="bbox 146 3681 1142 3764; baseline -0.006 -19"><span class='ocrx_word' id='word_1_311' title='bbox 146 3682 192 3737; x_wconf 75' lang='lat' dir='ltr'><strong>um</strong></span> <span class='ocrx_word' id='word_1_312' title='bbox 303 3684 471 3745; x_wconf 80' lang='lat' dir='ltr'><strong>Consentio</strong></span> <span class='ocrx_word' id='word_1_313' title='bbox 494 3704 562 3744; x_wconf 86' lang='lat' dir='ltr'><strong>oum</strong></span> <span class='ocrx_word' id='word_1_314' title='bbox 576 3683 672 3764; x_wconf 83' lang='lat' dir='ltr'><strong>D‚D.,</strong></span> <span class='ocrx_word' id='word_1_315' title='bbox 698 3681 781 3762; x_wconf 90' lang='lat' dir='ltr'><strong>quod</strong></span> <span class='ocrx_word' id='word_1_316' title='bbox 804 3681 1006 3744; x_wconf 82' lang='lat' dir='ltr'><strong>conciliorum</strong></span> <span class='ocrx_word' id='word_1_317' title='bbox 1027 3685 1142 3740; x_wconf 88' lang='lat' dir='ltr'><strong>statuta</strong></span> 
     </span>
     <span class='ocr_line' id='line_1_41' title="bbox 146 3761 1156 3851; baseline 0.011 -36"><span class='ocrx_word' id='word_1_318' title='bbox 146 3773 168 3837; x_wconf 71' lang='lat' dir='ltr'><strong>i&#39;?</strong></span> <span class='ocrx_word' id='word_1_319' title='bbox 219 3761 305 3838; x_wconf 72' lang='lat' dir='ltr'><strong>uns,</strong></span> <span class='ocrx_word' id='word_1_320' title='bbox 328 3783 410 3839; x_wconf 85' lang='lat' dir='ltr'><strong>quae</strong></span> <span class='ocrx_word' id='word_1_321' title='bbox 428 3772 505 3825; x_wconf 86' lang='lat' dir='ltr'><strong>sunt</strong></span> <span class='ocrx_word' id='word_1_322' title='bbox 523 3763 613 3844; x_wconf 82' lang='lat' dir='ltr'><strong>ddei,</strong></span> <span class='ocrx_word' id='word_1_323' title='bbox 638 3775 713 3828; x_wconf 91' lang='lat' dir='ltr'><strong>sunt</strong></span> <span class='ocrx_word' id='word_1_324' title='bbox 736 3770 825 3832; x_wconf 92' lang='lat' dir='ltr'><strong>omui</strong></span> <span class='ocrx_word' id='word_1_325' title='bbox 847 3767 950 3834; x_wconf 90' lang='lat' dir='ltr'><strong>modo</strong></span> <span class='ocrx_word' id='word_1_326' title='bbox 961 3765 1156 3851; x_wconf 71' lang='lat' dir='ltr'><strong>amuleoteu-</strong></span> 
     </span>
     <span class='ocr_line' id='line_1_42' title="bbox 204 3833 1177 3941; baseline 0.009 -33"><span class='ocrx_word' id='word_1_327' title='bbox 204 3833 245 3908; x_wconf 57' lang='lat'><strong>4⁰&gt;</strong></span> <span class='ocrx_word' id='word_1_328' title='bbox 266 3840 451 3902; x_wconf 70' lang='lat'><em>110080111111</em></span> <span class='ocrx_word' id='word_1_329' title='bbox 473 3845 554 3909; x_wconf 85' lang='lat' dir='ltr'><strong>mihi</strong></span> <span class='ocrx_word' id='word_1_330' title='bbox 574 3868 731 3935; x_wconf 83' lang='lat' dir='ltr'><strong>reservo,</strong></span> <span class='ocrx_word' id='word_1_331' title='bbox 754 3857 849 3941; x_wconf 89' lang='lat' dir='ltr'><strong>quod</strong></span> <span class='ocrx_word' id='word_1_332' title='bbox 878 3866 912 3925; x_wconf 90' lang='lat' dir='ltr'><strong>et</strong></span> <span class='ocrx_word' id='word_1_333' title='bbox 934 3849 1177 3924; x_wconf 66' lang='lat' dir='ltr'><strong>reservandum</strong></span> 
     </span>
    </p>
   </div>
   <div class='ocr_carea' id='block_1_4' title="bbox 207 3930 1004 4025">
    <p class='ocr_par' dir='ltr' id='par_1_4' title="bbox 207 3930 1004 4025">
     <span class='ocr_line' id='line_1_43' title="bbox 207 3930 1004 4025; baseline 0.08 -50"><span class='ocrx_word' id='word_1_334' title='bbox 207 3936 300 3982; x_wconf 67' lang='lat' dir='ltr'><strong>ouum</strong></span> <span class='ocrx_word' id='word_1_335' title='bbox 311 3956 365 3995; x_wconf 77' lang='grc' dir='ltr'><strong><em>ορρ.</em></strong></span> <span class='ocrx_word' id='word_1_336' title='bbox 382 3930 447 3999; x_wconf 63' lang='grc' dir='ltr'><strong>Π</strong></span> <span class='ocrx_word' id='word_1_337' title='bbox 465 3959 497 3999; x_wconf 75' lang='grc' dir='ltr'><strong>ια</strong></span> <span class='ocrx_word' id='word_1_338' title='bbox 509 3964 556 4005; x_wconf 72' lang='lat' dir='ltr'><strong>ror.</strong></span> <span class='ocrx_word' id='word_1_339' title='bbox 570 3964 628 4012; x_wconf 73' lang='lat' dir='ltr'><strong>urna</strong></span> <span class='ocrx_word' id='word_1_340' title='bbox 642 3971 659 4010; x_wconf 89' lang='lat' dir='ltr'><strong>r.</strong></span> <span class='ocrx_word' id='word_1_341' title='bbox 676 3984 703 4025; x_wconf 79' lang='lat' dir='ltr'><strong>p.</strong></span> <span class='ocrx_word' id='word_1_342' title='bbox 719 3977 779 4024; x_wconf 86' lang='lat' dir='ltr'><strong>vor.</strong></span> <span class='ocrx_word' id='word_1_343' title='bbox 797 3982 843 4024; x_wconf 88' lang='lat' dir='ltr'><strong>ur.</strong></span> <span class='ocrx_word' id='word_1_344' title='bbox 982 3958 1004 4024; x_wconf 71' lang='grc' dir='ltr'><em>Ἶ</em></span> 
     </span>
    </p>
   </div>
   <div class='ocr_carea' id='block_1_5' title="bbox 0 0 1360 4417">
    <p class='ocr_par' dir='ltr' id='par_1_5' title="bbox 0 0 1360 4417">
     <span class='ocr_line' id='line_1_44' title="bbox 0 0 1360 4417; baseline 0 1"><span class='ocrx_word' id='word_1_345' title='bbox 0 0 1360 4417; x_wconf 95' lang='lat' dir='ltr'><strong> </strong></span> 
     </span>
    </p>
   </div>
  </div>
 </body>
</html>
