2709 4417
472 349 579 418 Lipsiae
596 353 624 402 in
644 366 708 404 aree
726 350 845 404 habitus.
867 375 869 378 ·
1054 348 1116 419 221
1158 371 1166 384 ·

226 557 272 598 non
301 542 345 596 est
379 538 430 616 qui
453 538 593 616 exquirat
620 539 728 601 Deum.
772 537 886 598 Omnes
914 537 1116 618 deflexemut,

227 620 293 680 simul
311 620 433 680 inutiles
457 621 530 680 faeti
551 627 631 697 sunt,
655 641 717 681 uon
740 623 859 699 estqui
882 621 974 681 faeiat
990 622 1115 700 bonum,

227 710 336 763 nonest
372 721 470 782 usque
498 703 537 763 ad
559 724 661 765 unuin.
707 703 798 778 Quod
826 705 852 763 si
885 705 1020 764 anobis
1043 706 1114 766 boni

165 798 168 807 '
227 785 315 864 aliquid
345 785 478 846 faeiendi
510 787 626 846 initium
655 794 754 865 esset,
784 806 837 846 our
865 787 1001 848 Christus
1032 787 1117 849 iubet

227 889 267 929 nos
292 887 342 947 pro
371 871 471 948 gratia
493 887 596 947 orare,
630 877 661 930 et
689 873 720 931 in
747 870 911 930 Dominioa
937 873 1116 949 precatione

228 952 304 1020 disere
323 971 380 1011 nos
398 950 506 1012 doeet:
529 953 595 1012 Tua
610 953 752 1013 voluntas
774 952 835 1030 fiat,
857 953 1114 1030 quemadmodum

228 1034 358 1107 inanel0,
392 1037 437 1094 aiu
467 1036 559 1095 etiam
581 1037 611 1094 in
635 1043 725 1096 terra.
769 1035 844 1110 Quo·
861 1035 1022 1114 probatur,
1056 1057 1114 1097 nos

228 1119 268 1178 bei
291 1117 476 1178 voluntatem
500 1118 601 1178 faeere
628 1138 692 1179 non
712 1137 808 1198 posse
829 1138 868 1178 ex
889 1118 986 1179 libero
1010 1126 1115 1181 nostro

146 1212 167 1248 -“
229 1201 336 1260 arbitrio.
387 1248 394 1273 ,

148 1292 161 1347 ζ-
286 1282 369 1342 Ultra
391 1284 542 1362 sequitur,
566 1283 694 1345 liberum
716 1283 871 1343 arbitrium
894 1301 1048 1361 nunquam
1070 1283 1115 1343 sio

146 1404 156 1429 .-
228 1367 266 1425 rite
283 1367 431 1425 nominari
453 1373 506 1426 aut
527 1367 641 1446 aeeipi,
663 1368 722 1427 nisi
744 1367 801 1426 Dei
823 1368 921 1446 gratia
942 1365 1112 1425 redimitum

146 1478 158 1511 ε.
228 1450 264 1524 sit,
289 1449 362 1508 eitra
391 1467 481 1526 quam
505 1450 602 1529 magis
630 1468 720 1510 serva
742 1449 884 1509 voluutas
906 1468 996 1526 quam
1019 1448 1115 1510 libera

146 1558 149 1563 ·
228 1531 372 1591 ineundum
396 1539 471 1592 erat.
502 1532 592 1592 =Nam
614 1533 681 1593 sine
702 1534 800 1612 gratia
822 1532 971 1592 voluntati
994 1531 1114 1591 divinae

226 1633 249 1674 se
265 1633 319 1674 non
340 1621 534 1693 attemperat,
557 1615 611 1675 sed
633 1634 708 1676 suae
728 1616 824 1695 ipsius
846 1616 1010 1685 voluntati,
1034 1632 1114 1692 quae

146 1722 171 1761 r.
226 1716 352 1775 nunquam
382 1696 466 1773 bona
487 1708 543 1758 est.
586 1699 696 1759 Libera
723 1696 846 1776 quidem
873 1699 904 1758 in
928 1696 1026 1757 Adam
1048 1698 1113 1776 fuit,

161 1805 169 1840 ;
225 1799 305 1839 verum
326 1799 408 1839 nune
428 1799 485 1859 per
506 1781 625 1860 lapsum
647 1783 743 1861 ipsius
764 1780 884 1860 perdita
906 1790 936 1841 et
957 1782 988 1839 in
1006 1799 1114 1859 peeca-

146 1875 166 1922 :r
225 1864 251 1922 tis
273 1869 371 1941 eapta,
408 1882 522 1924 nomen
552 1863 703 1924 duntaxat
731 1863 879 1925 libertatis
912 1866 1038 1940 retinet,
1075 1882 1114 1924 eo

224 1945 285 2023 quod
305 1945 400 2005 libera
426 1947 526 2025 fuerit,
562 1955 594 2007 et
625 1967 681 2027 per
714 1947 843 2026 gratiam
880 1966 982 2006 rursus
1017 1945 1115 2008 libera

146 2050 169 2087 r.-
223 2027 355 2088 reddenda
376 2029 424 2090 sit.
960 2084 962 2086 ,

146 2134 171 2168 r·
284 2110 393 2188 Quare,
416 2113 441 2171 si
463 2113 530 2189 quis
545 2113 624 2171 seire
637 2114 749 2191 oupiat,
772 2111 929 2190 quomodo
950 2113 1020 2172 iusti
1044 2131 1111 2172 eve·

146 2211 168 2251 rr
223 2193 275 2253 dere
295 2201 324 2253 et
344 2194 428 2256 bona
449 2195 570 2273 operari
593 2195 769 2271 debeamus,
796 2214 876 2273 quae
896 2196 957 2255 iam
980 2195 1114 2275 vulgaris

146 2298 163 2332 u
224 2282 245 2335 et
261 2278 452 2357 usitatissima
468 2280 607 2356 quaestio
629 2285 685 2355 est,
708 2279 791 2357 prius
813 2278 887 2355 dixi,
908 2280 1037 2358 primum
1053 2278 1114 2338 hoo

158 2382 164 2397 ··
223 2367 244 2417 et
259 2361 556 2440 praecipuumesse,
590 2364 624 2421 ut
645 2362 722 2421 seiat
743 2359 871 2439 aliquis,
905 2360 988 2439 quod
1016 2379 1114 2421 exse

146 2459 150 2494 s
223 2442 271 2520 ipso
290 2461 349 2502 non
367 2444 466 2522 possit
486 2443 582 2503 iustus
604 2442 680 2522 fleri,
701 2452 754 2502 aut
775 2444 853 2504 bene
867 2463 970 2523 agere,
984 2442 1113 2523 proinde

146 2538 167 2579 ετ·
223 2524 250 2583 de
265 2543 294 2584 se
312 2527 381 2604 ipso
406 2525 549 2605 desperet
571 2534 710 2606 oportet,
743 2546 851 2586 manus
874 2536 905 2586 et
926 2526 1021 2607 pedes
1043 2527 1113 2587 ferri

222 2609 368 2687 permittat,
396 2609 457 2669 hoe
478 2616 541 2686 est,
564 2630 686 2670 suarum
709 2610 815 2669 virium
838 2617 870 2669 et
891 2629 1017 2689 operum
1039 2609 1114 2669 tidu·

146 2705 154 2740 :·
222 2691 280 2749 eiam
299 2690 434 2766 abiioiat,
456 2711 489 2751 se
512 2699 656 2770 tanquam
669 2692 826 2752 hominem
848 2693 984 2753 inutilem
1009 2712 1113 2752 eoram

221 2770 308 2833 divinis
331 2775 429 2834 oeulis
451 2781 587 2854 reputet,
610 2784 642 2836 et
663 2777 708 2836 sio
729 2777 859 2856 gratiam
880 2776 938 2836 Dei
960 2776 1113 2855 imploret,
1153 2792 1161 2815 ⁸

147 2884 152 2891 -
220 2855 241 2913 in
268 2875 324 2935 qua
357 2857 426 2918 sola
458 2856 584 2919 tirmiter
617 2858 773 2918 confidere
795 2857 896 2921 debet.
940 2858 999 2933 Qui
1021 2860 1113 2919 aliam

219 2940 348 2999 rationem
370 2947 424 3000 aut
457 2942 536 3001 viam
566 2941 605 3003 ad
635 2943 780 3001 iustitiam
802 2942 1000 3021 perveniendi
1023 2943 1116 3003 doeet

216 3028 256 3081 aut
274 3025 400 3102 quaerit,
423 3042 513 3102 quam
535 3024 616 3084 bano
637 3026 872 3105 praescriptam,
893 3026 944 3085 bio
965 3032 1061 3104 errat,
1083 3031 1115 3086 et

214 3108 262 3165 tam
283 3126 333 3184 se,
362 3126 454 3186 quam
476 3108 554 3168 alios
577 3107 711 3185 seducit,
743 3116 776 3167 ut
796 3109 912 3168 saeiunt
933 3109 977 3168 illi
998 3111 1050 3187 qui
1071 3108 1114 3169 di·

212 3195 286 3249 eunt:
308 3189 404 3267 Heus,
427 3195 458 3249 tu
480 3190 606 3252 liberam
620 3192 811 3251 voluntatem
832 3192 938 3268 habes,
959 3193 1113 3271 faequan·

207 3270 263 3331 tum
282 3273 313 3331 in
336 3279 367 3332 te
390 3279 454 3349 est,
486 3273 569 3333 Deus
593 3275 685 3334 etiam
707 3291 794 3334 suum
817 3275 923 3354 faciet,
958 3283 989 3335 et
1012 3275 1113 3354 dispu-

204 3353 273 3431 tunt,
294 3354 470 3415 hominibus
492 3375 553 3416 non
577 3357 822 3436 persuadendum
845 3378 935 3436 essa,
958 3365 990 3417 ut
1011 3358 1050 3418 de
1070 3359 1114 3438 ip·

196 3434 240 3497 sis
265 3437 440 3519 desperent.
487 3439 611 3500 Minime
633 3441 757 3523 quidem
778 3440 844 3502 fieri
866 3439 973 3520 debet,
1010 3449 1042 3500 ut
1063 3441 1113 3500 de-

195 3523 383 3600 sperationis
404 3522 496 3581 alieui
517 3530 641 3582 autores
663 3525 768 3585 simus.
813 3524 924 3584 Vemm
946 3524 985 3584 de
1008 3524 1113 3603 despe·

188 3605 315 3664 radone
353 3604 497 3666 distinete
527 3605 703 3666 docendum
734 3616 808 3668 erat.
853 3607 898 3666 De
929 3609 1027 3688 gratia
1057 3607 1115 3667 Dei

189 3686 366 3749 obtinenda
398 3706 493 3749 nemo
524 3690 685 3768 quisquam
719 3689 883 3773 desperare
911 3690 1026 3771 debet,
1059 3689 1113 3750 sed

183 3775 294 3858 ababa
322 3775 420 3827 totum
441 3770 591 3838 mundum
616 3774 772 3840 adversus
797 3778 906 3842 omnia
924 3784 1061 3861 peoeatu
1076 3771 1129 3834 itr-

173 3852 265 3903 miter
273 3847 337 3904 Dei
353 3850 777 3951 miseridordianitendum,
801 3873 836 3931 at
859 3865 1045 3950 deseipso
1059 3876 1151 3944 pror-
