2709 4417
217 344 261 411 40
339 306 344 315 ¹
427 346 582 415 Disputatio
599 343 709 414 lipsiae
728 344 824 400 bsbita
842 360 868 399 a.
888 340 961 398 xlx*

136 516 142 542 '
214 535 297 596 las
289 554 320 594 rn
349 533 409 595 boc
431 539 513 596 totus
535 540 597 611 001,
628 539 663 594 01
690 538 810 594 asserat
838 531 1161 599 00111101000100100·

215 637 302 679 sunm
332 623 425 697 caput
454 623 485 677 01
518 635 606 676 suum
635 617 832 696 episcopum,
875 634 931 697 per
959 607 1160 698 suffragium*

213 700 322 782 piebis,
344 708 376 759 et
396 699 540 760 iudicium
559 700 729 760 vicinorum
750 699 968 779 cpiscoporum
989 693 1160 766 ordinari*

213 783 349 862 Ideoque
371 783 397 842 si
419 788 475 856 est,
498 781 582 845 utD.
605 783 642 843 D
668 779 1160 905 01100010000011000110000,

215 866 255 928 (10
276 865 422 927 Cornelio
443 865 531 940 dico,
569 868 685 926 certum
707 871 756 925 est
777 882 849 926 eum
868 865 1003 927 locutum
1025 865 1058 926 de
1074 850 1160 953 cui:

214 951 279 1031 pite
301 949 388 1010 Rom
411 914 582 1026 Ecclesiae,
604 967 667 1010 non
690 948 888 1009 universalis
894 947 1049 1009 ecclesiae
1140 970 1160 981 ·

296 1032 372 1093 Item
394 1039 426 1091 01
452 1029 527 1091 illud
550 1031 734 1110 confutavit,
763 1031 847 1111 quod
869 1031 1038 1112 Cyprianus
1056 1031 1109 1094 Gor-

215 1115 329 1176 0011010
352 1133 474 1195 semper
494 1113 662 1194 compellat
689 1114 828 1192 11010010,
855 1132 1009 1194 nunquam
1031 1120 1110 1176 auten

215 1197 388 1275 domiuum,
416 1203 449 1258 ut
472 1215 553 1257 nuuc
574 1197 712 1277 epiceopi
734 1198 864 1275 faciunt,
886 1204 1037 1276 ponentes
1054 1198 1111 1258 retu
1139 1201 1159 1238 '³

215 1282 309 1341 tivum
343 1281 408 1340 siue
440 1280 633 1341 correlative.
684 1279 820 1357 Obieoit,
856 1279 939 1358 quod
972 1286 1003 1340 et
1028 1280 1112 1341 Petrus
1141 1316 1159 1323 -

215 1364 376 1444 apostolos
397 1361 538 1423 habuerit
557 1362 685 1442 fratres,
718 1369 750 1423 01
778 1370 879 1424 tamen
904 1370 997 1443 caput
1017 1369 1045 1423 et
1064 1383 1113 1423 ver-
1140 1394 1159 1409 -

216 1453 269 1508 tex
290 1445 505 1528 apostolorum
526 1446 633 1523 fuerit,
654 1447 741 1506 iuxta
762 1445 956 1528 Dionysium.
998 1446 1113 1526 Respon-

216 1529 291 1590 deo:
334 1529 365 1589 Si
387 1531 502 1610 poterit
523 1529 664 1610 egregius
687 1528 726 1591 D.
747 1529 785 1592 D.
807 1529 949 1610 probare,
978 1529 1055 1608 quod
1072 1529 1113 1588 Pe

215 1618 278 1672 trus
305 1631 439 1692 unquam
469 1631 562 1672 uuum
595 1611 807 1691 apostolorum
836 1611 1036 1687 ordinaverit,
1066 1612 1113 1672 100

215 1714 307 1754 uuum
331 1714 370 1754 ex
397 1695 593 1775 septuaginta
614 1694 788 1774 discipulis,
818 1702 872 1756 001
897 1694 991 1754 nilum
1014 1694 1113 1755 illorum

216 1796 349 1857 unquam
371 1778 502 1854 miserit,
525 1777 604 1837 cedo
626 1779 747 1853 omnia,
780 1785 812 1838 01
837 1778 912 1838 volo
935 1796 1005 1837 esee
1026 1778 1113 1837 010100.

217 1859 249 1921 Si
271 1867 373 1920 autern
397 1879 456 1940 ego
478 1859 667 1940 probavero,
703 1860 786 1938 quod
814 1879 854 1920 00
882 1879 991 1921 omnes
1013 1859 1113 1939 quiden

217 1942 352 2023 apostoli
379 1945 535 2023 potuerint
565 1962 658 2002 unum
693 1942 904 2022 apostolorum
940 1943 1057 2002 mittere
1078 1941 1115 2001 vet

218 2024 376 2105 ordinare,
406 2044 499 2105 rogo,
528 2023 681 2086 concedat
705 2024 795 2102 mihi,
828 2025 920 2085 Petro
944 2025 1019 2084 nihil
1040 2025 1115 2084 fuisse

217 2108 378 2187 potestatis
402 2126 494 2188 super
521 2114 641 2168 ceteros
672 2108 843 2186 apostolos.
886 2106 956 2181 Quo
990 2108 1115 2202 sequitu,

219 2191 313 2251 multo
349 2192 447 2250 minus
482 2192 643 2288 potestatis
683 2209 752 2250 esse
786 2191 935 2271 episcopo
964 2190 1116 2252 successori

216 2272 307 2333 Petro
330 2292 424 2353 super
445 2275 628 2354 episcopos,
659 2291 855 2334 successores
868 2268 1038 2334 ceterorum
1059 2290 1116 2353 apo

216 2356 376 2417 stolorum.

297 2439 386 2499 Nunc
403 2444 505 2498 autem
528 2438 715 2498 clarissimus
730 2444 831 2498 textus
855 2445 912 2514 est,
935 2439 1004 2499 Act.
1025 2438 1118 2518 primo,

216 2520 299 2598 quod
320 2520 463 2581 Matthias
485 2519 646 2599 apostolus
668 2520 707 2581 ab
728 2524 873 2582 universo
896 2527 988 2582 coetu
1011 2528 1119 2601 aposto

217 2600 376 2664 torumt
344 2610 376 2664 01
397 2603 614 2700 discipuloruur
637 2603 772 2664 ordinari
794 2623 856 2664 nou
880 2605 996 2684 potuit,
1019 2602 1120 2664 cedde

217 2686 326 2762 coelo,
354 2687 433 2746 sicut
454 2693 485 2746 01
512 2687 605 2746 ceteri
628 2705 755 2764 omnes,
783 2687 898 2747 0100100
923 2695 954 2747 01
976 2686 1120 2748 ordinatus

215 2775 264 2829 est
290 2788 310 2829 a
334 2769 471 2847 Christo,
500 2770 543 2828 ita
573 2732 797 2849 0100011013.
827 2769 937 2830 Saulus
971 2777 1003 2830 et
1023 2770 1121 2830 Barna·

215 2849 270 2911 bas
303 2858 487 2937 segregante
520 2851 632 2932 Spiritu
679 2857 787 2913 000010
823 2853 972 2939 assumpti
1008 2853 1068 2912 siut
1098 2853 1121 2910 in

215 2952 303 3013 opus.
345 2934 439 2995 Error
467 2952 541 3014 ergo
574 2940 621 2994 est
652 2931 879 3013 apertissimus,
916 2934 1002 3013 quod
1028 2935 1122 2994 Petrus

214 3015 355 3077 habuerit
343 3022 554 3096 tpotcstatem
575 3035 670 3096 super
691 3023 783 3095 apost
770 3017 861 3078 t.olos
904 3017 974 3078 Hoc
995 3017 1121 3077 000011

215 3104 297 3177 teor,
332 3098 507 3180 apostolum
530 3098 652 3158 Petrum
681 3099 775 3159 fuisse
795 3100 926 3178 primum
952 3101 985 3159 in
1008 3117 1122 3160 numero

214 3180 444 3261 apostolorum,
479 3188 509 3241 et
536 3182 563 3241 ei
594 3180 700 3241 deberi
728 3180 854 3242 honoris
875 3183 1122 3262 praerogativam,

215 3265 269 3325 aad
292 3284 354 3325 non
376 3265 548 3344 potestatis,
572 3263 743 3341 aequaliter
764 3263 853 3324 electi
874 3273 953 3340 0001,
978 3270 1010 3324 et
1021 3283 1123 3344 aequu-

214 3346 274 3406 lem
308 3353 493 3426 potestatem
516 3353 711 3426 acceperunt.
753 3345 800 3406 Ita
821 3352 851 3406 et
872 3345 911 3405 de
932 3345 1024 3413 Rom.
1057 3347 1123 3407 Pou-

214 3428 296 3489 tifioe
318 3431 434 3507 sentio,
458 3429 538 3507 quod
561 3428 689 3489 honoris
711 3430 926 3510 praerogativa
949 3431 1062 3490 ceteris
1082 3429 1123 3490 (10

215 3510 286 3571 beat
306 3513 465 3589 anteferri,
487 3513 573 3571 salva
594 3513 741 3591 cuiusque
762 3512 883 3591 aequali
905 3519 1078 3592 potestate,
1099 3517 1124 3572 01

213 3613 275 3654 000
298 3596 376 3655 01001
396 3595 538 3676 Pelagius
569 3596 600 3654 in
627 3594 825 3674 frigidissimo
859 3614 915 3656 suo
945 3595 1122 3656 (100101010-

213 3676 285 3737 fert:
328 3677 387 3738 Ubi
416 3679 512 3737 maior
541 3679 707 3756 autoritas,
728 3678 771 3738 ibi
795 3679 893 3738 maior
915 3685 1073 3758 potestas,
1098 3681 1123 3738 01

136 3785 143 3801 .
215 3766 318 3820 manet
340 3767 459 3822 ceteros
483 3759 674 3839 obsequendi
694 3762 873 3822 necessitas.

296 3843 346 3903 Ad
369 3843 525 3923 00101010,
559 3842 610 3905 011
638 3842 824 3906 0100110000
853 3844 993 3925 episcopi
1015 3862 1055 3905 ex
1073 3842 1121 3924 05·
