2709 4417
424 369 564 439 parandus
583 371 692 429 animus
711 370 746 423 nd
766 375 892 424 mortem.
1069 366 1132 432 467

207 571 273 632 que
302 554 386 615 dicto
415 573 516 634 noque
541 555 623 614 facta
648 555 730 615 illiue
752 563 837 633 sunt,
870 554 901 614 id
927 553 1010 633 quod
1037 553 1132 614 Satan

209 636 303 696 nobis
326 636 511 717 persuadere
532 639 645 698 nititur.
699 637 750 698 Sic
772 639 852 697 euim
875 638 1025 718 suggerit:
1049 636 1131 696 Heus

208 725 252 794 tu,
276 720 399 799 quidsi
421 720 547 800 indigne
570 727 764 780 sacramento
786 740 870 780 esses
893 720 989 780 usus?
1012 719 1084 798 qnid
1107 721 1132 778 si

208 808 264 860 tna
284 802 451 883 indignitas
479 810 509 863 te
531 803 785 883 promissionibus
813 803 872 862 illis
898 822 936 863 ac
956 806 1054 883 gratia
1074 803 1132 882 pri-

207 885 342 945 resset?

296 966 527 1047 Quamprimum
560 968 633 1028 illae
667 969 872 1048 cogitationes
902 967 1068 1028 sollicitare
1103 972 1133 1024 te

209 1053 382 1130 coeperint,
404 1052 521 1110 munies
545 1057 575 1110 te
597 1058 704 1111 sancta
726 1069 825 1127 cruce,
849 1058 881 1111 et
894 1052 1018 1110 missam
1039 1048 1132 1108 facies

210 1135 279 1193 sive
301 1134 500 1214 dignitatem,
529 1135 593 1193 sive
620 1132 832 1213 indignitatem
855 1141 953 1207 tuam,
985 1132 1046 1191 hoc
1069 1139 1132 1190 tan·

210 1227 275 1275 tum
300 1223 422 1296 specta,
454 1224 488 1275 ut
517 1215 624 1275 credas
655 1235 725 1276 esse
747 1219 865 1296 signum
888 1215 1024 1275 additum
1047 1221 1132 1272 certo

210 1305 243 1358 et
264 1317 340 1360 vero
353 1300 410 1359 Dei
433 1299 537 1381 verbo,
563 1304 594 1359 et
616 1307 680 1358 tum
697 1301 771 1359 satis
794 1301 852 1359 eris
868 1298 992 1378 dignus:
1015 1297 1132 1375 Dignos

211 1383 295 1440 enim
319 1383 388 1441 sola
408 1381 494 1460 fides,
516 1381 659 1461 indignos
684 1383 751 1441 sola
772 1382 969 1441 incredulitas
992 1378 1092 1440 efficit.

298 1463 391 1524 Satan
414 1471 515 1523 autem
538 1465 609 1524 ideo
632 1471 663 1524 te
687 1465 765 1542 alia,
795 1473 856 1523 tum
880 1464 1041 1543 dignitate,
1070 1475 1131 1520 tum

210 1546 398 1627 indignitate
421 1552 533 1625 tentat,
556 1554 590 1607 ut
610 1546 701 1606 iidem
723 1555 805 1606 tuam
825 1553 956 1624 evertat,
980 1555 1010 1605 et
1031 1551 1065 1603 ut
1086 1563 1133 1602 sa-

210 1637 372 1690 cramenta
394 1629 468 1689 nihil
491 1629 544 1690 tibi
565 1631 694 1710 prosint.
730 1630 763 1689 ln
786 1628 860 1688 illud
884 1634 1045 1709 praeterea
1065 1646 1133 1706 pec·
1161 1670 1187 1692 χ

211 1720 316 1771 catum
340 1721 370 1771 te
393 1713 548 1772 coniicere
569 1714 690 1789 nititur,
725 1720 757 1771 ut
786 1712 884 1771 Deum
916 1710 1064 1770 mendacii
1089 1730 1133 1769 ar-

211 1813 307 1874 guas,
344 1796 426 1854 Dens
456 1797 537 1855 enim
566 1814 665 1873 neque
693 1795 818 1854 verbnm
840 1813 941 1873 neque
963 1811 1133 1852 sacramen·

211 1883 278 1938 tum
302 1898 391 1937 suum
421 1884 492 1937 tuae
520 1876 661 1957 dignitati
684 1877 750 1936 vult
771 1878 874 1953 inniti,
908 1876 961 1935 sed
995 1875 1060 1934 vult
1081 1894 1135 1954 per

212 1979 301 2019 suam
328 1961 475 2040 gratiam,
513 1969 545 2019 ut
577 1967 608 2019 tn
634 1959 778 2039 indignus
806 1961 838 2018 in
862 1959 955 2019 verbo
986 1965 1017 2017 et
1043 1958 1132 2036 signo

213 2061 271 2101 suo
294 2042 424 2102 haereas
446 2044 619 2119 annitaris,
641 2049 674 2102 ut
696 2044 741 2102 sic
763 2041 864 2101 dicere
886 2043 1003 2120 possis:

297 2124 383 2185 Dens
405 2131 465 2193 est,
498 2126 548 2204 qui
577 2126 696 2205 signum
728 2130 760 2185 et
790 2125 915 2184 verbum
946 2142 1031 2183 suum
1061 2122 1133 2182 mihi

214 2205 314 2285 dedit,
342 2214 376 2268 ut
397 2215 497 2267 certus
519 2225 636 2286 essem,
667 2207 777 2267 Christi
799 2209 909 2285 vitam,
936 2207 1081 2286 gratiam,
1104 2213 1135 2263 et

216 2290 334 2368 ooelos,
354 2291 386 2349 in
409 2290 517 2368 quibus
540 2297 595 2368 est,
618 2301 755 2370 peccata,
780 2298 908 2350 mortem
931 2299 962 2349 et
984 2288 1133 2348 infernum

216 2391 316 2432 mcum
342 2373 518 2451 sustulisse,
551 2375 617 2433 sine
645 2372 737 2434 dubio
761 2374 912 2453 promissa
932 2372 1039 2448 faciet,
1062 2378 1135 2430 tarn-
1159 2387 1163 2398 “

217 2474 275 2534 que
308 2462 409 2515 certus
444 2475 509 2514 sum
540 2455 578 2515 de
605 2457 642 2515 iis
664 2455 782 2532 verbis,
817 2456 925 2535 quibus
963 2455 1033 2514 mihi
1068 2473 1136 2513 mea

217 2546 346 2618 peccata
373 2537 561 2599 condonavit
582 2537 744 2617 sacerdos,
777 2549 869 2617 atque
898 2540 923 2597 si
948 2538 1046 2597 Deum
1076 2555 1135 2595 me·

217 2639 285 2680 curn
318 2622 496 2700 loquentem
531 2621 705 2682 audiissem.
762 2620 793 2681 Si
828 2623 919 2701 igitur·
951 2620 1009 2679 Dei
1042 2619 1136 2679 verba

216 2710 301 2781 sunt,
325 2711 410 2764 certo
432 2704 514 2766 fient.
559 2705 616 2764 Hic
637 2705 792 2782 consiste,
815 2705 873 2763 hac
894 2723 949 2783 spe
972 2706 1004 2763 st
1025 2700 1137 2761 fiducia

216 2792 347 2847 mortem
370 2786 478 2849 lubens
502 2787 605 2848 obibo.
650 2788 717 2847 Hoc
747 2789 828 2847 enirn
851 2788 976 2846 omnino
999 2785 1063 2844 fieri
1085 2785 1135 2844 de-

214 2869 276 2948 bet,
299 2880 335 2930 nt
356 2871 431 2930 tanti
454 2870 622 2930 sacerdotis
646 2871 749 2943 verba¹
764 2871 868 2947 facias,
892 2870 1032 2948 atqne‘si
1054 2869 1136 2927 Deus

213 2972 272 3032 per
300 2953 444 3033 angelum
472 2970 559 3013 sunm
591 2960 644 3013 aut
672 2952 846 3032 apostolum
876 2952 1008 3030 aliquem
1039 2970 1077 3010 ea
1096 2949 1135 3009 ad

211 3043 245 3095 te
268 3036 396 3115 perferri
418 3037 564 3111 iussisset,
590 3044 682 3115 atque
705 3036 730 3095 si
751 3036 818 3114 ipse
831 3035 967 3095 Christus
991 3052 1136 3113 praesens

212 3125 413 3197 praesentem
435 3118 627 3179 absolvisset.
671 3118 800 3178 Utamur
826 3119 907 3178 enim
930 3118 1138 3177 communiet

213 3205 295 3261 noto
318 3200 481 3261 vocabulo.

301 3283 440 3362 Septimo
463 3282 600 3362 decimo,
635 3283 761 3342 multum
797 3284 888 3363 igitur
916 3301 989 3362 prae
1021 3282 1089 3341 aliis
1111 3283 1136 3341 is

214 3371 265 3426 est
299 3374 500 3444 consecutus,
533 3367 584 3444 qni
613 3372 807 3425 sacramenta
840 3366 1051 3443 consequitur,
1085 3364 1138 3423 lia·

215 3449 270 3510 bet
293 3450 375 3509 enim
404 3450 493 3529 signa
520 3468 539 3507 a
561 3448 627 3508 Deo
651 3447 805 3526 exhibita,
839 3447 931 3507 habet
962 3447 1137 3526 promissio-

217 3551 289 3592 nem
304 3532 372 3608 Dei,
395 3530 502 3610 quibus
525 3530 615 3591 iidem
638 3550 723 3590 suam
746 3529 915 3607 confirmet,
938 3549 971 3588 se
992 3531 1052 3589 iam
1075 3548 1137 3588 om-

216 3616 301 3673 nium
325 3614 447 3673 illorum
469 3633 537 3673 esse
559 3614 671 3673 factum
694 3615 882 3693 participem,
906 3632 985 3691 quae
1000 3612 1137 3672 Christus

218 3697 319 3757 babet.
365 3695 424 3769 Qui
448 3704 550 3757 autem
579 3697 658 3756 haec
680 3702 871 3756 sacramenta
893 3715 954 3755 non
976 3703 1046 3755 sunt
1067 3714 1138 3755 con-

215 3782 332 3854 secuti,
366 3779 411 3836 illi
438 3780 523 3839 nulla
552 3789 683 3841 externa
715 3788 746 3842 el
774 3779 918 3842 sensibus
938 3778 1080 3839 suliacus
1096 3797 1146 3833 su-

206 3860 381 3918 steutawla
416 3861 491 3922 ridel
520 3882 600 3927 suae
634 3865 765 3934 habent.
809 3865 894 3929 uine
913 3870 1027 3924 tomen
1047 3866 1085 3920 et
1101 3875 1172 3914 onr-

878 3947 951 4018 uu*
