2709 4417
346 385 348 389 ’
512 385 608 435 contra
625 379 685 434 lah.
705 380 847 436 Esaiam·
1049 373 1112 442 495

187 566 350 648 indignius
373 585 532 646 censeam,
563 586 653 645 quam
674 568 759 646 ipsas
780 585 836 645 pro
859 583 945 624 more
966 566 1113 627 humana-

187 669 261 708 rum
284 650 455 711 fabularum
478 653 509 709 in
526 652 626 709 varios
640 669 748 709 seusus
762 649 850 728 diripi
871 666 908 707 ac
922 647 1112 727 dilaniari¹),

188 733 257 792 imo
293 739 324 793 ut
353 733 525 812 Penelopes
561 732 652 792 telam
693 732 755 791 texi
790 739 820 791 et
847 732 960 809 retexi,
1000 738 1033 790 ut
1058 751 1114 791 sua

189 816 344 892 cuiusque
365 816 423 876 fert
452 815 563 892 libido,
596 825 629 874 ut
649 817 768 874 interim
791 822 925 891 taceam,
961 815 1113 892 quamsit

188 898 339 977 impium,
375 898 559 977 Scripturam
595 900 659 977 rapi
683 897 722 957 ad
754 897 905 956 humanos
932 896 1059 956 affectus
1081 903 1112 956 et

190 989 303 1040 sancta
325 988 498 1040 sanatorum
518 981 652 1060 profanis
676 980 824 1048 manibus,
846 981 908 1039 imo
930 978 1112 1060 idolothytis

191 1063 315 1122 violari.
359 1062 428 1138 Quo
451 1066 576 1123 nomine
598 1065 666 1140 ipse
688 1064 746 1121 scit
766 1062 890 1138 Eccius,
913 1062 986 1140 quid
1007 1061 1112 1142 deplo-

190 1151 282 1204 rat-ae
304 1147 516 1222 quaestionum
541 1145 717 1225 theologiae
738 1144 922 1222 debeamus,
949 1163 1028 1223 quae
1051 1153 1112 1205 tam

192 1227 366 1287 clementer
391 1227 550 1288 affectibus
583 1228 722 1307 indulget
742 1227 898 1304 humanis,
938 1246 1111 1306 quanquam

191 1309 285 1368 huius
307 1330 340 1369 se
363 1318 523 1389 patronum
548 1318 578 1370 et
599 1317 782 1369 assertorem
805 1309 1015 1371 velithaberi.

276 1393 391 1471 Habes,
420 1391 684 1469 candide'lectcr,
717 1391 868 1471 epistolae
897 1411 985 1452 meae
1014 1394 1111 1453 consi-

193 1474 271 1533 lium
296 1482 326 1534 et
348 1477 514 1554 rationem,
536 1478 566 1534 in
589 1477 696 1554 quasi
720 1474 793 1556 quid
818 1476 961 1554 peccavi,
990 1476 1112 1535 veniam

194 1556 363 1616 merebitur
390 1558 438 1617 vel
466 1557 672 1637 imprudentia
700 1558 878 1634 veressus,
912 1565 994 1617 certe
1015 1556 1113 1617 fraudi

193 1638 272 1698 dare
293 1658 354 1699 non
375 1640 455 1717 licet,
478 1640 601 1720 quando
623 1642 691 1719 ipse
710 1639 782 1699 mihi
796 1643 937 1700 conscius
951 1659 1027 1718 sum,
1049 1658 1111 1700 non

195 1722 398 1801 malignitate,
421 1742 483 1783 nou
498 1723 581 1799 odio,
602 1723 643 1801 id,
665 1721 811 1801 quidquid
830 1728 886 1799 est,
910 1741 929 1781 a
949 1742 999 1782 mc
1021 1724 1112 1802 scrip-

194 1812 261 1863 tum
284 1824 362 1880 esse,
385 1806 642 1885 vehementerque
656 1805 748 1865 doleo
770 1806 801 1863 in
823 1805 904 1864 hanc
925 1808 990 1884 rapi
1002 1806 1112 1883 aleam,

194 1893 227 1945 et
248 1887 279 1946 in
303 1906 340 1947 ea
361 1907 463 1965 arana,
486 1897 519 1947 ut
529 1889 614 1947 Pauli
638 1888 730 1949 verbo
748 1894 824 1965 utar,
844 1891 1112 1966 θεατρίσασθαι,

193 1969 226 2027 in
250 1987 310 2046 qua
332 1976 365 2028 ut
387 1986 509 2030 causam
538 1971 657 2030 fortiter
680 1978 781 2048 tuear,
816 1971 981 2030 autoritate
1009 1978 1111 2030 tamen

192 2050 361 2110 adversarii
379 2072 510 2131 premor,
533 2060 564 2112 et
586 2060 617 2111 ut
639 2054 743 2112 omnia
764 2053 825 2112 alia
840 2052 968 2112 feliciter
990 2053 1111 2131 cedant,

194 2140 318 2205 tamen,
346 2133 376 2192 id
406 2135 489 2215 quod
512 2135 607 2217 longe
629 2135 857 2195 infestissimum
887 2145 951 2213 est,
983 2135 1113 2196 subinde

192 2216 363 2275 calumnias
394 2218 469 2277 alias
504 2217 584 2277 aliae
605 2224 730 2296 serunt,
767 2225 799 2277 et
831 2226 996 2297 perpetuo,
1030 2218 1112 2296 quod

194 2298 309 2359 Graeci
332 2299 444 2377 dicunt,
467 2295 534 2384 ἔρις
557 2297 627 2382 ἔριν
649 2296 871 2384 ἅντιφυτεύει.
1132 2306 1141 2312 “

278 2381 410 2442 Proinde
430 2384 602 2442 consultum
633 2384 706 2442 mihi
730 2383 888 2443 videbatur
918 2382 1009 2442 surda
1030 2403 1113 2460 aure,

192 2482 306 2542 nempe
328 2463 446 2546 κωφὸν
465 2465 562 2544 βέλος
584 2465 752 2525 calumnias
767 2466 917 2525 Eccianas
938 2468 1113 2544 praeterire,

193 2563 264 2604 curn
288 2545 370 2624 quod
385 2547 535 2607 eiusmodi
557 2548 620 2608 fere
642 2549 712 2627 sint,
735 2567 810 2627 quas
831 2549 856 2607 si
880 2550 1019 2608 conteras
1043 2567 1112 2608 cum

193 2627 336 2708 Epistola
358 2648 441 2707 mea,
474 2630 562 2691 facile
590 2630 695 2690 videas
717 2629 897 2709 responderi
919 2630 990 2709 quid
1006 2633 1112 2710 possit,

194 2720 258 2770 tum
295 2711 378 2790 quod
410 2713 477 2792 ipse
499 2713 575 2774 liber
607 2721 744 2773 actorum
766 2713 905 2792 publicus
927 2715 1001 2774 satis
1024 2714 1113 2775 nobis

193 2795 416 2872 patrocinetur,
439 2802 551 2874 tamen,
575 2797 646 2874 quia
667 2798 713 2855 sic
734 2806 782 2856 est
803 2798 908 2856 amicis
931 2796 1112 2876 quibusdam

194 2878 303 2954 visum,
316 2877 454 2957 purgabo
468 2880 572 2959 paucis
587 2878 655 2938 falsi
672 2880 796 2957 crimen,
815 2879 897 2958 quod
912 2879 1112 2957 dissimulare,

194 2965 227 3018 ut
248 2966 373 3040 putant,
395 2979 458 3020 nnn
488 2968 535 3020 est
556 2961 630 3021 satis
652 2963 746 3040 pium.
787 2963 911 3027 Interim
934 2964 977 3022 ita
998 2970 1112 3042 tempe·

193 3041 270 3102 rabo
294 3049 522 3124 argumentum,
546 3063 584 3103 ue
606 3044 678 3121 quid
701 3046 820 3124 uspiam
842 3045 1028 3125 petulanter,
1058 3053 1113 3107 aut

192 3123 380 3184 immodeste
401 3127 432 3184 in
447 3125 572 3186 Eccium
595 3127 707 3187 dictum
722 3126 818 3188 videri
838 3129 945 3207 possit.
978 3128 1111 3189 Omnino

192 3208 276 3267 enim
316 3208 410 3287 pluris
443 3216 490 3268 est
520 3209 657 3270 Christus
687 3212 775 3291 mihi,
810 3229 900 3289 quam
936 3211 1014 3272 haec
1049 3218 1111 3272 tarn

189 3289 304 3350 -frivola
325 3292 486 3352 calumnia.

279 3377 315 3450 l)
339 3374 464 3434 Praeter
496 3373 631 3434 officium
669 3384 812 3438 causatur
843 3377 954 3437 Eccius
988 3379 1111 3456 tactum,

191 3455 277 3534 quod
299 3456 477 3536 publicarim
501 3460 602 3538 capita
615 3460 766 3538 quaedam
783 3460 1006 3540 disputationis,
1028 3461 1111 3540 quod

194 3540 278 3598 inter
309 3548 412 3620 partes
445 3541 638 3620 convenerit,
673 3562 713 3602 ue
740 3543 901 3624 evulgatur
937 3544 1112 3625 disputatio,

265 3803 295 3867 t)
316 3803 344 3853 tn
364 3803 407 3856 sd.
426 3802 502 3858 lans
521 3807 549 3857 in
570 3808 665 3862 varios
685 3822 785 3861 sensus
804 3805 965 3861 dilacerari.
