2709 4417
168 337 171 349 '
266 342 332 413 460
512 349 557 402 Vl.
577 304 690 404 floreio
702 345 850 414 Quomodo
871 348 910 401 sit

273 536 437 614 (honest,
466 536 498 596 in
527 533 615 596 vobis
644 536 735 596 etiam
759 536 851 616 ipsis)
877 533 1078 595 afflictionem
1098 531 1171 594 heta

270 619 351 696 bitis,
373 621 404 678 in
428 626 600 679 meantem
623 637 739 698 paoem.

352 701 542 778 Undecimo,
570 704 614 762 sio
641 703 760 782 peooeti
788 719 913 780 quoque
941 700 1040 761 facies
1062 707 1175 760 nonest

269 785 340 845 tuiis
362 784 566 864 concipienda
587 787 706 859 animo,
729 784 828 863 quelis
849 789 905 844 aut
925 789 977 843 eet
998 800 1054 861 per
1075 801 1117 858 se,
1136 790 1176 844 eut

271 867 474 928 esseuidetur
494 869 524 927 in
536 869 584 946 iis,
606 869 667 947 qui,
690 887 758 927 oum
780 886 845 928 non
863 865 1070 927 emendarent
1089 865 1176 943 vitun,

269 951 302 1010 in
324 952 460 1031 peccetis
482 952 545 1012 suis
567 952 730 1030 perierunt.
764 950 842 1010 Nam
866 951 893 1010 si
914 949 947 1009 id
971 948 1037 1025 flat,
1059 947 1177 1029 perimis

271 1042 302 1093 et
323 1052 389 1092 nos.
433 1033 626 1094 Avertendus
648 1041 695 1093 est
715 1035 834 1094 animus
855 1053 875 1093 a
896 1037 1102 1114 pennatorum
1122 1048 1178 1092 oon
1217 1032 1218 1085 i

271 1122 395 1195 speetu,
428 1123 459 1177 et
472 1169 476 1181 .
489 1115 644 1197 defigendi
673 1123 745 1176 sunt
772 1117 853 1177 oculi
874 1117 907 1176 in
929 1116 1081 1196 gratiam,
1113 1113 1178 1174 illius

269 1199 434 1278 imaginem
458 1206 489 1260 et
509 1200 638 1261 formam
660 1200 764 1260 animo
788 1197 957 1261 obversor-e
974 1196 1101 1259 assiduo
1122 1215 1178 1258 oon

271 1283 365 1341 venit.

352 1363 448 1440 Porro
481 1367 584 1444 imago
613 1366 731 1446 gratiae
758 1370 805 1425 est
826 1363 967 1425 Christus
1000 1361 1179 1444 pendensin

271 1465 377 1523 oruee,
409 1448 482 1507 item
513 1466 619 1507 omnes
647 1447 750 1508 Sanoti
783 1467 839 1527 per
865 1445 1113 1507 misericordiam
1132 1464 1179 1506 ser·

270 1531 343 1590 vati.
385 1529 418 1589 id
442 1530 525 1608 quod
554 1531 599 1590 sio
620 1537 666 1590 est
686 1529 915 1610 accipiendum:
953 1528 1005 1589 Ea
1028 1535 1078 1589 est
1097 1530 1180 1608 gratia

269 1618 302 1672 et
323 1613 541 1686 misericordia,
565 1613 647 1692 quod
670 1612 808 1674 Christus
831 1613 912 1672 ornei
929 1611 1045 1672 affixos
1066 1608 1181 1692 peona

269 1701 322 1755 tna
337 1697 367 1754 in
391 1714 425 1756 se
445 1697 563 1775 recipit,
585 1696 668 1757 tollit
689 1716 736 1774 aa,
760 1702 791 1756 et
811 1714 937 1775 prorsus
960 1694 1080 1756 abolet.
1101 1692 1180 1769 Quod

271 1779 296 1837 si
318 1777 426 1839 eredas
458 1780 531 1857 ista,
564 1785 595 1838 et
626 1778 744 1860 defiges
770 1781 802 1838 in
833 1775 1014 1839 oruoifixum
1039 1776 1180 1838 Christum

270 1860 393 1936 oeulos,
421 1862 495 1922 nihil
519 1861 677 1938 dubitans,
706 1863 778 1941 quin
801 1862 907 1922 omnia
929 1866 984 1920 tua
1003 1865 1132 1940 peecata
1150 1861 1181 1919 si-

268 1943 332 2003 mul
355 1945 437 2004 ornei
459 1946 520 2004 sint
541 1943 633 2004 affixa
655 1952 687 2005 et
708 1944 837 2021 sublata,
858 1942 890 2003 id
912 1942 1040 2004 tendem
1058 1948 1105 2003 est
1123 1961 1181 2023 gre

269 2028 332 2087 tiae
353 2027 462 2086 saniem
485 2036 516 2087 et
536 2028 701 2108 imaginem
724 2033 864 2106 spectare
886 2045 923 2086 ao
944 2027 1070 2088 intueri.

351 2110 476 2170 Gratiae
497 2129 621 2189 quoque
648 2112 752 2190 imago
773 2112 806 2169 in
828 2109 949 2170 Sanctis
972 2119 1040 2185 est,
1065 2110 1115 2187 qui
1135 2127 1180 2187 per

269 2192 508 2253 misericordiam
531 2193 644 2253 servati
678 2212 798 2253 erucem
827 2211 865 2252 ao
893 2197 1025 2252 mortem
1048 2191 1177 2267 tolerant,

269 2283 338 2335 tuos
360 2275 482 2337 labores
514 2282 544 2335 et
572 2276 759 2336 tentationes
792 2281 859 2335 tuas
888 2294 961 2335 sues
984 2293 1055 2336 esse
1073 2279 1178 2353 putant

270 2358 348 2418 siout
370 2358 443 2418 dieit
465 2359 575 2418 Paulus
598 2358 666 2418 Gal.
688 2361 724 2422 6:
747 2358 834 2418 Alter
855 2357 982 2418 alterius
1004 2377 1103 2418 onera
1121 2375 1177 2436 por·

267 2448 347 2511 tate,
381 2449 412 2501 et
441 2444 486 2501 sio
514 2441 668 2521 complete
691 2442 792 2521 legem
814 2439 934 2501 Christi.
961 2441 1032 2501 uie
1054 2439 1175 2500 Christus

269 2541 394 2602 quoque
414 2525 520 2584 Matth.
544 2528 596 2586 li:
621 2525 733 2584 Venite
754 2523 792 2584 od
815 2543 866 2583 me
888 2542 1009 2601 omnes,
1033 2524 1084 2602 qui
1105 2522 1173 2582 labo

267 2607 341 2666 ratis
364 2616 394 2666 et
416 2608 534 2666 onerati
557 2608 639 2682 estis,
662 2615 694 2666 et
715 2625 773 2685 ego
794 2605 929 2666 reficiam
953 2625 1021 2666 vos.
1053 2605 1102 2666 sie
1120 2611 1172 2665 tuto

269 2694 301 2749 et
333 2690 399 2748 sine
431 2690 533 2768 aliquo
566 2690 703 2769 periculo
733 2707 895 2768 possumus
926 2695 1058 2768 peooata
1085 2694 1173 2748 nostru

268 2773 387 2850 intueri,
409 2773 501 2832 etiam
524 2773 589 2832 sine
611 2772 675 2833 ullo
688 2773 896 2832 eonscientiae
918 2778 1046 2832 nostrae
1064 2777 1170 2831 terrore.

268 2853 319 2914 Sio
349 2862 477 2932 peooata
508 2874 569 2916 non
600 2861 672 2915 sunt
700 2855 833 2935 amplios
860 2862 1011 2934 peecata,
1044 2853 1171 2914 sedeunt

267 2957 322 3016 per
344 2936 497 2997 Christum
521 2938 642 2998 devicta
664 2945 695 2998 et
717 2937 873 3017 absorpto.

351 3019 615 3094 Quemadmodum
640 3022 721 3080 enim
740 3021 876 3082 christus
898 3025 982 3080 tuam
1006 3024 1129 3080 mortem
1147 3019 1170 3076 in

269 3121 303 3163 se
325 3105 450 3182 recepit,
474 3123 603 3182 eamque
625 3104 772 3181 oonfeoit,
795 3109 828 3162 ut
850 3121 914 3163 non
936 3103 1039 3182 possit
1059 3101 1170 3180 emplius

268 3186 322 3246 tihi
345 3205 474 3261 nocere,
508 3185 648 3248 simodo
671 3186 733 3247 hoo
755 3185 877 3262 eredas,
901 3192 932 3245 et
953 3192 1038 3244 tuem
1060 3191 1171 3244 mortem

269 3270 297 3327 in
321 3268 452 3346 Christo,
474 3270 588 3328 nonin
611 3277 651 3343 te,
673 3270 836 3329 intuearis:
865 3269 909 3327 sio
930 3273 963 3328 et
985 3274 1112 3347 peceato
1131 3273 1172 3326 tu

268 3352 300 3410 in
322 3371 356 3411 se
377 3353 499 3430 recipit,
524 3359 554 3411 et
574 3352 669 3412 vineit
691 3371 729 3412 ea
751 3370 807 3411 sua
825 3351 957 3424 iustitia,
979 3369 1073 3428 quam
1093 3349 1171 3431 gratis

268 3435 298 3493 in
330 3440 358 3494 te
382 3435 508 3496 confert,
553 3434 644 3508 Quod
673 3436 699 3494 si
722 3433 844 3512 eredas,
874 3452 937 3494 non
968 3438 1098 3512 possunt
1124 3450 1173 3491 am·

268 3516 348 3597 plius
380 3523 509 3598 peooata
544 3524 573 3577 te
613 3517 830 3577 condemnere.
880 3516 931 3577 sie
970 3521 1018 3576 est
1054 3515 1173 3577 Christos

254 3601 443 3679 ‘exemplum
465 3620 503 3660 ao
525 3601 628 3681 imago
652 3601 768 3680 gratiae
791 3606 823 3660 et
842 3600 942 3675 vitae,
966 3618 1070 3677 quem,
1092 3598 1174 3676 quoti·

195 3727 200 3737 ι
267 3701 424 3764 esourmue
455 3683 506 3744 vel
532 3690 661 3764 oeooato
692 3682 744 3742 vel
764 3689 862 3751 morte
884 3688 1061 3759 tentemur,
1093 3698 1174 3760 eppo

261 3790 340 3835 nere
364 3769 532 3836 debemus.
573 3766 612 3827 id
642 3765 730 3845 quod
746 3763 918 3822 &ramus
936 3765 970 3818 t.
985 3762 1186 3848 monetarum„

255 3860 307 3924 his
332 3857 443 3925 verbis
468 3856 566 3920 didit:
586 3851 662 3914 neo
686 3845 810 3928 gratia,
835 3837 1004 3916 quideme
1020 3835 1115 3896 heda
1125 3840 1208 3887 mem
