2709 4417
228 343 291 410 224
402 345 499 400 Sermo
519 347 546 400 L.
568 347 674 414 Lipsiae
693 349 721 397 in
740 363 804 398 aree
823 347 945 398 babitus.

228 540 291 614 tas,
325 553 361 594 ac
398 535 441 593 ita
478 539 661 613 potestatem
690 540 721 593 et
745 533 995 594 consolationem
1020 532 1143 593 clavium

217 636 369 696 quaeras,
413 616 489 676 (lum
514 618 573 676 iam
597 617 742 676 sacerdos
763 617 950 696 pronunciat
977 624 1010 676 et
1040 623 1070 676 te
1098 618 1142 677 ab·

178 722 183 732 ¹
229 701 336 774 solvit,
365 700 446 759 idem
470 708 533 772 est,
565 719 603 758 ac
633 701 658 758 si
682 700 813 759 dicatur:
837 701 980 758 Remissa
1002 708 1075 758 sunt
1095 701 1140 760 tibi

229 792 358 862 peccata
379 789 446 860 lua,
480 782 710 842 misericordem
733 783 831 842 Deum
864 782 971 844 habes.
1016 782 1075 844 Hic
1095 782 1138 842 de-

229 885 310 924 mum
334 884 434 924 sermo
457 866 671 926 consolatione
694 865 804 945 plenus
824 872 890 944 est,
921 871 953 924 et
973 865 1069 925 verba
1088 860 1136 926 Dei

229 955 307 1025 sunt,
331 949 381 1027 qui
405 949 448 1008 sic
470 946 562 1007 fidem
585 968 669 1008 suam
694 948 852 1027 obligavit,
877 947 908 1008 et
930 950 962 1007 in
985 949 1074 1008 coelo
1096 969 1134 1010 so-

229 1031 324 1093 lutum
348 1031 513 1108 esse'vult,
536 1031 618 1110 quod
632 1030 777 1090 sacerdos
800 1032 936 1100 solutum
954 1035 1131 1110 pronunciat.

311 1114 369 1173 Hic
389 1113 442 1172 tibi
472 1115 562 1173 etiam
587 1123 680 1193 atque
702 1117 792 1173 etiarn
816 1113 983 1173 videndum
1008 1123 1071 1189 est,
1101 1136 1130 1176 ue

150 1202 155 1219 ⁸
229 1195 301 1274 quid
324 1196 443 1256 dubites
466 1198 510 1255 sic
532 1215 566 1256 se
587 1197 710 1256 habere.
733 1199 835 1275 Atque
857 1198 947 1256 citius
969 1216 1032 1257 non
1053 1219 1127 1257 unam

229 1287 358 1338 mortem
394 1278 478 1339 obire
501 1279 611 1356 debes,
645 1273 736 1358 quam
772 1279 812 1340 de
840 1279 1012 1340 sacerdotis
1034 1281 1126 1342 iudicio
1170 1318 1172 1355 ;

229 1360 376 1422 dubitare.
418 1362 496 1424 Nam
532 1362 642 1421 Christi
676 1370 708 1422 et
738 1363 796 1422 Dei
825 1362 971 1421 iudicium
1010 1370 1062 1423 est·
1102 1364 1125 1425 Si
1170 1364 1172 1371 '

228 1444 307 1504 haec
326 1446 369 1505 ita
391 1444 515 1526 credere
537 1451 655 1524 potest,
691 1452 815 1524 oportet
835 1452 869 1504 ut
887 1464 944 1504 cor
965 1452 1049 1504 tuum
1068 1467 1124 1526 prae
1158 1378 1172 1513 l

228 1527 345 1587 laetitia
366 1527 464 1587 rideat
486 1537 517 1587 et
539 1527 707 1587 sacerdotis
725 1534 910 1606 potestatem
934 1528 1062 1603 deamat,
1074 1530 1123 1589 Deo

228 1612 342 1690 gratias
364 1618 452 1690 agat,
474 1630 604 1688 eumque
626 1611 767 1670 laudibus
790 1610 912 1686 efferat,
946 1612 1030 1689 quod
1061 1620 1122 1671 tuam

229 1695 449 1775 conscientiam
483 1695 525 1753 ita
556 1713 612 1772 per
639 1694 780 1753 homines
809 1694 965 1753 consolari
995 1693 1122 1774 dignatur.

229 1775 281 1837 sin
303 1795 376 1836 vero
400 1777 524 1835 credere
547 1778 666 1852 nescis,
690 1784 721 1835 et
744 1781 774 1836 te
796 1776 884 1835 huius
906 1776 1122 1838 condonationis
1151 1782 1172 1853 ΙΞ

215 1858 387 1938 ,iudignum
408 1860 540 1936 iudicas,
576 1878 768 1938 nequaquam
792 1859 949 1919 existimes
978 1867 1009 1918 te
1031 1862 1123 1922 satisle
1165 1876 1172 1943 j

229 1943 309 2002 cisse
331 1961 385 2021 pro
409 1943 462 2002 tali
484 1941 545 2001 fide
567 1942 735 2002 obtinenda
758 1942 824 2002 Deo
859 1943 1045 2021 supplicato,
1064 1944 1124 2002 hanc
1166 1946 1172 2015 l

230 2026 310 2084 enim
339 2026 397 2084 nisi
431 2025 561 2102 habeas,
597 2031 756 2086 aeternum
791 2024 845 2084 tibi
877 2025 1063 2103 pereundum
1082 2034 1123 2103 est,

230 2115 337 2186 estque
358 2108 419 2167 boc
448 2116 563 2168 certum
586 2110 706 2187 signum
733 2114 764 2166 te
784 2109 816 2166 in
838 2106 899 2166 tide
922 2128 986 2168 non
1008 2111 1075 2169 satis
1092 2111 1122 2169 io·

230 2198 377 2251 structum
400 2210 478 2267 esse,
500 2193 531 2250 in
553 2189 697 2270 operibus
722 2183 823 2250 autem
843 2191 912 2270 plus
936 2193 1020 2252 satis.

311 2274 420 2333 lllillies
443 2274 511 2352 plus
534 2275 564 2332 in
587 2293 625 2334 eo
653 2275 742 2332 situm
767 2280 831 2348 est,
861 2281 893 2333 ut
915 2283 1000 2334 certo
1023 2283 1052 2334 et
1069 2280 1122 2335 cou'

230 2362 346 2416 stanter
374 2357 480 2416 credas
511 2359 681 2416 sententiae
703 2356 922 2435 absolutionis,
952 2354 1048 2435 vquam
1068 2377 1123 2436 quo·

230 2439 324 2499 modo
347 2439 457 2518 dignus
480 2441 532 2518 sis,
555 2447 586 2499 et
607 2440 790 2512 satisfacias,
812 2439 956 2518 adeoque
978 2443 1045 2500 talis
1064 2440 1122 2500 fides

230 2522 355 2601 dignum
379 2534 409 2581 te
430 2523 537 2601 reddit,
560 2530 591 2582 et
613 2543 717 2582 veram
740 2523 979 2583 satisfactionem
1000 2525 1122 2602 praestat

171 2641 173 2646 -
230 2606 331 2683 Atque
352 2607 394 2664 ita
417 2611 554 2684 potestas
578 2606 708 2665 clavium
731 2605 855 2665 adiuvat
888 2606 1123 2667 consacerdotes

230 2697 262 2747 ut
285 2687 473 2762 sacerdotes,
496 2708 599 2747 verum
623 2697 750 2766 tantum,
773 2698 806 2748 ut
826 2688 966 2748 infirmae
989 2697 1020 2749 et
1038 2704 1123 2769 peccc-
1171 2718 1172 2725 ¹

230 2772 269 2831 tis
292 2771 419 2831 obrutae
446 2773 670 2849 conscientiae,
709 2792 787 2850 quae
809 2774 939 2852 gratiam
968 2792 1024 2852 per
1051 2771 1122 2832 fidem

229 2856 401 2935 accipiunt,
435 2861 598 2934 pacantur,
637 2862 668 2914 et
689 2855 805 2914 firmam
829 2857 858 2914 in
881 2856 979 2914 Deum
1003 2854 1122 2916 fiduciam

230 2939 415 3016 concipiant.
489 2950 499 2969 ⁴

274 3021 360 3079 »Ex
382 3039 442 3098 quo
466 3028 576 3099 postea
595 3023 745 3098 sequitur,
784 3020 867 3099 quod
901 3023 1001 3082 omnis
1029 3023 1085 3082 vita
1103 3027 1124 3080 et
1171 3086 1172 3091 η

229 3103 354 3164 afflictio
376 3103 484 3163 leviter
500 3103 621 3183 feratur,
645 3110 676 3163 et
696 3105 790 3164 homo
812 3104 916 3163 hilaris
940 3124 997 3165 suo
1010 3104 1123 3184 propitio
1171 3132 1172 3177 1

229 3187 296 3248 Deo
319 3188 467 3246 inservire
490 3194 590 3265 queat,
614 3189 664 3265 qui
687 3188 801 3265 alioqui
824 3206 880 3266 per
902 3187 1004 3248 cordis
1026 3195 1124 3248 aestum

229 3277 261 3330 et
287 3277 466 3350 perpetuam
501 3269 722 3330 dubitationem
754 3270 870 3329 nullum
906 3291 1038 3349 unquam
1069 3287 1124 3329 vere

230 3353 344 3414 bonum
372 3373 448 3433 opus
470 3354 551 3412 facit.
594 3353 660 3413 lloc
689 3354 810 3413 demum
841 3354 929 3414 dulce
963 3353 1038 3413 illud
1064 3369 1123 3413 oms

230 3445 278 3496 est
298 3437 423 3497 Domini
445 3439 541 3496 nostri
569 3439 635 3496 lesu
658 3438 784 3513 Christi,
815 3436 854 3496 de
883 3456 943 3516 quo
965 3438 1066 3497 Matth.
1088 3439 1122 3497 ll.

229 3519 377 3598 loquitur:
401 3520 508 3600 Iugum
542 3539 642 3579 meum
672 3519 868 3581 commodum
903 3529 968 3595 est,
1004 3529 1035 3581 et
1063 3536 1123 3580 oms
1169 3490 1172 3605 l

229 3621 330 3663 meum
353 3605 430 3665 leve.
475 3605 576 3682 Atque
598 3603 675 3662 haec
699 3605 738 3664 de
759 3602 818 3663 hoc
840 3604 1014 3684 evaugelio.
1170 3612 1172 3691 l

595 3823 803 3832 -——--—
