2709 4417
137 259 250 267 -—

223 336 287 405 296
454 341 547 396 Resol.
567 342 593 396 t.
612 356 696 410 super
711 340 901 410 Propostlone

288 522 469 589 'Resolntio
499 526 685 588 buthariana
721 547 814 608 super
846 528 1061 610 propositione
1088 546 1131 590 sur

230 612 325 671 teroia
347 609 467 670 deoima
489 609 527 669 de
549 617 703 689 potestate
717 630 819 691 papae
844 617 887 685 (s.
909 611 928 670 l.
951 617 984 672 et
1004 614 1069 690 a.);
1086 630 1130 673 ssx

231 702 368 773 quatern.
391 693 482 753 Tituli
498 693 611 773 pagina
624 694 722 754 literis
734 693 919 773 capitalibus
931 701 979 775 est
989 695 1130 774 impressa.

312 775 474 837 Resolutio
506 776 692 837 Lutheriana
725 796 818 856 snper
846 778 1059 857 propositione
1087 796 1128 838 sue

229 859 350 920 deoima
372 860 471 937 tertia,
494 858 540 918 De
551 866 706 938 potestate
718 859 833 939 Papae,
854 861 884 922 4.
908 859 988 941 ll¹l2
1011 867 1127 938 quatem.

228 943 320 1002 Tituli
342 943 456 1022 pagina
490 948 521 1001 et
543 939 709 1002 maioribus
739 951 771 1003 et
791 941 962 1003 minoribns
987 942 1075 1002 literis
1092 960 1128 1003 oo

230 1024 379 1105 pitalibus
403 1032 450 1085 est
465 1026 628 1103 impressa.
1176 1044 1177 1078 ς

313 1107 474 1168 Resolutio
487 1106 673 1167 Lntheriana
693 1127 784 1187 super
795 1109 1021 1188 propositione
1031 1106 1127 1168 deoima

230 1192 334 1250 tertia:
357 1189 396 1250 de
418 1197 574 1269 potestate
591 1210 709 1270 papae:
731 1210 787 1269 per
798 1197 939 1251 autorem
954 1190 1125 1270 locupletata.

228 1273 260 1332 ln
293 1273 366 1331 line:
398 1273 519 1352 Lipsiae
557 1293 595 1333 ex
618 1273 754 1333 Aedibus
778 1273 934 1334 Valentini
958 1273 1121 1334 Sohumaun.

232 1358 322 1417 Anno
356 1355 472 1415 domini
495 1355 657 1417 Millesimo
692 1358 905 1437 quingentimo
937 1356 1125 1436 vigesimol.

586 1438 720 1515 (Panner
742 1459 812 1500 ann.
835 1447 901 1519 typ.
925 1438 1090 1518 v11,215.r

433 1701 653 1797 Resolntio
683 1701 953 1822 Lutheriaua

234 1909 355 1969 super
401 1889 685 1968 Propositioue
725 1889 804 1952 xm.
856 1889 902 1950 de
947 1896 1130 1969 potestate

332 1971 477 2051 Papae,
500 1991 567 2050 per
588 1979 766 2032 autorem
787 1972 1047 2064 locupletata.

599 2088 617 2148 J
640 2107 656 2147 e
680 2108 693 2146 s
716 2109 734 2147 u
758 2109 782 2148 s.

238 2204 385 2265 Martinus
406 2205 520 2265 Luther
540 2205 594 2265 Pio
617 2205 738 2266 Lectori
765 2205 894 2266 salntem
924 2207 955 2265 in
978 2205 1090 2266 Christo
1103 2208 1135 2274 ἢ».

319 2321 417 2401 Super
449 2320 714 2401 propositionibus
754 2322 902 2383 tredecim
936 2323 1134 2385 Resolutiones

235 2424 318 2464 meas
341 2424 438 2484 nuper
467 2404 662 2465 tumultuario
692 2407 819 2486 negotio
844 2405 943 2484 edidi,
977 2414 1010 2467 ut
1035 2405 1136 2466 serebat

272 2573 304 2642 t)
327 2575 357 2626 ln
377 2574 499 2628 editione
530 2577 635 2644 priore,
665 2591 723 2628 uon
745 2575 929 2642 locupletata,
958 2575 1028 2629 haar
1051 2574 1138 2644 legitur

235 2648 386 2712 praefatio:
577 2647 620 2698 Ad
639 2647 790 2701 lectorem.

271 2716 363 2786 Cogor
374 2733 427 2786 ego
443 2717 519 2770 solus
532 2721 589 2771 sere
607 2718 767 2772 mortalium
780 2717 1014 2786 disputationibus
1028 2719 1092 2771 meis
1101 2723 1140 2769 aut

240 2788 347 2840 nullum
366 2791 531 2842 interserere
557 2789 730 2858 paradoxum
757 2793 804 2841 aut
828 2805 897 2842 mox
916 2789 999 2841 simul
1017 2788 1140 2843 effundere

236 2865 320 2911 lotum
338 2865 483 2915 secretum.
502 2860 581 2914 Adeo
592 2863 674 2914 ceteri
685 2875 792 2926 omnes,
807 2876 867 2912 cum
882 2861 1026 2914 ambulent
1036 2863 1062 2913 in
1074 2862 1141 2913 mira·

235 2932 335 2984 bilibus
345 2948 427 3000 super
436 2938 498 2986 seet
510 2949 565 2985 non
573 2933 656 2986 modo
665 2932 876 3002 paradoxotata‚
891 2931 1140 3002 sodetpseudodox·

235 3009 309 3055 otata
326 3007 529 3072 proposuerint,
541 3006 724 3058 hanchabent
733 3007 860 3074 gratiam,
872 3009 903 3056 ut
910 3003 996 3074 longe
1005 3004 1141 3073 distingue·

234 3082 279 3126 tur
290 3076 411 3143 interea,
431 3091 501 3143 quaa
513 3079 552 3129 sio
562 3082 710 3143 ostentant,
721 3083 749 3128 et
761 3091 794 3128 ea
812 3091 884 3143 quae
903 3075 986 3143 plane
1004 3078 1033 3129 in
1051 3077 1142 3146 populo

236 3146 336 3200 docent
348 3153 394 3199 aut
408 3147 481 3199 domi
493 3146 664 3216 fabulantur3
676 3164 748 3200 unus
756 3154 798 3201 est
808 3147 953 3213 botherus,
967 3150 1016 3215 qui
1027 3153 1143 3217 etprovo·

241 3222 319 3269 catur
339 3224 366 3270 et
386 3220 413 3269 vi
432 3221 537 3286 rapitur
563 3220 597 3271 ad
617 3223 741 3288 pugnam
761 3218 993 3287 disputationem,
1022 3225 1050 3272 et
1075 3217 1144 3271 simul

235 3290 356 3358 exigitur
375 3288 466 3342 dicere
491 3296 517 3342 et
538 3293 668 3343 rationem
689 3298 751 3343 ants
771 3295 879 3358 tempus
899 3288 1031 3354 reddere,
1055 3294 1101 3342 aut
1115 3287 1145 3342 itu

236 3361 326 3412 dicare
346 3359 544 3428 disputaturus,
564 3367 594 3413 ut
613 3377 629 3413 a
648 3361 813 3415 cerdonibus
831 3377 942 3429 quoque
960 3361 1079 3430 intelligi
1095 3376 1146 3426 pos-

235 3435 278 3484 sit.
317 3431 440 3498 Quodsi
461 3435 643 3494 nontacero,
675 3449 743 3485 mox
770 3433 940 3500 haereticus,
968 3429 1145 3502 blasphemus,

237 3503 419 3556 seandalosus
439 3520 510 3567 sum,
530 3507 569 3556 sio
588 3521 651 3558 mea
663 3505 747 3558 habet
764 3505 895 3570 sors‚‘mi
912 3503 1010 3570 lector,
1030 3503 1078 3558 sed
1098 3519 1147 3557 non

239 3577 331 3627 timeo.
352 3574 442 3628 douae
464 3575 590 3629 Christus
611 3578 719 3640 vixerit,
738 3577 786 3643 qui
805 3574 899 3642 simili,
916 3576 975 3630 imo
996 3578 1102 3629 maiore
1116 3577 1148 3628 iu·

238 3645 311 3697 vidia
328 3646 481 3710 laboravit,
503 3664 565 3700 cum
585 3650 642 3701 suis
661 3648 764 3700 divinis
782 3646 936 3716 paradoxis
954 3649 1093 3717 superbos
1108 3646 1149 3714 tol·

233 3717 310 3785 leret,
333 3723 362 3771 ut
384 3720 431 3789 qui
450 3717 576 3775 ridentes
597 3724 676 3775 erant
696 3719 771 3773 oaesi
787 3718 903 3784 beraut,
919 3733 993 3785 onae
1007 3725 1105 3771 tumen
1116 3719 1150 3769 ni·

224 3792 251 3845 sr'
265 3799 334 3862 post
362 3796 564 3853 ascensionem
597 3810 651 3848 suo
670 3798 803 3862 tempore
818 3803 870 3857 per
896 3786 1031 3853 spiritum
1049 3790 1171 3836 snum

214 3869 350 3924 revelare
374 3871 492 3945 noluitss
532 3938 534 3942 Ι
627 3876 634 3883 ’
