2709 4417
470 331 539 387 llllL
560 330 594 384 de
611 334 748 400 potestate
766 328 866 399 Papae·
1050 326 1113 395 359

276 517 357 595 Quid
378 519 460 581 hoo?
506 520 639 581 Annon
663 526 710 580 est
731 537 750 578 a
771 517 838 578 Deo
865 517 995 593 dictum,
1029 517 1111 597 quod

200 601 299 662 .³etrns
334 609 365 662 et
385 602 497 662 Paulus
532 602 688 662 dixerunt:
729 600 848 662 Subditi
881 600 1013 669 estote?¹
1041 601 1112 665 Non

200 691 239 745 est
260 684 476 746 sacerdotibus
498 686 629 762 dictum,
664 704 727 745 non
750 692 797 744 est
825 686 967 746 omnibus
990 684 1113 762 dictum,

200 767 318 845 puando
342 768 452 829 Paulus
476 768 566 829 dicit:
610 767 719 832 Omnis
741 767 867 828 anima?

276 867 358 942 Quid
382 869 406 927 si
428 869 595 949 imperator
614 868 711 928 dicat:
755 867 824 945 Ego
852 866 929 927 duos
952 866 1113 943 apostolos

200 951 310 1010 trimos
333 971 389 1030 pro
412 970 461 1011 me
482 952 598 1028 habeo,
629 951 737 1030 quibus
759 950 827 1028 plns
849 949 1034 1009 credendum
1058 959 1115 1026 est,

200 1051 284 1111 tuam
307 1034 474 1110 Ieremias,
506 1054 544 1094 eo
579 1033 660 1113 qnod
692 1033 736 1093 illi
767 1034 923 1092 veritatem
944 1032 1112 1092 revelatam

200 1118 266 1175 iovi
296 1117 503 1194 Testamenti,
542 1119 601 1177 iste
641 1134 727 1177 more
766 1114 947 1194 prophetico
984 1115 1115 1174 occulta-

200 1217 254 1258 am
301 1200 424 1261 locutus
468 1200 534 1260 est?
590 1198 664 1260 ldeo
708 1198 781 1257 nihil
822 1197 969 1278 probatur
1008 1205 1115 1257 contm

200 1301 252 1341 ne.
299 1282 381 1357 Quid
403 1282 453 1342 hic
473 1283 612 1342 dicetur?
656 1281 716 1341 Sed
747 1281 843 1358 adde,
879 1282 904 1339 si
938 1280 1016 1340 haec
1044 1299 1116 1340 vera

200 1371 281 1423 unt:
305 1365 389 1446 Ergo
412 1366 556 1426 Ieremias
577 1372 624 1425 est
645 1384 781 1424 summus
798 1364 954 1443 pontifex,
978 1362 1114 1441 qnando·

200 1446 319 1525 {uidem
341 1449 422 1508 huno
443 1450 508 1508 eius
539 1448 657 1508 titulum
689 1446 748 1507 soli
769 1447 857 1506 Rom.
880 1446 1041 1524 pontifices
1071 1464 1116 1504 ar-

200 1537 322 1608 ngant,
368 1531 451 1610 quod
500 1532 656 1591 constituti
701 1538 771 1589 sunt
813 1548 905 1607 super
940 1536 1049 1606 gentes
1085 1536 1117 1588 et

199 1631 301 1691 egna.

277 1728 374 1808 Igitur
395 1727 434 1788 de
457 1728 608 1808 propheta
632 1735 663 1789 et
685 1748 780 1808 opere
801 1728 972 1808 prophetae
997 1727 1117 1787 locutus

199 1817 239 1870 rst
264 1811 363 1886 Deus,
394 1811 468 1870 nihil
491 1810 529 1871 de
552 1811 771 1891 praecellentia
805 1809 1002 1870 sacerdotali.
1047 1809 1117 1870 Non

199 1900 240 1953 est
264 1893 327 1952 alia
349 1894 567 1972 praecellentia
595 1895 625 1954 in
649 1895 792 1968 ecclesia,
815 1913 906 1973 quam
929 1892 1011 1952 verbi
1033 1892 1118 1951 mini-

199 1976 333 2052 sterium,
356 1974 436 2055 quod
460 1976 538 2036 bene
561 1977 683 2036 salvum
705 1982 817 2052 manet,
840 1978 865 2035 si
888 1974 1065 2035 sacerdotes
1087 1976 1117 2034 in

199 2059 338 2119 ›mnibus
361 2058 582 2138 temporalibus
606 2058 735 2119 subiecti
758 2060 818 2118 sint
840 2058 987 2138 potestati
1012 2057 1118 2136 gladii,

199 2142 273 2200 sicut
299 2141 355 2200 luit
382 2143 412 2201 in
443 2141 562 2202 Christo
601 2150 632 2202 et
666 2141 833 2222 apostolis,
871 2147 901 2200 et
934 2139 1118 2219 primoribus

199 2243 365 2304 episcopm.

275 2325 415 2402 Denique
429 2342 481 2382 cur
499 2342 561 2382 non
581 2323 694 2400 evellit,
711 2322 848 2401 dissipat,
862 2322 1014 2397 aedificat,
1033 2321 1119 2400 plan-

199 2414 248 2485 tat,
273 2407 299 2466 si
321 2406 382 2467 hoc
404 2406 442 2466 ad
465 2424 499 2465 se
521 2407 674 2485 pertinere
697 2405 804 2484 putat?
846 2405 915 2464 Non
950 2414 1021 2464 sunt
1056 2404 1118 2482 dig-

199 2490 302 2549 nitatis
327 2495 358 2549 et
380 2488 628 2568 praecellentiae,
650 2487 706 2547 sed
723 2487 835 2548 laboris
858 2491 888 2548 et
907 2486 998 2547 officii
1016 2486 1119 2565 verba,

199 2591 277 2652 qnae
307 2571 358 2631 hic
388 2577 551 2651 ponuntur.
594 2571 634 2630 Et
663 2569 713 2630 nbi
731 2571 785 2630 fuit
807 2589 941 2629 summus
976 2569 1120 2629 sacerdos

199 2657 227 2715 in
249 2654 331 2733 lege,
360 2655 385 2713 si
407 2655 550 2714 Ieremias
572 2653 633 2713 hnc
656 2652 760 2725 verbo,
784 2652 939 2728 sacerdos,
965 2653 1120 2712 constitni-

199 2747 244 2796 tur
267 2756 361 2816 super
383 2743 493 2816 gentes
517 2744 548 2796 et
569 2756 674 2815 regna,
698 2755 790 2814 super
811 2755 890 2813 quae
913 2734 964 2793 ille
979 2756 1040 2794 non
1054 2743 1120 2794 erat

198 2820 391 2881 constitutus.
433 2817 492 2878 Ubi
515 2821 561 2878 est
584 2823 615 2879 et
636 2817 712 2877 illud
735 2837 874 2897 quoque,
911 2818 991 2894 quod
1022 2819 1121 2896 ponti-

198 2902 286 2962 ficem
314 2903 347 2961 in
381 2901 588 2980 spiritualibus
621 2900 772 2960 duntaxat
807 2900 995 2979 praecellere
1031 2899 1121 2973 dixit,

198 2985 325 3066 partitus
349 3003 418 3043 cum
442 2983 573 3044 Caesare
597 2984 769 3062 imperium,
793 2984 818 3041 si
841 3003 933 3062 super
954 2989 1063 3061 gentes
1091 2990 1122 3041 et

198 3086 293 3148 regna
316 3067 499 3126 constitutus
523 3074 579 3142 est,
601 3065 639 3125 ad
664 3066 746 3125 huno
767 3065 912 3125 sensum?

280 3167 446 3228 Praeterea
467 3185 560 3226 nosse
583 3165 743 3241 debueras,
767 3164 849 3242 quod
872 3164 1040 3226 fecitDeus
1061 3164 1121 3224 duo

199 3250 360 3311 luminaria
396 3269 509 3328 magna
540 3251 569 3307 in
599 3248 791 3307 firmamento
834 3248 929 3326 coeli,
972 3248 1121 3306 luminare

200 3335 308 3410 maius,
322 3340 355 3392 ut
376 3339 513 3410 praesset
527 3331 597 3407 diei,
611 3338 642 3390 et
657 3332 806 3390 luminare
823 3332 930 3404 minus,
949 3339 981 3389 nt
998 3348 1122 3409 praees·

200 3423 244 3476 set
267 3416 369 3490 nocti,
398 3423 559 3492 utrumqne
592 3433 754 3493 magnum,
788 3412 842 3471 sed
865 3413 992 3472 alterum
1016 3413 1123 3471 maius.

200 3498 246 3561 td
275 3497 501 3558 firmamentum
529 3497 619 3575 igitur
648 3497 754 3570 coeli,·
779 3495 810 3553 id
839 3506 901 3572 est,
944 3494 1122 3554 universalis

200 3582 364 3657 ecclesiae,
386 3580 457 3640 fecit
479 3580 561 3639 Deus
584 3578 644 3638 duo
668 3579 829 3637 luminaria
851 3597 980 3656 magna,
1010 3576 1040 3635 id
1067 3581 1123 3654 est,

199 3664 331 3726 instituit
353 3661 429 3722 duas
451 3661 625 3742 dignitates,
648 3667 814 3738 quaesunt
832 3659 1017 3739 pontificalis
1037 3666 1123 3718 auto·

197 3749 272 3806 ritas
297 3754 329 3804 et
348 3746 462 3823 regalis
483 3751 633 3822 potestas,
658 3743 793 3821 sedilia,
815 3762 896 3824 quae
916 3749 1043 3823 praeest
1060 3741 1126 3800 die·
1187 3769 1192 3778 ·

197 3843 252 3894 ins,
275 3825 311 3881 id
331 3833 385 3900 est,
410 3827 636 3905 spiritualibus,
662 3831 764 3890 maior
790 3837 851 3911 est,
874 3847 959 3911 quas
977 3844 1058 3887 uero
1080 3841 1144 3882 aar·

197 3903 309 3979 “libus
334 3905 445 3968 mlHOr·
490 3909 534 3970 Et
559 3921 685 3994 quanta
718 3921 770 3980 est
792 3917 881 3979 inter
910 3912 1021 3977 solem
1054 3913 1089 3969 et
1115 3902 1170 3960 lu·
