2709 4417
233 341 299 411 212
440 346 592 413 Disputatio
608 346 716 414 lipsiae
733 345 827 398 habite
844 359 871 400 a.
891 343 955 396 XIX

235 532 279 593 ita
299 529 384 608 fleri,
406 531 448 591 ita
470 531 577 608 statui,
599 531 681 609 quod
703 536 764 590 tarn
787 535 953 610 peccantes
974 548 1060 608 quam
1079 551 1108 609 pe

236 622 307 677 eata
328 622 530 693 reserventur,
555 620 586 674 et
606 615 658 674 uni
680 616 801 674 animae
822 632 878 673 sex
896 613 948 674 vel
969 621 1107 694 septemp

238 705 341 759 stores
365 697 535 757 secundum
559 696 615 757 sub
628 704 661 758 et
682 715 773 777 supra
783 699 989 777 imponantur.
1031 696 1108 757 Sedu

236 781 279 841 itu
301 779 416 842 debeat
437 782 520 860 lieri,
551 787 604 840 aut
631 780 793 860 expediat,
821 797 884 840 non
906 779 1028 839 definio.
1069 779 1107 840 Sci

236 864 319 943 quud
341 862 468 925 inferior
479 869 601 923 tenetur
614 863 741 924 obedire
750 863 947 942 restringenti
969 869 999 922 et
1019 881 1104 922 vexas

237 966 412 1025 quanquam
443 947 528 1008 nullo
557 948 622 1007 iure
644 946 758 1023 diyino.
803 946 950 1025 Superior
969 954 1081 1022 tamen,

237 1031 312 1090 dicit
328 1028 501 1091 Conclusio
522 1049 605 1106 mea,
626 1030 806 1110 gravissime
827 1036 953 1108 peceat,
976 1030 1001 1087 si
1021 1048 1107 1087 reserv

237 1113 358 1174 occulta
379 1121 508 1194 peecata
529 1115 595 1173 sine
615 1112 1000 1188 rationabilissimaeausa,
1022 1113 1107 1172 imos

237 1196 298 1257 huo
319 1195 436 1275 dubito,
458 1203 489 1257 et
504 1202 650 1278 quantum
666 1197 766 1276 capio,
788 1193 882 1255 credo
894 1197 961 1256 sine
977 1195 1107 1257 temeritnt

240 1280 356 1339 nullum
390 1279 544 1340 occultum
578 1286 739 1358 peccatum
777 1277 891 1339 debere
923 1279 1105 1338 reserveris

237 1381 341 1442 posse,
365 1371 477 1443 optans
498 1361 603 1425 eudirc
625 1361 839 1442 probationem
864 1363 1056 1421 contrariam.

319 1444 462 1506 Secundo
493 1445 580 1522 dico,
613 1445 747 1505 ecclesia
776 1463 838 1505 non
862 1451 946 1504 esset
966 1445 1088 1521 ruitura,

236 1528 317 1588 idem
340 1529 507 1609 plebanus,
530 1530 712 1608 episcopus,
735 1528 1001 1607 archiepiscopus,
1024 1534 1054 1586 et
1071 1545 1107 1606 ps}

237 1618 337 1689 esset,
367 1631 404 1672 so
425 1610 494 1672 sola
515 1611 684 1673 concordia
705 1610 909 1689 cohaerente,
932 1618 966 1670 ut
988 1610 1105 1689 Cyprisn

147 1726 150 1731 ·
236 1697 289 1773 ait,
312 1702 344 1755 et
364 1697 444 1755 sicut
464 1715 537 1755 usus
555 1695 665 1774 prioris
688 1694 840 1755 ecclesiae
862 1694 928 1770 fuit,
951 1695 1107 1772 iungerent

319 1778 469 1857 Proinde,
501 1777 583 1858 quod
605 1784 638 1837 et
658 1777 819 1837 damnatus
842 1778 936 1837 fertur
957 1776 1091 1837 articulus

237 1861 465 1923 Constantiensi
488 1861 620 1922 coneilio
643 1860 683 1920 de
703 1861 770 1922 istis
791 1858 1063 1936 teser-sationibus,
1086 1879 1107 1917 u

236 1945 311 2005 setis
333 1963 417 2007 euro.
439 1943 511 2005 Hoo
532 1945 608 2023 snio,
632 1943 715 2022 quod
737 1943 884 2024 probatus
905 1944 978 2019 fuit,
1001 1949 1031 2002 et
1052 1960 1107 2020 repr

236 2027 309 2089 bata
329 2028 389 2087 ists
411 2028 580 2089 reservatio
603 2028 635 2086 in
657 2026 812 2105 primitiva
833 2026 967 2086 ecclesia
989 2033 1021 2085 et
1039 2025 1107 2084 instit

237 2111 321 2171 tione
342 2111 574 2191 apostolorum,
607 2117 639 2169 et
669 2129 751 2169 nunc
772 2127 912 2189 quoque,
935 2119 968 2167 ut
989 2109 1107 2168 miserriu

237 2194 389 2255 ecclesiae
411 2195 603 2275 experientia
624 2192 732 2270 docet,
755 2202 837 2252 esset
858 2193 1036 2252 utilissimus
1057 2199 1107 2250 ets

237 2276 417 2338 luberrimua
453 2277 493 2337 ud
515 2275 688 2338 coercenda
710 2283 838 2355 peccata
859 2284 891 2336 et
914 2274 1075 2336 tollendam
1094 2273 1107 2332 d

237 2360 408 2421 tentabilem
422 2361 633 2421 confusionem
646 2361 782 2419 omnium
798 2360 1041 2438 episcopatuum,
1061 2376 1106 2435 qus

237 2442 331 2504 hodie
353 2443 501 2504 videmus.
545 2441 613 2517 Qua
635 2461 729 2502 causa
751 2449 853 2502 autem
877 2443 916 2501 ait
938 2461 994 2501 suo
1017 2449 1105 2518 tempo

238 2534 387 2604 mutatus,
418 2536 552 2588 transeo.
596 2525 773 2586 Mutabilem
796 2526 943 2602 invenio,
979 2523 1106 2584 mutabile

237 2609 387 2689 relinquo.
429 2610 514 2671 Haec
533 2611 565 2671 in
579 2609 736 2670 arbitrium
756 2608 899 2670 iudicum.
923 2607 1011 2667 Hora
1030 2606 1106 2666 transi

237 2793 384 2870 Quarta
433 2795 583 2857 decima
637 2794 699 2854 die
741 2792 855 2871 lulii,
911 2808 1020 2851 mane
1060 2787 1106 2847 ho:

615 2895 786 2974 septima.

387 3031 585 3094 continuavit
605 3030 717 3090 Eceius
737 3036 858 3110 praeter
879 3033 1013 3108 pactum.

625 3165 782 3228 Eccius.

319 3351 522 3412 Reverendus
536 3350 626 3409 Pater
648 3348 686 3409 ab
707 3349 795 3408 initio
809 3347 882 3405 satis
900 3347 1065 3425 glorianter
1081 3360 1106 3422 pt

238 3436 269 3494 vi
280 3434 388 3515 pendit
410 3455 466 3515 per
486 3453 536 3494 me
549 3431 692 3510 adducta,
715 3432 800 3511 quasi
813 3431 870 3490 sibi
882 3431 1007 3490 minime
1024 3428 1106 3488 obstet

137 3529 139 3537 '
240 3536 320 3596 quae
343 3518 480 3578 maxime
495 3516 705 3576 adversantur.
748 3514 825 3574 Nam
846 3514 914 3593 ipse
928 3512 1026 3574 voluit
1046 3508 1106 3570 insi

239 3619 332 3660 mone
369 3600 490 3681 vulgari
525 3618 588 3660 non
623 3598 689 3659 fieri
729 3598 1002 3658 commutationem
1035 3611 1104 3674 poen

235 3689 381 3745 aeternae
402 3685 435 3745 in
457 3702 592 3766 poenam
611 3681 834 3761 temporalem,
860 3687 894 3738 et
913 3679 1052 3756 opinioni
1070 3693 1106 3736 coi

224 3770 314 3831 muni
338 3768 547 3849 contradicit,
581 3766 674 3845 quast
693 3783 763 3823 non
780 3761 886 3838 poaa'n
901 3759 1049 3833 pro‘oar'x,
1063 3757 1105 3841 its

215 3858 358 3941 exigere
379 3857 533 3940 aliquam
543 3847 818 3916 satisiaetionem,
834 3843 965 3914 praeter
982 3835 1105 3906 portatu
