2709 4417
278 354 342 422 308
521 355 616 413 Rosci.
636 356 665 411 1..
684 371 769 428 snper
785 358 984 428 Proposiflons

285 545 377 624 disse,
400 551 432 605 et
453 545 622 606 contulisse
642 563 713 606 cum
733 544 870 627 Iacobo,
892 546 988 608 Petro
1012 552 1045 606 et
1065 545 1190 609 Iohanne

281 628 476 709 evangelium
497 630 658 709 praeputii.

368 709 446 785 Quis
467 718 569 772 autem
581 714 625 772 ita
637 713 772 773 insaniat
791 729 911 791 quaeso
933 709 1132 789 vermense,
1151 731 1189 773 ec·

283 793 407 854 alesiam
433 792 746 875 Hierosolymitanam
767 801 800 855 et
821 793 1011 855 catholicam
1029 813 1092 856 non
1111 795 1189 858 fuisse

284 876 458 955 ecclesiam,
480 878 551 956 quia
564 885 703 958 potestas
717 878 879 939 Romanae
891 878 1048 939 ecclesiae
1068 877 1186 940 nondum

283 960 339 1020 Iuit
360 978 418 1019 nec
429 959 509 1020 forte
522 958 599 1020 fides
611 962 689 1022 eius.
730 961 801 1021 Non
818 979 894 1042 ergo
917 959 1053 1042 snper¹)
1114 968 1185 1041 trum,

281 1041 312 1101 id
334 1049 390 1117 est,
414 1049 600 1121 potestatem
622 1044 754 1105 Roman.
778 1043 950 1123 ecclesiae,
972 1045 1054 1104 sieut
1072 978 1184 1106 Isana

281 1123 436 1203 quaedam
459 1133 628 1206 exponunt,
650 1126 820 1208 sed'supra
832 1125 939 1207 fldem,
961 1145 981 1187 a
998 1125 1089 1187 Petro
1108 1125 1181 1204 susq

283 1208 376 1268 totius
399 1209 550 1269 ecelesiae
578 1227 713 1289 persona
734 1209 926 1287 confessam,
960 1207 1121 1270 aedificata
1138 1217 1180 1290 est

280 1307 349 1349 cum
374 1296 405 1350 et
426 1291 607 1351 universalis
629 1298 660 1352 et
686 1291 839 1352 catholica
862 1291 1000 1353 ecclesia
1020 1297 1104 1354 muto
1123 1299 1180 1354 tem

281 1390 358 1452 pore
379 1380 451 1434 ante
470 1374 642 1436 Romanam
666 1374 828 1435 ecelesiam
851 1374 953 1440 fuerit.
1173 1380 1177 1390 “

362 1455 495 1516 Ulterius
517 1457 625 1520 Matth.
647 1457 755 1518 XVIII.
776 1458 809 1517 in
831 1457 944 1537 plurali
965 1477 1094 1519 numero
1114 1457 1179 1539 dicit

280 1556 343 1680 qon
365 1537 405 1598 ad
416 1539 548 1618 Petrum,
570 1560 633 1604 non
645 1540 685 1600 ad
700 1540 873 1621 apostolos,
895 1540 952 1602 sed
972 1539 1015 1602 ad
1037 1540 1179 1603 ecclesian
1213 1608 1215 1659 q

301 1639 401 1682 mens:

361 1702 393 1764 Si
416 1704 578 1766 eeclesiam
601 1725 665 1767 non
688 1705 833 1784 audierit,
863 1707 902 1766 sIt
923 1704 979 1766 tibi
1003 1707 1081 1767 sicut
1102 1706 1181 1767 ethni·

281 1804 334 1846 cus
356 1794 387 1847 et
408 1786 597 1867 publicanus.
633 1792 731 1853 Amen
764 1789 833 1850 dioo
856 1787 962 1849 vobis:
992 1787 1183 1869 Quaecunque

282 1870 448 1950 ligaveritis
461 1867 496 1948 ³)
520 1879 747 1950 superterram,
768 1872 863 1953 ligata
884 1876 974 1931 erunt
996 1879 1029 1932 et
1048 1873 1078 1932 in
1099 1871 1183 1933 coelo.

364 1952 491 2014 Accede
512 1973 603 2033 nunc,
627 1955 786 2033 quivoIas,
808 1961 841 2015 et
854 1954 937 2014 huno
959 1973 1030 2015 oum
1052 1954 1105 2016 illo
1126 1955 1183 2016 ioco

283 2035 396 2096 confer.
440 2035 497 2096 Ille
537 2042 647 2115 sonat,
676 2038 734 2098 soli
755 2037 846 2098 Petro
878 2036 967 2097 datas
1000 2038 1123 2116 claves,
1145 2036 1186 2101 hic

280 2124 383 2198 negat,
406 2125 438 2178 et
458 2137 520 2179 non
544 2120 602 2180 soli
625 2119 712 2180 datas
734 2121 853 2183 asserit.
899 2119 1066 2194 Quomodo
1087 2126 1185 2182 utrum

280 2219 340 2280 que
373 2200 489 2262 stabit?
528 2201 786 2264 Concordandum
819 2203 925 2282 utique
957 2209 1005 2264 est
1037 2210 1186 2283 utrumque

283 2282 430 2359 verbum,
464 2284 546 2364 quod
568 2285 649 2346 idem
672 2286 810 2347 Christus
831 2286 918 2346 dixit.
962 2284 994 2346 Si
1026 2287 1087 2348 soii
1107 2286 1185 2348 Petro

280 2365 413 2428 collatae
435 2374 514 2446 sunt,
535 2368 729 2447 mendqcium
752 2378 809 2449 est,
832 2367 915 2449 quod
936 2368 987 2429 hic
1010 2368 1085 2430 dicit
1103 2370 1186 2431 omni·

279 2449 335 2510 bus
357 2449 495 2510 collatas.
539 2451 614 2526 Quis
634 2459 737 2512 autem
758 2471 822 2514 non
843 2451 963 2530 videat,
990 2452 1074 2514 huno
1095 2459 1185 2533 poste

278 2533 390 2593 riorem
413 2532 518 2594 Iocum
541 2553 610 2595 esse
630 2536 831 2615 interpretem
850 2535 979 2617 prioris,
1014 2543 1046 2597 et
1073 2538 1105 2596 in
1135 2536 1187 2597 hoc

279 2634 435 2677 ramesse
457 2617 539 2677 clare
561 2619 744 2699 expositam.
785 2618 850 2679 IIIic
871 2637 945 2678 vero
968 2618 1000 2677 iu
1019 2619 1111 2680 Petro
1132 2619 1186 2678 uni·

279 2705 373 2758 tatem
395 2699 558 2760 multorum
588 2702 619 2761 in
652 2701 786 2761 ecclesia
806 2698 1065 2765 commendatam.
1112 2702 1187 2779 [Per-

279 2781 416 2862 spicuum
440 2789 489 2842 est
498 2783 611 2862 itaque,
634 2783 737 2844 claves
758 2783 991 2845 esseecclesias
1014 2783 1118 2865 datas,
1138 2802 1187 2845 nae

279 2870 341 2942 est,
373 2864 455 2944 quod
476 2865 547 2926 huic
569 2866 639 2928 Ioco
670 2867 771 2947 possit
791 2867 923 2948 opponi,
953 2865 1077 2945 quando
1111 2867 1186 2927 dicit:

278 2947 337 3008 Dic
371 2948 538 3025 ecclcsiae,
572 2951 599 3009 si
633 2949 797 3010 ecclesiam
832 2968 895 3010 non
935 2948 1077 3011 audIerit.
1126 2949 1185 3011 Nor

279 3029 372 3090 dicit:
397 3031 454 3090 Dic
475 3031 577 3109 Petro,
601 3034 626 3093 si
649 3033 773 3093 Petrum
795 3051 858 3094 non
879 3031 1011 3093 audierit
1031 3028 1103 3118 ete]

367 3112 447 3187 Quin
469 3114 540 3174 vide
561 3114 718 3197 quoddam
741 3115 889 3178 mirabile.
932 3115 997 3175 Illic
1024 3116 1131 3196 incipit
1154 3114 1185 3175 ab

278 3195 431 3271 omnibus,
452 3195 573 3257 dicens:
597 3196 695 3274 Quem
716 3217 772 3259 vos
792 3218 841 3259 me
863 3216 933 3259 esse
946 3197 1057 3277 dicitis,
1081 3205 1112 3258 et
1130 3197 1185 3258 finit

277 3280 308 3338 in
331 3298 392 3340 uno
404 3280 504 3356 Petro,
527 3280 648 3342 dicens:
670 3281 717 3341 Tu
728 3300 771 3359 es,
793 3287 825 3342 ct
845 3281 898 3343 tibi
916 3280 1008 3342 dabo.
1051 3281 1109 3342 Hic
1125 3299 1184 3342 con·

277 3367 322 3422 tra
343 3363 460 3441 incipit,
482 3361 520 3422 ab
543 3383 604 3424 uno
628 3363 750 3446 dicens:
775 3363 992 3445 sinceraverit
1015 3365 1047 3424 in
1060 3371 1092 3426 te
1107 3365 1185 3424 irater

277 3449 345 3504 tuus
368 3452 426 3507 etc.
449 3451 480 3505 et
492 3444 605 3507 desinit
623 3448 654 3506 in
667 3446 818 3526 omnibus,
840 3446 965 3507 dicens:
989 3445 1183 3526 Quaecunque

277 3527 446 3607 ligaveritis
470 3535 528 3592 etc.
572 3529 685 3590 Nonne
706 3531 822 3590 clarum
845 3536 907 3608 est,
939 3547 997 3608 per
1027 3550 1119 3591 unum
1140 3529 1183 3589 Pe·

277 3617 354 3669 trum
383 3611 446 3671 illic
467 3610 549 3672 idem
571 3613 722 3693 voluisse,
756 3612 839 3693 quod
867 3612 918 3672 hic
943 3631 1000 3692 per
1027 3615 1182 3689 universos,

257 3879 281 3936 H
306 3805 339 3874 t)
360 3807 394 3898 In
407 3807 476 3865 edit.
495 3810 608 3880 prIorc:
628 3799 955 3876 suqraftqtts‘rddsesu.
970 3798 1205 3860 sanandum.

279 3897 414 3955 gaveras.
