2709 4417
216 342 280 409 292
406 344 498 398 Resoi.
519 344 547 399 L.
567 358 627 413 sup.
646 342 730 412 Prop.
748 359 772 399 s.
791 343 866 412 Lips.
886 341 960 411 disp.

219 537 372 609 statuunt,
395 549 463 590 oum
486 549 548 591 non
571 529 610 589 sit
631 531 786 609 superior,
819 529 872 607 qui
895 547 969 588 eum
993 525 1101 606 depono

220 616 244 674 si
267 621 369 673 autem
391 617 438 674 est
460 612 538 672 ullus
561 613 708 692 superior,
731 617 764 672 ut
777 609 953 671 Concilium
971 609 1066 688 (quod
1083 630 1100 668 r

223 716 288 756 rum
311 698 396 774 est),
418 697 478 756 ium
500 697 567 774 ipse
588 712 651 773 pon
673 701 721 754 est
752 694 891 755 omnium
914 693 1056 772 superior
1073 693 1100 751 iu

220 778 336 854 divino,
351 777 406 838 sed
420 779 533 858 oooipit
546 777 627 837 huno
643 777 890 856 superioritatem
908 776 1045 835 humeno
1060 773 1100 835 Co

221 860 282 921 oilii
304 863 385 938 iure,
407 861 456 921 oui
472 875 539 923 eum
562 878 664 920 rursus
685 858 778 921 debet
800 857 983 919 mutandum
1007 859 1071 918 eius
1090 876 1101 917 u

218 941 319 1006 bitrio.

288 1025 378 1085 Plura
402 1030 453 1099 (ut
472 1025 552 1101 dixi)
578 1031 773 1104 provocatus,
796 1043 867 1084 num
884 1022 1038 1105 serpendo
1059 1043 1101 1082 sur

146 1182 150 1188 ἱ
221 1117 251 1169 et
263 1110 293 1168 iu
305 1108 458 1188 praesidio
473 1128 557 1168 orma
565 1105 712 1167 adversus
723 1107 927 1188 pertinacium
939 1105 1101 1187 oemulorur

303 1193 334 1250 in
357 1189 418 1251 fine
440 1197 557 1270 repet0,
581 1208 659 1269 quae
674 1191 706 1249 in
721 1191 871 1270 prinoipio
889 1188 966 1265 dixi,
988 1208 1036 1249 me
1056 1207 1101 1268 pru

221 1294 272 1334 sus
295 1272 433 1334 confiteri
469 1280 500 1332 et
527 1274 604 1333 tueri
633 1273 796 1352 primatum
818 1272 955 1333 Romani
977 1269 1101 1351 pontifioi

221 1365 351 1436 quantus
383 1365 513 1434 quant-us
543 1361 604 1434 est,
639 1355 695 1416 fuit
715 1363 768 1415 out
795 1355 913 1415 futurus
938 1364 1001 1432 est,
1029 1353 1101 1414 solur

221 1438 304 1518 quod
327 1457 439 1498 novum
462 1437 575 1518 dogma
600 1456 669 1498 esse
692 1439 768 1517 soio,
790 1438 855 1497 iure
878 1437 987 1498 divino
1009 1434 1100 1498 eunde

221 1519 365 1601 stubiliri,
397 1522 468 1600 quia
496 1520 597 1581 nullus
630 1522 824 1599 antiquorum
846 1521 972 1581 Petrum
1003 1519 1101 1581 memiu

221 1606 286 1664 eius
309 1605 428 1664 artiouli
449 1603 530 1681 fidei,
551 1604 603 1683 qui
626 1610 728 1664 tamen
751 1604 856 1664 omniu
877 1609 941 1663 tem
954 1603 1006 1683 pie
1027 1609 1057 1662 et
1074 1621 1101 1662 so

220 1687 317 1764 iioite,
336 1706 416 1769 quoe
438 1695 562 1747 nostroe
584 1685 656 1746 fidei
671 1695 750 1766 sunt,
773 1687 995 1766 exquisierunt,
1015 1704 1070 1745 neo
1087 1704 1101 1742 s

223 1769 355 1830 ouudum
379 1769 509 1830 eundem
533 1777 661 1850 egerunt
683 1780 736 1830 out
756 1769 908 1847 vixerunt,
932 1787 1011 1848 quos
1032 1787 1101 1831 omui

223 1853 395 1913 haereticos
419 1851 478 1912 dioi
499 1851 584 1911 nullu
604 1853 725 1913 ratione
746 1854 854 1932 potiar.
898 1852 1002 1932 Atque
1022 1853 1051 1911 in
1068 1850 1101 1911 diu

223 1936 320 2015 magis
356 1935 429 1994 mihi
461 1933 571 2015 placeo
603 1942 635 1995 et
663 1932 811 2015 superbus
841 1932 899 2006 flu,
916 1938 919 1945 “
935 1933 1019 2014 quod
1047 1933 1101 1995 vide

222 2036 335 2077 nomeu
366 2018 531 2096 pessimum
567 2018 640 2077 mihi
663 2036 811 2078 oresoere.
855 2017 1026 2078 Veritatem
1046 2017 1101 2077 euir

223 2098 254 2159 id
268 2107 324 2178 est,
348 2099 509 2179 Christum,
532 2106 655 2181 oportet
676 2119 825 2179 oresoere,
848 2119 897 2160 me
912 2108 1015 2161 eutem
1036 2101 1101 2161 minu

222 2181 293 2242 Plus
315 2183 436 2262 geudeo
460 2182 620 2243 udvooem
643 2185 750 2262 sponsi
771 2189 802 2243 et
823 2203 970 2264 sponsae,
992 2192 1101 2264 quemi

223 2265 348 2325 multum
360 2263 389 2343 1)
401 2265 603 2326 stolamoreru
613 2267 836 2326 luxuriosorum
848 2274 1101 2347 procorummetu

223 2356 333 2425 certus,
357 2348 439 2427 quod
451 2348 604 2425 homines,
622 2349 673 2428 qui
690 2349 831 2410 videntur
842 2349 917 2409 mihi
928 2347 1101 2429 adversarii?

221 2431 280 2511 ipsi
302 2450 364 2491 nou
388 2439 459 2492 sunt
472 2432 620 2492 malorum
637 2440 770 2509 sutores,
794 2451 853 2492 neo
875 2451 931 2493 eos
945 2433 1016 2493 odio
1029 2431 1101 2493 heber

221 2512 280 2574 Sed
304 2513 475 2574 Behemoth
509 2515 561 2574 ille
591 2515 735 2594 princeps
765 2514 934 2592 malorum,
968 2535 1058 2594 „quem
1078 2534 1101 2594 pr

223 2597 345 2656 umbras
375 2617 446 2656 suus
482 2596 587 2675 video,
625 2597 719 2667 vellet
739 2597 812 2658 mihi
833 2597 1033 2659 formidabilis
1061 2595 1101 2657 fler

222 2681 247 2739 si
270 2687 390 2760 posset,
421 2689 452 2740 et
474 2681 632 2741 veritatem
655 2700 673 2741 e
695 2700 790 2761 regno
813 2701 870 2742 suo
894 2683 956 2742 mei
978 2681 1101 2743 ooousior

223 2761 403 2840 exturbare,
426 2761 481 2823 sed
505 2763 603 2822 maior
627 2770 689 2837 est,
712 2765 814 2843 quiin
838 2763 930 2826 nobis
954 2772 1018 2844 est,
1048 2782 1099 2843 qua

225 2846 328 2925 quiin
352 2845 477 2924 mundo,
500 2864 560 2924 quo
580 2846 657 2906 duoe
680 2846 1100 2928 nihilprofioietinimiousist

223 2928 332 2988 Amen.
1061 2975 1065 2985 .

263 3011 413 3071 Praesens
438 3011 517 3071 mole
539 3011 653 3072 iudicet
673 3019 769 3090 uetus,
790 3012 936 3073 iudioium
959 3013 1062 3073 melius
1082 3029 1101 3090 p

299 3109 301 3113 ’
562 3097 706 3155 steritotis
736 3097 801 3156 erit.

578 3338 767 3346 -.——.—-...--
778 3339 784 3343 -

235 3763 577 3774 a—-u———w--w--u-
582 3761 657 3768 v...—

255 3869 283 3930 1)
307 3869 340 3922 In
361 3866 433 3925 edd.
455 3864 547 3932 origst.
569 3859 607 3912 ud
624 3855 795 3911 rumorum.
826 3849 867 3912 Ἃ
882 3847 979 3898 turos.
993 3847 1101 3892 eduum
