2709 4417
406 363 464 414 suia
485 361 593 430 Lipsiae
612 359 759 429 disputatis
784 375 809 412 a.
829 359 901 416 xlx.
1047 358 1110 426 237

224 549 332 628 oonlugit
352 547 393 608 ad
415 549 576 610 eonsilium
600 547 854 625 constantiense,
876 547 969 628 plena
989 547 1110 625 fidncia,
1135 566 1145 608 ·,

222 632 280 713 quod
300 638 382 691 esset
408 632 473 693 illio
499 631 731 692 determinatum
753 631 955 709 eontrarium,
985 641 1017 691 et
1043 651 1110 692 sen-

221 717 291 777 tentia
311 733 381 774 mea
400 716 482 774 iuter
502 714 645 774 articulos
661 713 742 773 Huss
764 712 939 774 etVuieleff
955 714 1109 775 damnata.

218 800 259 859 llio
275 804 353 857 totus
374 799 553 858 immoratus
573 795 753 873 anhelabat,
789 815 851 875 quo
882 804 1004 876 poterat
1025 797 1110 858 odio·

217 884 263 941 sius
280 899 403 940 movere
423 879 591 956 invidiam,
614 880 686 957 quia
706 878 788 939 aliud
810 898 873 939 uon
895 880 1015 958 habuit,
1047 898 1109 959 quo

216 983 257 1025 suo
273 962 422 1023 termento
443 963 584 1043 palparet
606 961 757 1023 blandius.
799 960 857 1022 Ubi
889 964 971 1024 euim
998 963 1110 1024 delenit

214 1051 236 1108 in
252 1047 310 1105 iure
330 1045 452 1124 divino,
474 1047 608 1106 auomnit
628 1044 667 1105 ad
689 1047 736 1105 ius
758 1043 945 1123 humanum,
967 1045 1110 1126 probatu·

213 1150 250 1190 nn
267 1148 319 1208 per
339 1131 440 1209 ipsum
463 1129 509 1189 ius
530 1128 685 1205 divinum,
707 1146 806 1206 neque
829 1129 874 1187 sio
895 1135 997 1188 tameo
1019 1128 1109 1189 rideri

213 1213 338 1292 oportuit,
362 1231 442 1290 quae
465 1218 566 1272 tantus
589 1211 753 1290 theologus
775 1218 916 1270 tentaret.
972 1256 974 1261 .

277 1294 331 1354 Oui
355 1314 414 1374 ego
435 1295 496 1356 duo
520 1294 651 1355 eoncilia
670 1295 845 1371 antiquiora
876 1301 907 1352 et
928 1292 1110 1371 celebriora,

212 1378 341 1437 illaesum
380 1386 412 1438 et
443 1378 641 1452 Africanum,
684 1383 793 1435 eontra
834 1396 925 1435 unum
970 1378 1110 1456 opposui,

214 1461 308 1520 deiude
330 1468 362 1520 et
382 1462 481 1541 ipsum
506 1459 744 1520 Ooustantieuse
765 1477 828 1518 nou
849 1469 935 1520 reete
956 1460 1049 1518 luisse
1071 1458 1110 1519 ab

215 1545 267 1623 ipso
289 1550 319 1601 et
340 1544 491 1603 fermento
513 1543 667 1621 nequitiae
701 1541 767 1620 (oui
790 1548 852 1600 tum
874 1540 1044 1624 serviebat)
1068 1543 1111 1601 in-

212 1625 356 1685 telleotum.
399 1625 547 1685 Nioenum
570 1625 650 1684 enim
673 1623 836 1684 eonsilium
865 1623 1022 1698 deerevit,
1052 1624 1111 1685 Ro-

212 1727 314 1767 manum
354 1707 530 1787 pontificem
560 1707 673 1767 debere
695 1724 797 1765 euram
826 1705 942 1769 habere
965 1707 1109 1767 eoolesia·

214 1811 261 1850 run
292 1790 552 1864 suburbanarum,
591 1791 669 1849 siout
696 1788 936 1849 Alexandrinum
966 1792 1111 1869 Aegypti,

213 1873 303 1933 deiude
331 1875 514 1953 episcopos,
543 1891 620 1950 oon,
647 1879 680 1931 ut
703 1870 810 1946 modo,
842 1892 881 1931 ex
903 1872 977 1932 urbe
999 1875 1109 1951 emptis

213 1955 293 2035 palliis
315 1963 346 2016 et
366 1964 537 2036 potestate,
559 1954 612 2014 sed
637 1946 820 2033 pervieinos
842 1956 1007 2034 episeopoa
1031 1954 1111 2015 ordi·

213 2037 311 2103 naudus
332 2058 414 2117 ease,
437 2048 470 2098 ut
458 2037 543 2098 tlib.
565 2037 714 2097 Ecclesia.
746 2036 851 2096 histor.
882 2042 928 2102 10
961 2037 1110 2098 scribitur

213 2121 254 2180 Hie
271 2120 504 2200 vero-anguilla
538 2121 596 2180 ista
623 2119 741 2198 aiebat,
769 2119 836 2179 Hoa
858 2127 891 2180 ut
912 2118 1016 2197 lieret,
1044 2138 1110 2200 per-

213 2205 316 2262 missum
339 2223 408 2263 esse
430 2204 550 2263 aRom.
574 2201 780 2279 Pontificibus,
802 2202 921 2282 lingens
945 2205 1108 2284 (utsolet)

214 2304 241 2344 ex
258 2288 354 2366 eapite
378 2288 504 2366 proprio
526 2286 648 2366 glossas
669 2304 778 2362 novas,
800 2287 886 2363 quasi
909 2305 971 2346 oon
994 2288 1110 2364 impiis-

212 2369 271 2428 sime
291 2378 322 2428 et
343 2369 581 2429 haeretioissime
612 2368 758 2427 leuissent
791 2374 853 2428 tam
875 2369 1106 2428 Romani-Pon·

213 2449 307 2527 tilitas,
329 2471 420 2530 quam
443 2451 591 2512 Nioeuum
615 2451 792 2526 eonsilium,
815 2452 841 2510 ai
866 2452 913 2510 vel
936 2459 1107 2511 statuerent

211 2533 247 2592 vel
265 2536 487 2614 permitterent,
525 2533 608 2613 quod
639 2541 723 2594 esset
752 2541 859 2593 eontra
885 2535 932 2592 ius
962 2532 1108 2594 divinum.

210 2613 270 2675 llam
292 2620 316 2678 si
338 2619 414 2677 est'
407 2637 453 2677 rus
476 2617 627 2691 divinum,
650 2616 823 2676 Romanum
844 2615 1022 2695 pontilieem
1045 2636 1109 2676 om-

209 2699 248 2758 nia
267 2702 295 2760 in
318 2700 461 2760 omnibus
482 2699 621 2761 eeclesiis
639 2718 743 2795 posse,
767 2716 829 2759 non
851 2700 925 2759 est
917 2720 948 2759 m
970 2701 1035 2760 eius
1057 2719 1112 2779 po·

207 2785 304 2853 testate
327 2784 522 2862 permittere.
553 2783 737 2842 eontrarium
767 2781 815 2841 vel
844 2801 904 2842 una
931 2782 1008 2842 hora
1035 2781 1110 2860 fleri,

203 2880 252 2924 neo
273 2867 301 2925 in
327 2866 458 2926 Consilii
486 2872 641 2944 potestate
668 2867 870 2940 eontrarium,
905 2874 958 2925 aut
982 2864 1022 2925 de
1052 2865 1110 2926 Ro·

202 2963 285 3008 mano
308 2947 470 3028 pontilioe,
493 2949 681 3008 utinlen‘ore
702 2967 770 3025 suo,
791 2947 966 3027 disponere,
988 2955 1041 3008 aut
1066 2948 1109 3008 di·

199 3044 323 3108 versum,
345 3038 399 3091 aut
420 3031 502 3091 aliud
519 3038 668 3105 statuere,
692 3050 754 3091 nou
777 3032 874 3110 magis
896 3039 995 3108 oerte,
1018 3050 1109 3110 quam

199 3110 223 3173 ln
244 3120 398 3194 potestate
420 3115 484 3174 eius
506 3115 555 3193 sit,
579 3115 755 3193 permittere
776 3121 828 3173 aut
850 3122 984 3174 statuere
1005 3122 1110 3194 stupra

199 3205 224 3256 at
250 3196 399 3257 adulteria
427 3197 528 3257 licere.
570 3198 616 3257 lta
636 3195 745 3273 fiebat,
779 3207 811 3255 ut
839 3197 931 3257 miser
951 3197 1110 3256 Romanae

199 3281 350 3357 potestatis
382 3288 464 3342 tutor
491 3286 522 3339 et
547 3287 693 3359 patronus
719 3281 880 3359 primatum
914 3280 995 3339 huno
1032 3281 1108 3339 tueri

199 3381 252 3423 son
275 3371 400 3442 posset,
427 3363 485 3422 nisi
514 3361 740 3442 blasphemaret
774 3367 837 3422 tum
870 3363 1109 3423 saeratissimum

199 3445 338 3505 lisanum
360 3446 538 3523 eonsilium,
561 3453 624 3504 tum
645 3445 730 3524 ipsos
775 3444 932 3520 outilioes,
958 3445 1029 3505 dum
1052 3464 1108 3506 eoa

199 3528 322 3589 solvisse
350 3529 403 3588 ius
419 3528 553 3589 divinum
576 3528 714 3587 asseruit
744 3465 823 3602 guid
853 3533 901 3588 eat
922 3528 1108 3589 haereticum

199 3619 220 3671 t
241 3611 471 3691 blasphemum,
501 3612 527 3670 ai
549 3610 627 3670 haee
647 3609 783 3672 Eooiana
805 3609 956 3671 modestia
977 3629 1039 3671 non
1062 3619 1109 3671 est

199 3695 324 3754 maresia
356 3701 387 3753 et
408 3692 623 3772 blasphemia?
656 3691 718 3754 Sed
741 3694 786 3756 sie
814 3693 899 3776 loqui
918 3692 1033 3771 debet,
1058 3696 1110 3772 qui

199 3776 320 3848 spuitur,
344 3783 378 3831 ut
396 3774 578 3839 bominibus
599 3776 794 3859 placeat

225 3851 295 3908 Jam
308 3870 376 3910 eum
394 3858 566 3922 ouantium
586 3862 798 3948 Africanum,
810 3863 997 3931 utbabetur
1011 3820 1079 3926 bist
1081 3860 1153 3923 bb
