2709 4417
261 357 324 426 366
513 357 608 415 Resol.
627 358 657 413 h.
676 373 762 428 super
779 358 980 428 erepentium

264 544 395 626 Spiritus
424 550 548 605 sanctus
576 544 680 621 posuit
706 543 886 623 episcopos,
909 541 984 619 et1)
1008 543 1118 622 regius
1136 560 1174 602 eo

267 628 395 689 clesiam
417 627 485 705 Dei,
507 645 597 706 quam
620 626 781 704 acquisivit
801 628 956 707 sanguine
980 643 1048 686 suo.
1081 625 1126 685 Aa
1143 645 1174 686 ne

268 730 346 790 quos
368 710 564 771 contentiose
583 710 615 768 in
637 728 699 768 una
720 708 854 769 ecclesia
879 709 985 790 plnres
1008 707 1100 768 fuisse
1123 710 1174 787 epi-
1215 710 1216 763 i

264 811 379 874 scopos
401 791 585 870 contendat,
617 790 721 852 audiat
744 789 827 851 aliud
848 792 1063 852 testimonium
1076 791 1126 869 ⁸¹),
1148 791 1172 850 in

265 895 326 956 quo
350 875 597 936 manifestissime
616 873 850 954 comprobatur,
871 874 1010 936 eundem
1038 893 1104 934 esse
1123 876 1173 954 epi

264 977 393 1039 scopum
416 955 759 1038 atquepresbyterum:
789 956 922 1038 Propter
944 957 1009 1018 hoc
1029 956 1172 1035 reliquite

265 1041 398 1120 Cretae,
421 1048 455 1101 ut
476 1058 556 1120 quae
576 1039 705 1100 deerant
733 1041 915 1120 corrigeres,
933 1047 965 1100 et
987 1042 1171 1100 constitueres

266 1125 431 1204 episcopos
452 1142 508 1202 per
530 1124 681 1199 civitates,
703 1124 856 1183 sicuttibi
878 1122 1046 1199 mandavi,
1074 1123 1098 1181 si
1117 1123 1170 1201 quir

265 1211 313 1268 est
344 1207 412 1267 sine
435 1207 578 1284 crimine,
612 1207 702 1265 unius
729 1207 834 1267 uxoris
864 1207 928 1285 vir,
960 1204 1044 1266 tilios
1072 1203 1171 1266 habens

264 1288 387 1369 fideles,
416 1307 479 1349 non
502 1289 533 1348 in
555 1289 752 1348 accusatione
772 1288 933 1367 luxuriae,
964 1294 1095 1348 autnon
1115 1287 1170 1348 snb

266 1371 358 1434 ditos.
402 1370 532 1451 Oportet
558 1372 640 1431 enim
668 1372 846 1451 episcopum
869 1373 938 1432 sine
960 1371 1089 1431 crimine
1106 1389 1171 1445 esse,

263 1455 343 1516 sicut
365 1455 424 1515 Dei
446 1454 701 1534 dispensatorem.
743 1453 783 1513 Et
809 1453 849 1514 ad
870 1452 1093 1528 Timoth,*‘]:
1112 1452 1171 1513 Noli

263 1537 421 1618 negligere
442 1538 589 1617 gratiam,
623 1555 706 1615 quae
733 1536 806 1597 data
828 1537 955 1598 esttibi
978 1556 1037 1616 per
1056 1535 1172 1615 prophe

263 1621 347 1698 ham,
370 1627 401 1680 et
421 1639 476 1700 per
494 1620 724 1699 impositionem
746 1639 891 1682 manuum
911 1619 1104 1699 presbyterii.
1123 1617 1172 1679 ded

263 1709 296 1764 et
315 1703 434 1764 Petrus
453 1703 485 1762 in
516 1702 647 1782 epistola
667 1701 864 1782 prima***):
886 1701 1107 1782 Presbyteros,
1131 1702 1172 1780 qni

263 1786 295 1845 in
318 1785 406 1846 vohis
429 1792 517 1863 sunt,
549 1804 659 1864 precor
693 1804 752 1865 ago
782 1785 1009 1866 conpresbyter
1040 1790 1071 1844 et
1100 1784 1171 1844 testis

262 1869 441 1949 passionum
464 1867 592 1946 Christi,
621 1874 654 1941 et
674 1868 810 1946 futurae,
839 1887 919 1947 quoe
940 1865 1108 1928 revelanda
1126 1875 1171 1944 est,

262 1949 381 2031 gloriae
412 1953 582 2031 particeps,
616 1950 715 2030 regite
736 1969 862 2093 gregem
886 1949 1021 2028 curisti,
1043 1957 1075 2010 et
1093 1949 1171 2029 inspi-

262 2034 321 2094 cite
349 2053 412 2094 non
443 2053 482 2093 ex
514 2034 722 2112 necessitate,
754 2053 787 2094 se
830 2031 1069 2112 voluntarie2t,
1100 2033 1173 2091 iuxta

262 2116 371 2178 Deum.
423 2116 513 2192 Quod
549 2115 641 2195 quide
673 2135 786 2197 graece
820 2115 1048 2197 significantius
1079 2114 1174 2174 dicitnr
1215 2150 1216 2183 1

259 2194 554 2274 Ἐπισκοποῦντες,
588 2199 670 2260 unde
700 2203 732 2260 et
753 2217 867 2260 nomen
890 2199 1032 2280 episcopi
1058 2204 1173 2259 tractum

264 2289 320 2344 est.

344 2366 444 2426 Parva
468 2365 522 2425 tibi
553 2364 694 2425 videntur
722 2370 875 2426 tantorum
905 2365 1086 2425 testimonia
1104 2364 1172 2424 viro

262 2448 350 2509 rum?
372 2447 504 2528 Olangat
524 2447 598 2508 tuba
619 2448 809 2528 euangelica,
827 2446 911 2508 tihus
933 2448 1071 2526 tonitrui,
1093 2465 1172 2526 quem

262 2531 348 2593 lesus
369 2532 530 2611 plurimum
555 2531 684 2609 amavit,
716 2531 767 2609 qui
789 2530 828 2591 de
849 2530 1020 2610 pectore³J
1046 2529 1173 2592 salveto

260 2616 301 2675 ris
324 2614 531 2677 doctrinarum
559 2613 676 2674 fluenta
704 2615 839 2692 potavit:
869 2613 1036 2694 Presbyter
1065 2612 1174 2673 electae

263 2696 407 2758 dominae
429 2704 460 2757 et
481 2696 551 2757 filiis
573 2698 657 2775 eins,
688 2715 765 2775 quos
787 2716 846 2777 ago
869 2695 966 2777 diligo
987 2696 1023 2756 in
1044 2697 1174 2757 veritate.

262 2779 303 2840 nt
334 2780 396 2842 alia
423 2779 567 2860 epistola:
592 2778 755 2858 Presbyter
781 2778 860 2840 Gaio
884 2780 1059 2856 carissimo,
1091 2797 1174 2857 quem

264 2881 322 2942 ego
346 2864 377 2923 in
399 2863 528 2923 veritate
551 2862 657 2943 diligo.

347 2944 437 3020 Quod
459 2952 562 3005 autern
584 2952 694 3026 postca
715 2964 793 3004 unus
815 2944 933 3004 electus
950 2950 1008 3023 est,
1031 2943 1082 3023 qui
1105 2949 1175 3003 oete

262 3028 303 3088 ris
324 3035 582 3108 praeponeretur,
617 3029 648 3088 in
677 3026 846 3088 remedium
874 3026 1048 3086 schismatis
1071 3027 1176 3087 factum

263 3118 319 3190 est,
349 3131 389 3171 ne
411 3112 619 3191 unusquisque
641 3111 681 3172 ad
703 3130 737 3171 se
758 3109 881 3170 trahens
912 3109 1081 3170 ecclesiam
1103 3108 1176 3169 Chri·

263 3195 302 3254 sti
323 3201 487 3274 rumperet.
529 3193 607 3254 Nam
638 3200 669 3254 et
690 3192 898 3254 Alexandriae
925 3211 944 3252 a
965 3193 1071 3253 Marco
1093 3211 1177 3252 evan·

262 3277 375 3357 gehsta
396 3295 492 3355 usque
513 3276 552 3337 ad
574 3275 743 3356 Esdram4)
769 3283 801 3336 et
815 3275 999 3355 Dionysium
1022 3277 1177 3356 episcopos

262 3360 434 3441 presbyteri
457 3378 580 3439 semper
601 3379 641 3420 ex
662 3379 697 3420 se
718 3379 810 3420 unum
833 3358 1005 3439 eligebant,
1029 3360 1112 3419 etin
1134 3377 1177 3418 ex·

262 3443 392 3505 celsiore
415 3441 512 3523 gradu
535 3443 749 3522 collocabant,
773 3461 864 3522 quem
886 3441 1068 3522 episcopum
1090 3441 1177 3503 nomi·

334 3664 365 3734 1)
386 3667 419 3718 ln
447 3667 491 3722 ed.
518 3667 578 3719 an.
605 3671 632 3719 et
656 3666 749 3721 With:
787 3644 825 3716 nt.
871 3663 904 3732 2)
936 3661 1006 3717 lbid.
1036 3661 1174 3715 voluntate.

261 3733 294 3806 3)
314 3737 345 3791 ln
370 3738 414 3792 ed.
434 3741 519 3811 orig:
544 3740 661 3808 pictore.
696 3735 731 3804 dt
749 3737 784 3788 ln
801 3735 847 3789 ed.
865 3735 927 3788 len.
943 3738 972 3787 et
990 3734 1082 3788 witti
1101 3732 1175 3786 Herc·

256 3809 360 3964 clama)
384 3888 443 3945 m
467 3891 494 3943 ¹·
532 3883 587 3955 n)
608 3884 637 3940 1·
652 3880 734 3934 Tm·
751 3875 783 3930 t„
813 3869 893 3934 atq
911 3867 1021 3920 met.
1031 3867 1069 3918 b.
