2709 4417
272 344 336 418 202
460 354 614 426 Disputatio
632 355 741 425 Lipsiae
758 356 854 410 habito
872 357 979 411 n-xix

273 540 433 621 adimpleri
454 533 528 603 sine‘
541 540 683 621 caritate,
715 551 815 621 neque
839 530 960 624 aliquos
981 542 1118 606 docuisse
1133 546 1165 607 in·

273 626 459 686 iiuotuosam
471 627 703 705 poenitentiam,
728 625 783 686 sed
803 626 960 705 quomodo
970 645 1027 706 per
1048 628 1166 690 timoren

211 719 224 743 “
274 708 414 769 servilem
437 708 475 768 ad
497 709 683 769 fructuosam
706 711 910 788 perveniatur.
941 709 982 770 ur
1003 710 1084 788 quod
1103 711 1168 792 r'nag-

274 791 368 853 nifico
390 791 551 851 verborum
574 798 724 872 apparatu
744 792 872 853 recessit
905 793 946 855 ab
967 793 1111 854 hodierna
1131 814 1168 856 so-

275 873 447 949 lutione¹)‚
472 876 544 953 quia
564 874 685 935 dixerat
706 875 882 961 Sapientem
908 876 996 956 loqui
1022 876 1169 938 detincre

274 956 376 1032 tilioli,
398 958 459 1017 iam
483 976 557 1019 vero
580 958 712 1019 admittit
735 958 912 1036 loquentem
936 960 976 1020 de
998 961 1107 1020 timore
1125 979 1170 1021 ser·
1207 980 1211 985 ·

273 1041 341 1101 viii:
363 1058 427 1100 non
449 1047 551 1101 tamen
574 1040 768 1102 excludendo
781 1045 920 1121 gratiam.
944 1042 1036 1118 Quod
1048 1061 1104 1103 nec
1121 1046 1170 1104 tex·

274 1129 341 1200 tus,
375 1140 433 1183 neo
453 1123 483 1184 S.
507 1125 662 1185 Doctores
684 1125 848 1203 patiuntur.
891 1126 971 1185 Nam
993 1144 1049 1207 per
1069 1126 1170 1205 sapien·

271 1208 343 1266 tiam
366 1206 510 1287 intelligit
529 1209 707 1285 caritatem,
741 1214 772 1267 et
799 1209 844 1268 ita
870 1210 992 1269 initium
1014 1215 1095 1269 esset
1114 1216 1169 1271 ants

271 1290 399 1349 initium.
442 1288 538 1350 Totus
574 1308 698 1370 quoqne
742 1290 931 1371 Augustinus
964 1311 1030 1352 non
1061 1291 1169 1369 loborat

272 1371 428 1452 quomodo
461 1374 557 1434 timor
585 1373 705 1433 servilis
740 1391 808 1432 cum
841 1376 969 1435 cantate
1005 1375 1045 1434 sit
1072 1376 1169 1436 initinu

273 1456 426 1531 caritatis,
459 1455 515 1516 sed
537 1455 694 1535 quomodo
725 1457 817 1516 timor
838 1457 957 1518 servilis
979 1458 1168 1537 primosecu-

271 1546 325 1618 pet
346 1545 479 1599 mentem
503 1545 534 1598 et
554 1542 653 1618 primo
687 1541 890 1619 ingrediatur,
910 1548 955 1601 et
993 1542 1039 1600 sic
1066 1539 1170 1601 inducat

272 1622 454 1698 caritatem,
483 1621 566 1700 quod
602 1624 696 1682 etiam
718 1628 766 1682 est
787 1623 826 1683 de
847 1630 951 1684 mente
972 1622 1113 1704 Gregorii
1131 1626 1169 1682 in-

272 1703 431 1784 probantis
452 1705 582 1765 reditum
605 1706 798 1780 cancrinum,
821 1705 873 1766 nbi*
893 1704 1081 1766 reverendus
1101 1707 1170 1767 Pater

272 1804 329 1867 pro
351 1787 502 1869 Gregorio
525 1789 720 1868 scorpionem
743 1788 817 1848 mihi
828 1788 966 1849 adducit:
988 1789 1052 1849 Res
1066 1794 1111 1850 est
1126 1790 1169 1850 sol·

271 1859 355 1931 licita'
389 1876 447 1930 eto.
489 1870 606 1931 Omnes
637 1890 712 1951 ergo
743 1869 773 1931 S.
797 1872 949 1933 Doctores
981 1871 1075 1932 hodia
1106 1873 1169 1932 citrui

271 1953 381 2014 volunt
402 1955 542 2015 timorem
566 1954 710 2014 servilem
733 1972 802 2014 esse
824 1957 943 2015 initium
966 1952 1116 2032 caritatis,
1141 1954 1169 2014 ad

177 2090 180 2097 .
271 2036 505 2117 intelligentiam
528 2055 624 2117 saepe
646 2037 768 2116 datam,
792 2044 936 2116 siquam
959 2037 1169 2098 Praedicatorcs

271 2119 375 2179 soient
396 2119 480 2198 dare,
503 2119 542 2181 de
566 2136 627 2199 quo
650 2121 750 2180 refero
774 2140 824 2181 me
846 2121 884 2181 ad
906 2121 1036 2182 iudices.

295 2335 400 2397 Tertia
422 2335 538 2398 decima
551 2316 631 2397 'tulii
653 2318 888 2397 anino'HDXIX
922 2335 1001 2398 hora
1028 2335 1155 2398 secunda

293 2484 381 2549 Circa
404 2485 560 2549 materiam
584 2469 817 2549 conclusionum
840 2490 967 2567 quartae
990 2492 1022 2549 et
1043 2487 1159 2567 quinne.

655 2650 800 2713 Rosius

354 2817 534 2880 Reverende
556 2817 655 2897 Pater,
676 2817 748 2897 quia
769 2822 889 2896 tempus
911 2815 1001 2877 nobis
1022 2813 1170 2895 praefixum

222 2968 225 2974 ,
274 2908 322 2963 est
341 2901 431 2963 nimis
454 2907 590 2977 arctum,
624 2907 731 2961 tamen
749 2897 905 2981 tangendo
928 2896 1054 2958 fundum
1077 2896 1170 2978 negotii

273 2985 377 3065 aliqua
395 2983 494 3047 obiter
515 2984 710 3065 attingemus,
751 2980 830 3043 Illud
852 2978 982 3058 scilicet,
1004 2980 1087 3061 quod
1107 2977 1171 3060 quili-

274 3068 326 3129 bet
361 3067 506 3129 saosrdos
534 3064 676 3127 absolvat
706 3086 724 3127 a
747 3084 853 3149 poena
881 3070 912 3127 et
940 3062 1049 3145 culpa,
1083 3066 1173 3131 ¹contra

257 3171 469 3213 communem
489 3170 576 3213 usum
599 3149 691 3211 totius
715 3147 873 3211 ecclesiae.
905 3145 946 3207 Et
967 3145 1050 3227 quod
1072 3146 1102 3206 in
1123 3142 1173 3206 Ser-

276 3254 368 3294 mone
391 3234 508 3313 vulguri
533 3239 563 3294 et
584 3224 793 3293 Conclusione
815 3226 925 3307 dicitis,
948 3249 987 3289 ex
1010 3228 1094 3290 nulla
1115 3227 1173 3293 Scri·

275 3323 364 3398 ptura
388 3317 530 3396 probari,
568 3315 702 3375 divinam
736 3314 879 3373 iustitiam
903 3312 1036 3392 aliquam
1060 3330 1174 3392 poenam

273 3400 323 3460 vel
346 3400 585 3460 satisfactionem
608 3397 807 3478 expostulare
829 3416 847 3456 a
869 3402 1043 3475 peccatore.
1073 3395 1113 3455 Et
1129 3394 1176 3454 illis

247 3479 253 3503 ¹
274 3484 404 3561 innitor,
435 3484 506 3560 qnia
530 3482 559 3541 in
583 3481 779 3542 absolutione
801 3479 1016 3540 sacramentali
1038 3477 1126 3558 culpa
1143 3496 1177 3536 re·

274 3567 402 3637 mittitur
423 3566 625 3644 simultanee,
658 3563 713 3626 sed
742 3582 846 3645 poena
865 3567 997 3647 peccato
1020 3560 1123 3627 debita
1140 3579 1178 3620 ae·

278 3700 494 3722 0-——0-*0-0
602 3703 604 3707 ⁴

295 3815 330 3882 ii
351 3815 385 3871 in
408 3815 450 3873 cd.
475 3816 585 3891 origin.
600 3800 735 3887 ¹margini
753 3800 1213 3893 anserintumieg'xturzffiart‘xnns„

245 3905 314 3946 non
332 3893 472 3962 recessi,
493 3882 667 3963 respondit.
788 3880 796 3895 “
