2709 4417
472 350 490 387 a
506 334 627 387 Notariie
645 338 771 402 excepta.
1016 328 1077 397 131
1096 383 1099 393 ,

187 523 328 601 enuntia,
360 520 462 583 solum
482 522 667 583 remunerari
690 540 806 601 opera,
829 539 908 599 quae
929 520 1023 581 homo
1045 521 1077 581 in

187 622 288 686 orpore
308 605 415 685 gessit.
449 602 551 679 Quare
570 603 653 665 dicta
673 605 705 663 in
727 604 914 665 resolutione
936 622 993 663 sua
1013 621 1079 683 per-

187 688 261 767 endi,
282 688 336 759 aed
358 694 505 767 tanquam
525 685 741 748 insufficientia
763 692 926 767 acceptare
941 705 1003 746 non
1026 703 1079 766 po·

187 774 215 851 ri,
235 778 266 832 ut
285 771 355 832 illas
377 771 609 831 contrarietates
638 771 721 851 prius
743 771 869 851 aperiat.

466 959 506 1018 Μ.
542 957 774 1027 Lutherus.

239 1070 391 1188 Primum,
420 1110 502 1188 quod
525 1109 666 1190 egregius
688 1109 725 1169 D.
748 1108 786 1169 D.
809 1107 898 1185 dicit,
920 1125 982 1166 non
1006 1105 1078 1165 ideo

187 1190 270 1270 iquid
298 1191 473 1272 negandum
501 1212 571 1253 esse
592 1192 630 1251 de
652 1191 825 1271 Scriptura,
855 1191 927 1268 quia
948 1190 1077 1269 pertina-

187 1276 370 1334 reconvinci
394 1295 456 1336 non
477 1276 614 1354 possint,
635 1275 752 1354 optime
774 1280 805 1333 et
816 1273 973 1332 verissime
996 1271 1077 1345 dicit,

187 1356 212 1417 td
234 1357 346 1436 loquor
367 1377 426 1438 ego
450 1357 488 1418 de
510 1358 557 1417 his
580 1357 797 1437 pertinacibus,
819 1357 870 1434 qui
893 1375 949 1416 noe
973 1362 1079 1415 nostra
1097 1376 1112 1399 ν

187 1441 319 1500 rtoritate
341 1454 372 1501 et
393 1443 517 1520 proprio
540 1439 640 1500 iaculo
664 1439 833 1500 confodere
848 1447 986 1518 possunt.
1010 1437 1078 1496 Evi-

187 1542 232 1583 ens
253 1524 335 1583 enirn
358 1535 405 1584 est
417 1523 526 1583 librum
540 1523 798 1584 Machabaeorum
833 1523 964 1582 ertinere
976 1520 1014 1581 ad
1030 1542 1079 1579 ve·

187 1625 205 1666 ra
226 1604 466 1670 Testamentum.
496 1605 626 1681 Quando
654 1626 728 1687 crgo
751 1604 781 1666 S.
834 1605 1008 1685 ’eronymua
1031 1624 1078 1663 ca·

187 1708 269 1750 onem
291 1688 445 1750 Ebraeum
478 1690 708 1769 conscripserit,
740 1697 771 1748 et
792 1706 846 1748 eos
869 1687 953 1747 solos
984 1687 1078 1747 libros

187 1772 258 1833 dere
280 1772 311 1831 in
323 1773 541 1852 contentione,
567 1772 678 1852 quide
700 1790 820 1832 canone
841 1778 921 1849 sunt,
943 1768 1078 1845 definiat,

187 1858 256 1935 tque
276 1855 307 1914 in
329 1855 388 1915 hac
408 1875 464 1915 aua
485 1856 637 1916 sententia
658 1861 819 1935 receptus,
847 1853 938 1914 facilc
971 1860 1078 1913 nirano

187 1938 218 1999 do
240 1938 479 2018 verberabimnr,
501 1940 559 1999 nisi
581 1937 723 1999 fidelibus
737 1936 995 2018 persuadeamus.

237 2019 381 2082 Secundo
403 2021 523 2102 probat,
545 2020 655 2082 librum
671 2020 928 2082 Machabaeorum
953 2038 1077 2080 essere·

187 2111 278 2184 aptum
300 2104 332 2164 in
355 2123 521 2183 canonem,
532 2103 699 2165 'contendit
722 2103 762 2163 ad
782 2102 1078 2182 aequivocationem,

187 2187 299 2248 tfecile
322 2186 586 2248 concordabimur.
607 2187 690 2266 Scio,
712 2186 795 2266 quod
817 2186 948 2247 ecclesia
971 2186 1079 2265 recipit

187 2289 236 2330 uno
259 2270 390 2349 librum,
417 2277 450 2330 et
469 2270 530 2339 hoc
550 2270 631 2348 dixi,
658 2270 713 2331 sed
736 2289 799 2330 non
821 2276 923 2349 potest
946 2270 1078 2329 eeclesia

187 2353 224 2414 ins
245 2353 380 2414 tribuere
411 2356 582 2413 autoritatis
613 2366 667 2414 aut
688 2352 837 2414 firmitatis
860 2352 953 2430 libro,
986 2370 1076 2431 quana

187 2454 210 2497 cr
230 2455 265 2497 se
285 2436 387 2516 ipsum
415 2436 543 2516 habeat,
585 2438 664 2497 sicut
696 2444 726 2497 et
756 2442 927 2496 ceterorum
957 2435 1076 2495 Petrum

187 2519 304 2601 pnscula
325 2519 478 2600 approbat
498 2528 529 2580 et
549 2522 671 2600 recipit.
706 2517 760 2579 aed
789 2538 852 2580 non
875 2516 947 2578 ideo
969 2514 1078 2577 taradr-

187 2609 219 2663 at
237 2610 292 2663 aut
314 2603 445 2662 meliora
464 2602 576 2664 reddit.
596 2604 736 2663 Transeo
758 2621 832 2683 ergo
855 2604 922 2675 ista,
946 2620 1024 2681 qnae
1047 2600 1078 2661 in

187 2684 256 2746 ¹uitia
277 2684 438 2765 dicuntur,
459 2705 560 2746 canon
582 2698 614 2747 et
634 2704 747 2746 canon.

233 2767 340 2830 Tertio
359 2767 445 2845 dicit,
466 2771 647 2830 autoritates
669 2768 810 2828 inductae
833 2766 947 2829 directe
976 2766 1077 2825 aare

188 2853 342 2912 cntionem
364 2849 505 2911 dentata
528 2852 673 2929 merendi
696 2868 726 2912 et
748 2848 877 2911 eundern
902 2862 999 2909 morte
1022 2862 1076 2908 ter·

187 2935 270 2997 inari
305 2934 494 3015 Respondco
521 2937 599 2996 sicut
621 2938 722 3017 prins:
746 2932 825 3008 Quia
848 2932 919 2991 artri!
949 2930 988 2991 da
1010 2952 1075 3013 pur·

187 3018 275 3079 nono
298 3020 511 3097 meminerunt
534 3018 715 3079 sedtantnrn
739 3016 777 3076 de
800 3016 889 3075 meio
908 3015 1077 3091 etinterna,

187 3121 225 3163 co
246 3104 382 3163 moriens
409 3102 450 3161 ad
470 3101 591 3162 coelum
612 3122 676 3163 nnn
699 3114 850 3160 mersam.
883 3098 1015 3159 moriens
1038 3094 1076 3171 vi

187 3185 305 3246 doraum
325 3204 391 3245 non
413 3198 559 3263 meretur,
594 3196 625 3245 et
655 3186 700 3244 ris:
721 3184 901 3243 terminatur
923 3182 1076 3259 utriaeqne

187 3274 253 3347 atera
272 3268 428 3343 merendi,
450 3269 585 3348 alioquin
609 3270 706 3348 poerit
728 3266 843 3326 cimam
866 3264 1077 3325 anurntatibus

187 3351 384 3413 fidentissime
406 3352 528 3432 probri
551 3352 770 3433 purgandum.

238 3433 355 3511 Quarto
375 3434 466 3513 dicit,
488 3454 537 3495 rue
558 3434 645 3494 nulio
667 3448 776 3493 autore
800 3432 897 3491 inuiti.
920 3444 949 3489 et
973 3448 1077 3509 proso

187 3538 235 3597 ,arc
253 3522 414 3580 toeminnm
435 3517 580 3593 merenffl,
606 3520 690 3577 item.
713 3516 820 3575 merita
841 3512 1008 3595 pnrpurrii
1033 3530 1076 3571 re

187 3614 316 3663 metata
334 3622 486 3663 asserat.
522 3602 642 3662 Pateor.
664 3600 724 3661 hoe
742 3598 822 3657 etim
844 3598 912 3657 aasz.
937 3594 1025 3653 arti».-

187 3703 256 3746 trcnr
275 3696 305 3746 ct
326 3686 464 3746 wdirern
484 3685 624 3744 meiir-n.
645 3702 737 3763 quarn
759 3701 819 3765 ες)
843 3614 1079 3758 neaerae&

187 3768 326 3824 nnrmtr'l
343 3768 385 3825 de
456 3838 472 3847 ‚
531 3770 582 3829 rio
604 3772 696 3833 nori.
727 3772 786 3831 nie
819 3788 942 3831 aaran
968 3784 1009 3827 aa
1031 3762 1100 3843 wi

187 3845 282 3903 ΝΜ
384 3851 392 3860 ’
468 3858 734 3921 amam
751 3860 890 3984 remis,
910 3852 1117 3945 μηωὶνν

821 3948 843 4016 ‘a
