2709 4417
271 345 334 411 422
514 344 558 399 ΙΙΙ.
597 343 704 399 Ocueic
722 342 756 399 de
775 343 953 399 comesione

271 540 483 612 argumentum
505 536 568 606 eet,
598 546 701 607 neque
727 527 820 588 fldem
840 546 944 606 neque
967 527 1096 606 primum
1117 546 1174 588 ccu-

270 614 435 674 feesicneur
461 630 563 672 verum
586 630 665 672 esse.

704 745 752 804 lll.

352 861 456 921 Tertia
488 862 642 922 confessio
677 869 744 939 eet,
781 880 873 941 quum
903 861 993 941 Papa
1026 860 1181 940 mundavit,

270 942 448 1005 auricularis
476 943 544 1021 illa,
579 963 658 1023 quee
690 944 725 1004 fit
755 963 859 1005 corum
891 944 1066 1005 sacerdote.
1115 945 1180 1004 Eum

270 1027 353 1087 Deus
382 1046 443 1085 non
472 1028 647 1106 praecepit,
681 1046 784 1087 verum
806 1026 891 1106 Papa
921 1027 963 1087 ud
993 1046 1062 1087 eum
1092 1031 1183 1108 coegit

270 1110 419 1170 homines.
464 1108 542 1169 Sunt
571 1115 673 1169 cutem
700 1111 731 1168 in
755 1129 792 1169 eu
812 1110 897 1169 varia
919 1117 1120 1189 peecatorum
1139 1131 1181 1190 ge

270 1211 343 1252 uera
366 1199 397 1250 et
418 1191 594 1252 discrimine
616 1190 757 1267 conficte,
780 1192 889 1270 quibus
913 1194 1026 1252 misere
1051 1202 1183 1272 urgentur

271 1284 301 1334 et
332 1275 546 1334 excruciantur
578 1275 821 1336 conscientiae..
847 1273 898 1335 Sic
928 1276 1023 1354 igitur
1057 1273 1097 1334 de
1132 1275 1184 1336 hcc

271 1363 426 1436 postremo
450 1356 654 1417 confessionis
675 1376 789 1436 genere
810 1357 1006 1417 sentiendum
1031 1365 1090 1430 eet,
1111 1357 1184 1418 Deus

271 1440 438 1512 neminem,
477 1458 576 1517 neque
608 1437 646 1497 cd
676 1439 759 1498 illam
790 1441 918 1519 primam
949 1440 1183 1518 confessionem,

270 1540 349 1600 quae
371 1539 475 1580 corum
498 1521 565 1580 Dec
588 1519 636 1599 fit,
658 1540 759 1600 neque
781 1521 820 1581 ed
842 1522 925 1587 illem
949 1522 1092 1600 alteram,
1114 1541 1183 1601 quae

270 1603 304 1663 fir
325 1622 427 1663 corcrn
447 1605 608 1683 proximu,
630 1605 731 1684 cogit,
755 1603 819 1664 vult
839 1608 873 1665 ut
895 1611 924 1664 te
948 1613 1001 1664 tua
1023 1613 1118 1684 coget
1137 1625 1180 1665 vc·

270 1686 386 1763 luntas,
409 1693 443 1744 ut
465 1693 558 1766 coget
579 1691 609 1745 tc
631 1691 702 1745 tuae
725 1687 831 1746 selutie
853 1688 949 1765 ratic,
977 1689 1052 1747 item
1071 1687 1182 1748 divinae

269 1769 386 1848 gratiae
420 1770 493 1828 sitis,
537 1767 606 1828 Nou
636 1787 710 1848 ergo
738 1769 822 1828 Deus
852 1768 1024 1829 delectatur
1055 1770 1106 1848 iis,
1137 1781 1180 1829 eut

270 1850 380 1930 probat
410 1870 481 1927 ece,
505 1853 555 1929 qui
577 1853 662 1910 iuviti
692 1852 735 1909 itu
757 1850 957 1927 confitentur,
992 1852 1058 1912 vult
1079 1854 1179 1932 potius,

271 1941 303 1991 ut
326 1932 465 1992 volentes
487 1952 524 1992 uc
546 1953 584 1992 ex
607 1934 711 1992 animo
734 1934 763 1992 id
788 1934 944 1994 faciamus.

353 2014 464 2073 Verum
499 2015 582 2095 Papa
619 2015 771 2074 diversum
804 2015 894 2095 fecit,
928 2035 1031 2095 neque
1065 2019 1177 2093 curavit,

271 2097 409 2157 volentes
432 2117 469 2155 cn
489 2098 573 2156 inviti
596 2097 824 2176 confiterentur,
848 2098 903 2157 eed
918 2099 1080 2159 mandevit
1101 2101 1176 2173 een'u

272 2187 303 2238 ut-
325 2180 382 2238 nisi
404 2181 470 2257 quis
493 2186 576 2238 certo
599 2187 739 2258 tempore
768 2180 982 2258 confiteretur‚
1021 2182 1048 2241 is
1071 2183 1100 2240 in
1121 2200 1175 2260 prc-

271 2262 340 2321 fenc
387 2262 456 2322 loco
501 2271 588 2321 extra
631 2263 786 2342 publicum
828 2264 998 2323 coemiterii
1032 2263 1173 2323 humetur:

270 2344 394 2420 perinde
417 2353 509 2421 atque
532 2345 556 2402 ei
579 2353 782 2425 agereturree
802 2348 833 2405 iu
855 2346 983 2424 politica
1000 2342 1173 2405 administra-

270 2427 363 2500 tione,
385 2428 414 2484 in
439 2427 549 2503 quavi
572 2435 723 2507 coguntur
743 2427 894 2487 homines.
953 2468 955 2473 -

351 2506 464 2567 Verum
486 2508 569 2567 Deus
602 2529 664 2568 non
701 2509 812 2589 probet
844 2529 914 2570 eum
946 2511 1171 2581 confessionem,

267 2591 435 2650 cucullum
458 2590 539 2650 uliud
564 2610 657 2670 opusq
689 2593 715 2650 si
737 2594 850 2652 invitus
871 2592 946 2652 illud
969 2593 1075 2654 faciae.
1116 2593 1170 2654 lmc
1216 2620 1218 2624 ·

269 2680 404 2750 praestat
425 2674 551 2733 omuino
575 2694 636 2734 non
661 2674 809 2752 confiteri,
832 2694 923 2754 quam
945 2676 1076 2736 invitum
1094 2674 1173 2736 ccnfi·

267 2756 330 2814 teri.
373 2755 481 2834 Neque
503 2757 583 2815 cuim
606 2764 691 2836 patet
713 2756 752 2817 cd
775 2758 873 2817 Deum
902 2757 1004 2818 editus
1026 2756 1103 2835 illis,
1131 2760 1172 2836 qui

266 2855 328 2897 ncn
351 2856 405 2896 suu
427 2844 537 2918 sponte
560 2840 722 2898 voluntarii
751 2839 910 2919 adipsum
933 2842 1072 2901 veniunt.
1114 2840 1172 2900 Nou

267 2921 358 2998 igitur
380 2923 449 2999 cogi
473 2920 586 2981 debent
607 2921 758 2984 homines.

351 3001 416 3061 Etsi
439 3004 487 3081 qui
510 3010 637 3082 propter
658 3004 761 3084 Papae
788 3004 968 3064 mundatum
993 3006 1174 3079 confitentur,

265 3082 308 3143 illi
332 3085 422 3143 etium
446 3103 576 3166 peccare
598 3106 631 3146 ee
655 3087 763 3164 scient,
786 3106 960 3166 quenquam
982 3087 1121 3148 videmus
1140 3089 1174 3147 iu

267 3166 378 3242 passim
401 3167 461 3226 iam
477 3167 552 3246 fieri,
575 3176 607 3227 ut
631 3188 739 3229 ornnes
761 3169 846 3229 nullu
860 3171 920 3230 elic
940 3172 1073 3248 ratione,
1094 3188 1173 3250 quum

265 3247 346 3326 quod
369 3249 412 3307 ica
433 3249 609 3310 mundatum
640 3257 687 3311 est
708 3271 727 3310 e
749 3253 849 3332 Pepe,
884 3251 924 3312 ed
957 3253 1174 3314 confessionem

264 3342 360 3390 ruunt.

347 3413 427 3472 Vere
453 3415 543 3493 igitur
564 3416 639 3475 illud
663 3422 783 3496 tempus
805 3436 825 3476 u
845 3417 1009 3478 Germanis
1031 3418 1175 3498 passionis

265 3493 432 3555 hebdomas
444 3497 631 3576 appellatum
655 3506 710 3575 est,
734 3501 844 3560 misere
861 3501 941 3559 enirn
967 3500 1175 3561 excarnifican-

264 3587 322 3637 tur.
359 3577 419 3638 hcc
448 3583 625 3658 praesertim
657 3587 815 3661 ternpore,
849 3584 1080 3658 conscientiae,
1115 3599 1175 3643 cum

263 3677 375 3738 magno
403 3662 570 3722 animarum
599 3682 636 3722 ec
665 3664 771 3726 salutis
792 3665 939 3745 periculo.
983 3665 1024 3726 Et
1046 3666 1175 3727 Christus

260 3758 384 3825 quoquc
412 3743 508 3828 longe
529 3748 654 3829 gruv'rue
682 3765 723 3806 uc
755 3747 1009 3807 ecuuumeuce'uue
1041 3768 1081 3808 ec
1111 3755 1176 3809 tetc-

249 3846 332 3911 pcre
355 3832 579 3912 excrucietur,
611 3848 710 3910 quum
734 3833 826 3900 uum„
858 3843 933 3883 curu
951 3826 993 3882 'm
1011 3842 1106 3882 eruce
1124 3839 1196 3899 ccxx-
