2709 4417
262 346 326 412 448
577 343 607 396 V.
628 341 731 397 Conmo
750 342 783 395 D.
802 342 836 395 ll.
856 341 937 394 Loth.

265 548 396 609 cunque.
439 528 513 588 Post
534 527 653 606 lapsum
680 528 734 586 viri
763 531 795 587 et
816 525 953 586 mulieris
976 523 1098 586 affectus
1116 545 1163 588 cor·
1211 561 1212 581 2

265 613 431 693 ruptissimi
454 618 533 689 sunt,
555 609 678 688 quando
698 609 795 669 maior
817 628 891 688 pars
913 627 978 669 non
1003 606 1164 670 obmutuun
1210 628 1213 665 :

266 695 429 772 auxilium,
463 695 529 753 sine
551 692 713 753 liberorum
736 710 858 771 amore,
882 699 917 751 ut
937 692 1104 751 institutum
1124 702 1165 767 est

265 778 468 852 conveniunt,
500 777 572 855 quin
600 777 698 856 magis
728 774 766 834 ad
789 774 978 855 explendam
1002 775 1099 834 caruis
1117 774 1165 835 libi-

266 860 379 921 dinem.

350 942 483 1018 Quarto,
516 942 742 1001 matrimonium
770 939 919 1000 diiudicet
944 941 1029 1000 inter
1059 960 1168 1020 amores

267 1028 323 1087 viri
345 1033 377 1086 et
398 1025 502 1084 uxoris
524 1043 658 1084 amorem
680 1024 845 1084 maximum
870 1041 940 1084 esse
964 1030 1090 1103 oportet
1109 1025 1169 1085 inter

267 1111 429 1169 universos
451 1125 583 1167 amores.
627 1105 678 1168 Sic
707 1109 787 1167 enim
817 1108 966 1186 scriptum
999 1105 1107 1188 est*):
1127 1107 1168 1168 ue-

267 1193 384 1270 linquet
414 1190 507 1249 homo
544 1195 660 1267 patrem
698 1196 728 1249 et
762 1196 908 1266 matrem,
945 1196 979 1250 et
1013 1189 1169 1252 adhaerebit

268 1275 356 1335 uxori
378 1290 471 1348 suae,¹
484 1290 562 1331 uxor
584 1273 716 1332 vicissim
740 1274 806 1332 riro
829 1290 896 1351 suo,
921 1272 997 1333 boni
1015 1271 1113 1334 adhuc
1131 1273 1168 1333 lo

267 1357 317 1418 die
339 1355 511 1417 observant.

349 1437 468 1499 Deinde
489 1438 673 1514 notandum,
696 1438 778 1517 quod
801 1438 913 1518 triplex
935 1445 986 1498 est
1009 1456 1110 1516 amor,
1129 1439 1168 1499 fel·

268 1543 329 1600 sua,
351 1520 508 1596 naturalis,
531 1521 712 1600 coniugalis.
754 1521 861 1582 Falsus
885 1539 976 1582 amor
999 1523 1115 1599 quaerit
1133 1542 1168 1600 pe·

269 1607 405 1682 cuniam,
433 1604 597 1676 honorem,
620 1622 717 1683 opes,
741 1605 884 1665 mulieres
908 1622 1034 1683 quoque
1055 1603 1168 1684 prohibi·

268 1697 314 1748 tus
338 1706 378 1747 ex
400 1693 565 1766 praecepto
587 1686 655 1746 Dei.
698 1687 851 1748 Naturalis
873 1699 922 1747 cst
942 1682 1025 1747 in'ter
1045 1695 1169 1766 parentes

269 1778 300 1832 ct
330 1770 466 1850 prolem,
501 1769 608 1829 iratres
642 1778 673 1829 et
707 1788 828 1830 sorores
861 1776 892 1828 et
927 1771 1169 1849 consanguinem.

268 1854 388 1914 Tertius
410 1871 499 1929 vero,
532 1853 584 1931 qui
607 1852 779 1932 coniugalis
808 1852 933 1929 dicitnr,
971 1851 1049 1913 duos
1072 1854 1170 1932 primos

270 1936 424 1997 excedens
445 1954 500 1995 ocu
524 1935 603 2015 ignis
625 1935 730 2013 ardet,
752 1935 827 1996 nihil
848 1936 986 2014 quaerit,
1014 1934 1087 1994 nihil
1108 1935 1170 1995 desi·

269 2020 356 2081 deret
377 2019 691 2098 praeterconiugem.
735 2017 786 2079 Sic
815 2019 895 2079 enim
917 2019 1036 2097 inquit:
1058 2017 1121 2078 Nec
1139 2037 1172 2078 ur·

180 2157 183 2164 .
269 2109 394 2184 gentum
419 2109 502 2160 tuum
525 2120 726 2177 neccarum,
762 2120 861 2181 neque
892 2101 954 2161 hoc
984 2119 1083 2180 neque
1104 2101 1173 2176 illud,

270 2185 325 2246 sed
353 2190 384 2244 te
411 2184 500 2260 volo,
534 2191 565 2244 et
586 2191 707 2263 praeter
744 2191 774 2244 te
805 2184 880 2244 nihil
909 2203 1044 2263 prorsus,
1089 2184 1173 2244 Ceteri

269 2287 391 2329 amores
413 2266 554 2345 altreio,
577 2266 659 2345 quod
683 2266 824 2327 videntur
845 2286 968 2334 amere,
992 2266 1073 2328 aliud
1096 2285 1173 2345 quaa·
1211 2332 1212 2351 p

269 2353 375 2429 ritant,
409 2349 462 2410 sed
487 2349 655 2429 coniugalis
683 2350 715 2409 id
744 2350 825 2429 quod
848 2349 947 2429 diligit
970 2356 1067 2412 totum
1090 2352 1173 2429 possi·

155 2448 158 2455 '
270 2435 343 2495 dere
365 2433 438 2495 vult.
482 2432 572 2507 Quod
605 2434 630 2492 si
661 2432 759 2492 Adam
790 2434 821 2493 in
843 2435 1022 2493 innocentis
1049 2451 1172 2513 perseve-

270 2524 383 2596 rasset,
415 2515 711 2596 exoptabilissirnum
740 2536 838 2588 rerum
863 2517 1000 2577 omniurn
1029 2515 1174 2576 duceretur

270 2618 416 2681 sponsum
439 2618 507 2659 esse
529 2599 578 2659 rel
601 2618 756 2678 sponsam.

352 2683 558 2742 Veruntamen
594 2681 645 2740 ille
674 2702 761 2742 amor
787 2684 849 2742 iam
881 2682 1019 2761 impurus
1052 2681 1174 2742 redditus

270 2773 336 2842 est,
375 2763 623 2845 quandoquidem
656 2771 783 2843 uterque
818 2764 984 2845 coniugum
1020 2765 1053 2824 in
1090 2764 1174 2824 altero

271 2851 398 2927 quaerit,
421 2865 482 2926 quo
499 2849 768 2927 concupiscentiae
790 2847 888 2908 malea
910 2847 1088 2908 satisfaciat.
1110 2847 1197 2926 Hinc·

271 2938 331 3010 est,
363 2931 446 3010 quod
475 2930 536 2991 hoo
557 2937 697 3010 tempore
719 2937 815 2991 status
838 2931 1071 2992 matrimonialis
1093 2931 1177 2990 since

271 3034 321 3075 rus
344 3020 374 3074 et
395 3015 461 3074 sine
504 3021 610 3074 eccato
634 3033 703 3074 esse
725 3015 776 3075 vix
798 3015 905 3094 possit.
948 3013 1006 3072 Est
1027 3014 1108 3074 enim
1130 3031 1177 3073 eeu

270 3097 423 3177 hospitale
444 3033 647 3177 inlr-morum,
682 3096 804 3176 quando
838 3097 1032 3158 matrimonio
1067 3114 1177 3175 praeca·

270 3186 366 3257 vetur,
388 3199 428 3240 ne
450 3198 625 3240 corruamus
647 3180 677 3239 in
699 3181 841 3260 gravium
862 3178 985 3242 delicta.
1027 3179 1178 3241 Innocenti

271 3262 357 3323 Adae
378 3262 554 3323 facillimum
588 3269 653 3323 erat
673 3264 878 3344 virginitatem
901 3282 1025 3323 serrare
1048 3269 1081 3323 et
1102 3263 1179 3324 cust-

270 3353 374 3425 tatem,
397 3346 479 3425 quod
504 3354 609 3406 nostra
630 3352 733 3407 aetate
755 3347 820 3406 sine
843 3345 991 3426 singulari
1013 3347 1114 3426 gratia
1132 3345 1181 3405 Dei

271 3429 321 3487 vix
354 3429 502 3508 possibile
531 3428 640 3488 fuerit·
684 3428 876 3509 Quapropter
915 3447 1017 3508 neque
1054 3427 1182 3489 Christis

270 3513 427 3591 praecepit
440 3513 621 3589 castitatem,
636 3531 737 3591 neque
752 3512 861 3592 aliquis
874 3511 1100 3590 apostolorum,
1122 3529 1182 3572 cnm

269 3595 491 3673 praedicarent.
545 3594 679 3654 Tametsi
716 3595 799 3655 illam
843 3593 932 3655 nobis
978 3595 1182 3674 maximopere

270 3677 504 3756 commendent,
537 3677 734 3738 consulentes
763 3679 952 3756 etprucmio
975 3677 1183 3754 sollicitantes,

266 3823 565 3835 α-Μ--ο-...ψ-ω»

338 3883 371 3950 *)
396 3877 497 3934 lluttlr.
518 3873 564 3930 lt.
