2709 4417
213 346 278 414 470
488 344 534 399 Vl.
552 342 655 399 Conclo
674 339 824 409 Quomodo
842 341 881 395 sit
934 377 938 384 r

218 536 388 600 conferant.
434 534 475 596 et
501 533 587 595 Deus
621 549 744 610 quoque
772 549 837 592 uon
866 535 977 611 potest
1006 548 1066 590 nou
1092 534 1122 593 tui

218 639 313 702 agere
335 637 449 695 curam,
472 618 496 676 si
518 615 613 677 verbo
635 620 666 675 et
688 618 885 674 sacramento
909 613 1007 692 ipsius
1029 613 1123 692 credas,

219 705 298 763 sicut
320 701 399 762 Psal.
419 702 459 764 32
481 699 570 760 dicit:
593 697 736 758 Firmabo
759 716 852 777 super
874 703 908 757 ts
923 696 1034 757 oculos
1048 717 1125 759 meos.

220 787 334 845 Verum
358 802 425 843 cum
449 783 531 842 Deus
553 782 596 842 tui
619 782 684 861 agit
705 799 826 858 curam,
855 779 941 840 idem
966 798 1071 840 ommes
1089 801 1126 840 am

220 867 297 948 geli,
327 885 435 929 omnes
458 865 556 926 sancti
576 883 614 924 ac
636 871 795 924 creaturae
818 881 930 923 omnes
953 862 1081 940 faciunt,
1097 871 1127 923 te-

222 969 282 1030 que
304 948 443 1010 manibus
471 950 533 1007 suis
562 953 750 1023 sustentant,
782 945 900 1006 infide
923 947 1129 1024 persistentem,

222 1041 253 1093 et
273 1034 335 1092 iam
357 1033 418 1091 iam
440 1031 577 1091 morituri
599 1031 757 1108 excipiunt
777 1030 926 1105 animam,
948 1047 991 1087 ne
1012 1047 1117 1107 pereas.

305 1114 432 1194 Signum
456 1122 503 1173 est
524 1113 612 1172 huius
645 1113 689 1172 rei
711 1109 862 1190 Heliseus,
886 1113 917 1172 4.
939 1111 1019 1190 Reg.
1042 1114 1075 1186 6,
1094 1113 1132 1187 qui

223 1199 267 1257 sic
288 1216 409 1256 servum
436 1214 524 1254 suum
552 1193 772 1274 compellabat:
801 1194 849 1255 Ne
874 1202 1017 1268 metuas,
1046 1193 1132 1272 plures
1165 1224 1167 1251 s

223 1281 305 1340 enim
327 1279 486 1339 nobiscum
519 1284 590 1337 sunt
618 1296 709 1356 quam
738 1297 806 1337 cum
837 1277 919 1352 illis,
954 1295 1027 1335 oum
1048 1283 1133 1335 tomen
1166 1296 1167 1301 ¹

223 1361 357 1440 nudique
389 1361 522 1421 hostium
552 1360 688 1420 exercitu
715 1367 820 1420 essent
848 1359 1065 1437 circumsepti,
1094 1377 1133 1417 me

225 1445 398 1520 minemque
431 1444 523 1503 alium
558 1447 680 1522 praeter
700 1443 805 1503 hostes
829 1441 983 1501 viderent,
1023 1441 1135 1520 Aperuit

225 1527 329 1605 itaque
349 1526 500 1585 Dominus
524 1526 632 1586 oculos
655 1527 757 1604 pueri,
786 1531 818 1584 ut
846 1523 984 1600 videret,
1025 1530 1056 1584 et
1076 1543 1134 1582 eece

226 1628 314 1668 mons
336 1608 443 1688 plenus
466 1627 614 1687 equorum
638 1614 669 1668 et
690 1627 829 1668 curruum
852 1608 1018 1687 igneorum
1041 1608 1071 1666 in
1091 1608 1135 1667 cir·

227 1691 339 1751 cumitu
363 1690 466 1752 Dlisei.

306 1773 391 1834 ldem
414 1772 554 1833 omnibus
576 1773 636 1833 illis
657 1772 709 1849 fit,
734 1775 783 1850 qui
805 1773 872 1832 Deo
899 1771 1038 1832 credunt.
1078 1771 1135 1830 Per·

225 1861 323 1918 tinent
344 1862 447 1916 autem
469 1855 528 1915 huc
548 1854 602 1915 illa
623 1857 654 1914 iu
676 1854 816 1925 Psalmis,
838 1855 921 1914 Psal.
934 1855 992 1918 34:
1017 1854 1135 1914 Circum·

226 1940 321 2001 vallat
348 1939 477 2019 angelus
505 1939 630 1998 Domini
664 1938 695 1997 im
724 1939 850 1998 circuitu
873 1938 1046 1996 timentium
1067 1955 1136 2011 eum,

227 2029 257 2083 et
285 2023 393 2102 eripiet
422 2040 493 2100 eos,
529 2027 560 2080 et
583 2023 656 2084 125:
686 2018 746 2094 Qui
768 2019 929 2080 confidunt
949 2021 981 2078 im
1004 2019 1134 2093 Domino,

227 2106 304 2163 sicut
325 2123 414 2164 mons
437 2105 523 2178 Zion,
547 2122 608 2162 non
633 2102 927 2175 commovebuntur,
950 2101 1008 2161 sed
1029 2121 1134 2180 semper

226 2186 405 2246 habitabunt
427 2182 636 2262 Hierusalem,
668 2193 789 2246 montes
812 2185 887 2265 (hoc
910 2192 975 2259 est,
998 2184 1131 2243 Dominus

226 2268 310 2350 ipse)
334 2271 365 2328 in
388 2271 513 2329 circuitu
531 2269 637 2347 populi
660 2269 707 2328 sui
730 2286 813 2328 nuno
835 2276 978 2345 etusque
1000 2268 1031 2326 in
1052 2274 1131 2326 aeter·
1166 2282 1167 2287 ’

227 2371 308 2410 mum.

308 2433 349 2492 Et
370 2437 426 2496 dl:
449 2433 578 2512 Angelis
600 2434 662 2491 suis
687 2431 842 2491 mandavit
863 2432 903 2491 de
926 2439 972 2507 te,
996 2436 1028 2490 ut
1049 2439 1128 2490 custo·

225 2515 311 2574 diant
331 2522 362 2575 te
382 2517 412 2574 in
437 2514 576 2574 omnibus
598 2516 655 2573 viis
678 2516 746 2592 tuis,
768 2516 800 2574 in
822 2515 964 2574 manibus
982 2514 1125 2593 portabunt

228 2606 273 2672 te,
310 2617 348 2656 ne
382 2596 520 2658 offendas
549 2596 588 2656 ad
617 2596 750 2675 lapidem
781 2597 893 2676 pedem
918 2605 1023 2673 tuum,
1054 2615 1126 2675 super

226 2680 365 2759 aspidem
398 2687 429 2738 et
455 2680 629 2740 basiliscum
662 2679 849 2757 ambulabis,
884 2687 917 2739 et
950 2679 1124 2738 conculcabis

228 2763 348 2823 leonem
372 2769 403 2821 et
425 2761 588 2823 draconem
615 2762 693 2832 (hoo
715 2768 780 2839 est,
810 2781 920 2822 omnes
950 2764 1031 2822 vires
1052 2769 1079 2822 et
1093 2762 1124 2819 in-

226 2843 323 2904 sidiae
346 2843 460 2904 diaboli
482 2864 543 2904 non
566 2844 788 2924 praevalebunt
810 2845 959 2905 adversus
982 2843 1043 2921 te).
1062 2843 1123 2918 Quo·

226 2928 307 2985 niam
330 2928 361 2985 im
385 2946 433 2986 me
455 2930 597 3005 speravit,
621 2925 758 2987 liberabo
781 2947 860 3002 eum,
883 2920 1042 3008 protegam
1063 2946 1123 3000 eum,

227 3009 371 3086 quoniam
394 3011 543 3088 cognovit
563 3029 676 3069 nemen
699 3028 818 3086 meum,
859 3011 1006 3069 clamavit
1026 3009 1062 3069 ad
1080 3028 1123 3082 ms,

226 3091 388 3151 exaudiam
412 3111 497 3168 eum,
531 3111 599 3149 cum
621 3093 690 3170 ipso
713 3111 779 3151 sum
801 3093 832 3152 in
856 3092 1064 3169 tribulatione,
1083 3092 1123 3151 eri·

227 3176 307 3252 piam
338 3194 407 3234 eum
434 3182 465 3233 et
485 3173 664 3254 glorificabo
688 3194 772 3251 eum,
805 3175 1001 3254 longitudine
1029 3175 1122 3234 dierum
1166 3232 1167 3237 ,

226 3257 352 3335 replebo
375 3276 454 3333 eum,
476 3269 505 3316 el
529 3258 689 3318 ostendam
713 3257 757 3317 illi
779 3258 913 3317 salutare
936 3277 1045 3319 meum.

309 3339 359 3399 Sic
381 3358 502 3418 quoque
524 3340 683 3418 apostolus
705 3340 833 3400 Ebraeis
849 3337 887 3421 ⁷⁸)
911 3340 1061 3415 scribens,
1079 3339 1123 3399 ait:

226 3421 365 3502 Angelos
409 3420 555 3501 (quorum
588 3425 749 3482 innumera
781 3430 828 3482 est
861 3423 1041 3500 multitudo)
1072 3438 1126 3480 esse

225 3504 503 3564 administratorios
526 3505 665 3583 spiritus,
699 3507 749 3584 qui
780 3507 812 3565 in
840 3506 1041 3566 ministerium
1058 3504 1126 3565 emit

226 3594 326 3646 tantur
348 3593 474 3666 propter
496 3607 560 3663 eos,
584 3590 633 3666 qui
647 3588 796 3649 haeredes
818 3595 910 3648 erunt
927 3588 1045 3650 salutis.
1065 3587 1142 3652 Hinc,

225 3676 288 3744 est,
326 3669 408 3746 quod
442 3671 614 3747 patriarcha
642 3671 735 3732 laceb
768 3673 829 3730 iam
860 3672 1027 3732 moriturus
1061 3669 1127 3743 dicit,
