2709 4417
494 317 666 377 edictariis
685 332 811 393 excepto.
1044 323 1117 389 461

199 510 313 587 operis,
340 526 436 587 quare
464 527 530 569 non
551 507 669 569 ridetur
692 509 770 569 bene
792 507 924 582 dictum,
946 508 1029 586 quod
1051 509 1115 571 hcc

199 591 382 651 affirmantes
402 593 568 651 insaniant
609 591 678 651 Hoc
700 592 959 673 probamr,quia
982 592 1116 652 ecclesia

200 676 294 750 iniis,
316 693 396 753 quae
417 684 493 735 sunt
514 673 595 752 fidei,
616 693 680 735 non
702 681 791 751 errat,
815 682 847 734 et
859 693 937 753 quse
948 675 1117 755 respiciunt

204 759 365 818 ammarum
387 757 531 820 salutem.
1041 798 1045 811 .

263 840 360 916 -lmo,
386 847 422 900 ιιι
443 839 472 900 S.
497 839 667 919 Cyprianus
694 849 751 924 ait,
783 838 867 901 Deus
888 860 951 901 non
969 841 1117 919 permittit

207 925 342 983 nuiorem
365 931 485 1001 purtem
506 922 580 987 oleri
600 942 712 1000 errare,
733 930 793 992 sed
813 925 845 983 in
865 924 1003 985 conciliis
1025 942 1116 1003 geue-

207 1006 323 1079 ralibus,
350 1013 383 1065 et
408 1025 464 1085 per
486 1008 714 1072 universitatem
748 1009 825 1074 cleri
849 1008 909 1066 iarn
931 1027 951 1067 e
972 1007 1115 1066 trecentis

208 1091 281 1149 annis
312 1087 535 1168 indulgentiae
557 1097 719 1167 reputatae
746 1101 818 1157 sunt
849 1090 939 1150 utiles
968 1099 999 1148 et
1045 1091 1114 1168 pice

209 1172 385 1233 Christianis.
415 1170 505 1246 Quod
528 1173 626 1250 patuit
645 1173 677 1232 in
700 1179 834 1239 concilio
857 1172 1042 1247 Viennensi,
1064 1171 1115 1231 ubi

209 1256 385 1335 approbatae
407 1264 479 1313 sunt
500 1253 592 1314 datae
614 1274 669 1334 per
691 1262 849 1323 Urbanum
870 1254 922 1316 IV.
945 1274 1001 1334 pro
1025 1273 1115 1315 vene·

208 1338 297 1399 rabilis
318 1337 524 1399 eucharistiae
537 1344 747 1420 veneratione,
772 1363 843 1404 narn
858 1338 1021 1399 concilium
1035 1337 1115 1397 hanc

207 1420 310 1481 rddidit
331 1423 483 1482 rationem
506 1422 668 1504 motivam,
691 1435 724 1488 ut
745 1427 859 1488 christi
881 1420 989 1484 fideles
1012 1429 1115 1480 essent

207 1506 291 1585 mgis
319 1504 419 1584 parali
448 1502 488 1563 ad
517 1503 666 1582 Obsequio
685 1505 895 1571 venerationis
928 1512 960 1564 et
987 1503 1113 1563 honoris

204 1598 389 1648 recremento
403 1584 633 1667 impendenda.

254 1670 305 1731 Sic
328 1670 527 1731 Innocentius
538 1669 590 1732 111.
611 1673 643 1730 in
666 1675 800 1735 concilio
820 1668 965 1754 generali,
987 1666 1038 1727 ubi
1060 1669 1113 1725 nti·

200 1753 341 1823 lesinam
353 1754 620 1815 constitutionem:
642 1758 749 1819 Omnis
761 1758 926 1834 utriusque,
949 1757 1045 1811 stote
1065 1768 1114 1809 ec

199 1837 288 1899 clesia'
308 1844 477 1915 receptam,
499 1835 605 1913 edidit,
628 1841 666 1901 de
689 1840 888 1919 indulgentiis
911 1852 1035 1914 quoque
1055 1831 1114 1891 dis-

199 1922 296 1999 posuit
320 1919 571 1998 hospitaliorum,
600 1923 720 1987 dicens:
752 1922 941 2001 lninngimus
971 1914 1058 1976 vobis
1080 1915 1111 1974 in

199 2006 406 2064 remissionem
427 2009 640 2087 peccatorum,
670 2012 822 2084 quatenus
852 1999 1003 2063 debonis
1025 1996 1113 2058 vobis

199 2086 315 2146 collatis
339 2092 428 2165 grata
449 2085 494 2145 eis
515 2085 651 2149 subsidia
672 2090 808 2150 caritatis
830 2084 982 2165 erogetis,
1004 2089 1037 2140 ιιι
1059 2098 1114 2159 per

199 2170 428 2230 subventionem
451 2178 583 2228 vestram
612 2175 748 2251 ipsorum
774 2171 900 2249 inopiae
927 2164 1114 2238 consuletur,

199 2260 228 2313 et
248 2272 302 2312 vos
325 2272 380 2331 per
400 2251 497 2326 haec,
525 2260 557 2311 et
576 2255 657 2329 alic,
693 2273 772 2333 quae
792 2253 927 2312 [tonino
948 2248 1116 2326 inspirante

201 2331 344 2407 feceritis,
372 2334 411 2394 ud
433 2342 558 2395 aeterne
579 2340 704 2417 possitis
732 2334 846 2417 geudia
866 2332 1036 2414 pervenire.
1080 2328 1112 2387 ln

202 2419 306 2479 eodem
329 2436 452 2497 quoqne
464 2419 596 2480 concilio
618 2422 748 2481 limitata
766 2420 822 2480 luit
836 2418 1012 2477 interiorum
1028 2430 1114 2492 prac-

204 2502 325 2561 latornm
346 2500 555 2580 indulgentias
577 2503 670 2565 dandi
692 2510 850 2583 potestus,
879 2517 957 2578 quae
984 2498 1016 2556 in
1038 2495 1114 2573 Lug·

205 2583 325 2645 dunensi
348 2584 482 2644 coneilio
505 2582 617 2648 deinde
638 2588 695 2647 luit
715 2584 895 2664 approbata.
938 2579 998 2640 Sed
1020 2579 1048 2638 si
1070 2578 1113 2635 in-

205 2666 374 2747 dulgentiae
397 2673 502 2726 essent
522 2669 627 2729 vitium
650 2670 722 2729 boni
746 2668 863 2747 operis,
885 2672 916 2725 et
936 2661 1115 2722 Christianis

204 2751 340 2828 inutiles,
377 2748 449 2828 quid
481 2768 559 2828 opus
582 2760 664 2812 esset
696 2751 894 2811 collationem
922 2747 986 2805 vitii
1012 2744 1114 2822 operis

204 2834 331 2893 minuere
352 2834 383 2893 iu
406 2831 541 2893 inferiori
563 2835 719 2914 praelato,
751 2842 783 2893 et
804 2830 943 2891 conferre
964 2829 995 2888 in
1019 2827 1111 2907 pleni·

204 2916 330 2976 tudinem
354 2916 528 2995 potestatis.

276 2998 423 3077 Accedit,
452 2999 534 3076 quod
567 2998 722 3060 lnudcbile
745 2995 984 3058 Constantiense
1012 2991 1113 3050 eonci-

204 3080 283 3158 lium,
313 3080 396 3162 quod
426 3089 457 3141 et
482 3084 560 3143 inter
591 3102 710 3143 errores
732 3078 891 3141 damnavit
912 3074 1113 3154 indulgentia-

205 3183 262 3225 rum
283 3171 512 3244 contemptum,
534 3166 665 3227 contulit
685 3162 893 3243 indulgentias
917 3155 1058 3219 omnibus
1081 3155 1111 3213 in

206 3250 326 3309 concilio
356 3249 588 3324 exsistentibus,
624 3255 656 3308 et
680 3248 756 3308 feria
783 3252 872 3305 sexta
898 3238 1113 3312 ieiunantibus,

206 3332 277 3410 quod
298 3333 406 3393 luisset
426 3332 508 3391 bona
529 3351 625 3411 opera
644 3338 798 3392 tantorum
814 3328 935 3387 Petrum
951 3323 1112 3403 inquinare

207 3425 230 3475 st
248 3415 380 3477 inficere.
403 3414 443 3473 lot
460 3413 591 3492 Gomon,
613 3434 704 3492 quem
725 3408 912 3474 reverendus
934 3408 1024 3467 Peter
1045 3404 1111 3464 illu·
1154 3472 1156 3477 ,

208 3506 287 3558 strem
310 3497 489 3577 theologum
510 3498 657 3578 appellat,
679 3498 758 3559 sicut
778 3495 834 3555 luit
855 3493 919 3551 veri
941 3498 973 3550 et
990 3488 1113 3549 honesti

209 3580 447 3657 studiosissimus,
469 3580 495 3640 is
517 3580 641 3658 decidit,
662 3578 919 3660 indulgentiarum
933 3572 1111 3632 concessio-

209 3682 265 3725 nem
292 3683 355 3726 ncn
384 3682 454 3722 esse
485 3666 573 3741 parvi
603 3663 800 3744 pendendam
834 3674 888 3717 seu
916 3664 1113 3717 contemnen-

200 3744 265 3818 dam,
287 3745 345 3802 sed
365 3745 480 3805 devote
499 3748 771 3830 amplectendam,
791 3749 827 3812 in
847 3741 923 3821 lide,
942 3760 1001 3824 spe
1021 3746 1055 3800 et
1068 3757 1121 3798 cu-

199 3820 407 3883 fatebamini
427 3833 529 3891 nostri
549 3832 632 3897 «lesu
641 3834 777 3923 Christi,
799 3839 859 3923 qui
876 3831 981 3895 telem
1001 3833 1143 3911 potestn-

199 3925 344 4021 ΜΨ·
360 3937 429 3984 Μ
445 3945 537 3992 ¹⁶¹⁰ss
553 3952 643 4000 ΝΜ
661 3963 826 4013 utetur.
942 3937 982 3999 ll
