2709 4417
444 337 517 390 xlll.
536 336 571 390 de
587 345 724 406 potestate
743 339 843 406 Papae.
1044 336 1108 403 327

199 519 263 579 nihil
286 521 531 582 eeolesiaslieum
553 523 680 602 spirant,
701 522 756 582 sed
779 522 942 583 humanum
956 523 1110 603 absonum,

199 622 325 682 tarnem,
347 612 379 664 et
400 607 589 685 sanguinem.
986 630 988 632 ·

271 685 386 746 Sextus
413 687 560 748 Nioolaus
581 687 666 767 Papa
696 686 803 746 eadem
826 687 895 747 dist.
918 707 942 748 o.
973 689 1110 763 interior,

199 767 301 829 rolens
324 770 536 830 robustissime
552 769 699 849 probare,
721 768 804 846 quod
826 771 951 830 inferior
971 791 1033 832 nou
1055 791 1109 852 po

200 857 251 910 est
284 853 475 932 superiorem
510 851 672 913 absolvere
706 852 867 932 (intelligit
900 860 1001 912 autem
1030 853 1108 915 (lou-

199 935 501 1014 ttantinopolitsuam
524 934 686 995 ecelesiam
707 934 896 1010 inferiorem,
938 955 1008 995 nam
1030 937 1109 996 hseo

199 1016 354 1076 nullorum
387 1036 540 1078 oanooum
576 1036 669 1076 eausa
701 1016 757 1076 fuit
778 1036 832 1096 pro
853 1019 912 1077 islo
946 1019 1108 1115 primatu),

199 1097 309 1159 inducit
329 1099 404 1159 illud
427 1100 497 1161 lisa.
521 1101 576 1162 14:
607 1098 752 1176 Nunquid
785 1099 965 1179 gloriabitur
993 1119 1107 1161 seouns

199 1189 299 1241 eontra
322 1201 410 1260 euni,
433 1183 485 1261 qui
508 1187 594 1242 seoat
614 1181 644 1240 in
668 1199 722 1256 es,
743 1190 797 1241 aut
819 1181 1002 1242 exaltabitur
1023 1203 1107 1244 serra

199 1271 299 1324 eontra
321 1284 400 1343 eum,
423 1265 475 1344 qui
497 1264 588 1324 trahit
608 1264 698 1323 eam?

273 1345 337 1425 His,
358 1349 472 1426 inquit,
495 1367 534 1408 ex
555 1345 660 1406 diviua
681 1345 837 1426 Scriptura
858 1347 1106 1407 commemoratis

200 1430 260 1492 sole
280 1429 391 1489 olarius
414 1430 617 1508 exhibuimus,
639 1448 702 1489 non
724 1448 817 1509 posse
840 1447 1029 1508 quenquam,
1053 1431 1103 1508 qui

202 1513 316 1572 minoris
338 1514 508 1573 autoritatis
531 1519 586 1586 est,
611 1530 697 1589 eum,
721 1512 773 1589 qui
795 1513 918 1572 maioris
942 1513 1104 1589 potestatis

205 1603 254 1674 est,
275 1593 393 1654 iudiciis
416 1597 479 1654 suis
501 1594 688 1670 adiioerel).

276 1676 351 1751 Quis
372 1696 435 1738 non
450 1678 593 1737 miretur?
617 1676 705 1736 Adeo
726 1676 885 1736 isteautor
906 1676 960 1736 sub
982 1677 1108 1737 nomine

208 1780 292 1841 papae
314 1759 485 1839 Scripturas
508 1766 619 1820 tractat
640 1759 800 1838 apposite,
833 1759 931 1818 Deum
963 1759 1036 1818 laeit
1067 1778 1104 1819 ex

206 1862 286 1923 papa,
318 1845 438 1903 eeteros
460 1844 625 1923 episcopos
646 1860 709 1901 non
731 1841 856 1918 iratres,
879 1860 940 1901 non
964 1840 1104 1902 borsines

206 1926 311 2004 sallem,
335 1925 389 1985 sed
405 1927 605 1985 instrumenta
618 1925 700 2000 facit,
722 1923 783 1984 boo
798 1931 845 1984 est
865 1924 1015 1998 nimirum,
1038 1923 1104 1984 sole

205 2007 302 2068 elarius
325 2007 486 2084 exhibere,
508 2008 538 2067 id
562 2015 623 2084 est,
647 2005 789 2066 tenebras
812 2005 979 2066 offundere.

278 2090 336 2169 [Ut
367 2091 521 2165 omittam,
557 2088 640 2168 quod
674 2089 735 2149 hoo
770 2088 950 2169 syllogismo
985 2086 1104 2168 probat,

199 2188 252 2232 non
275 2191 369 2252 posse
398 2173 571 2233 inferiorem
600 2172 765 2251 superioris
794 2188 862 2230 esse
885 2171 1032 2246 iudieem,
1054 2171 1104 2250 qui

199 2255 382 2327 probandum
406 2256 549 2334 suscepit,
573 2255 640 2334 quis
663 2261 747 2314 esset
759 2255 898 2332 superior
920 2260 951 2313 et
971 2254 1105 2330 inferior,

199 2352 253 2396 am
277 2345 350 2416 apte
372 2343 403 2397 et
424 2344 512 2397 sonte
535 2337 692 2416 disputari,
716 2336 825 2416 dignus
838 2336 895 2396 fuit
915 2337 973 2396 iste
995 2337 1103 2415 prims·

201 2437 237 2480 us
259 2419 438 2480 ambitionis
459 2420 683 2496 foedissimae]

251 2501 374 2562 Deinde
395 2503 426 2561 in
448 2501 520 2580 line,
541 2504 712 2563 Romanam
729 2500 889 2560 ecelesiam
914 2506 1039 2560 matrem
1054 2518 1107 2560 vo·

199 2593 240 2645 *at
253 2585 390 2644 omnium
403 2585 611 2645 ecelesiarum.
633 2585 666 2644 In
675 2601 737 2663 quo
747 2585 854 2641 mirum
863 2589 919 2658 est,
932 2580 1106 2642 cuiusliliae

199 2676 219 2728 >t
240 2666 451 2745 discipulse²l
476 2665 914 2742 fuerunteoelesiaeludaeae‚
937 2664 1106 2745 dequibus

199 2750 301 2810 ’aulus
325 2749 364 2809 ad
387 2749 513 2809 Galatas
536 2749 626 2809 dioit:
649 2749 741 2808 Eram
763 2748 887 2828 ignotus
909 2748 988 2807 faeie
1010 2748 1105 2807 eoele-

200 2835 240 2893 ils
265 2831 414 2909 ludaeae3
436 2839 466 2892 et
487 2850 566 2910 quae
589 2832 723 2892 eeclesia
742 2830 847 2905 suerit,
883 2849 973 2908 quam
996 2830 1106 2889 Paulus

199 2915 348 2976 astabat:
378 2915 528 2993 siquidem
550 2915 692 2976 Romana
721 2913 852 2972 eeclesia
875 2918 947 2972 tune
969 2917 1035 2973 erat
1056 2911 1106 2973 ad·

199 3017 249 3058 rue
271 2999 304 3056 in
335 2996 445 3056 lumbis
477 3000 572 3077 patris
604 3000 651 3057 sui
672 2997 770 3072 Petri,
803 2996 853 3074 qui
883 2994 1106 3074 Hierosolymis

199 3087 264 3142 rat.
309 3077 398 3156 Quid,
421 3098 553 3159 quaeso,
575 3079 855 3158 Hierosolymitana
878 3078 1011 3138 eeclesia
1032 3077 1106 3137 didi-

199 3165 230 3223 >it
252 3181 272 3222 a
292 3161 458 3222 Romana?
481 3162 541 3223 Cur
564 3164 707 3223 mentitur
728 3161 839 3220 Paulus
861 3161 969 3220 Roma.
994 3165 1043 3224 lb.
1065 3160 1106 3220 di·

199 3263 275 3323 ens,
298 3263 449 3324 pauperes
462 3253 587 3305 sanotos
609 3244 766 3305 inludaea
782 3245 862 3303 iuste
883 3245 1024 3323 assipere
1046 3242 1106 3302 ool·

200 3335 305 3388 eetum
329 3346 348 3386 a
368 3327 517 3387 Romanis
539 3336 570 3387 et
590 3328 658 3387 aliis
681 3326 839 3407 gentibus,
862 3325 946 3403 quod
968 3327 1107 3405 spiritua

199 3414 262 3471 ium
278 3409 401 3470 illorum
413 3412 579 3489 partieipes
595 3412 666 3470 laeli
688 3409 813 3470 essent?
836 3409 904 3484 Quo
917 3407 1011 3469 verbo
1034 3425 1107 3488 spo·

199 3494 288 3556 stolus
310 3491 621 3572 Hierosolymitanam
644 3493 809 3553 ecelesiam
831 3499 975 3570 matrem,
1008 3491 1107 3551 matri·

199 3595 275 3655 mm,
298 3574 432 3635 radicem
454 3577 554 3655 signat
567 3577 704 3636 omnium
726 3575 819 3654 plane
841 3573 1039 3634 eeclesiarum
1062 3581 1107 3633 to·

199 3661 250 3718 ‚ius
273 3658 366 3734 orbis,
388 3658 480 3717 etiam
501 3659 677 3734 Romanae,
699 3657 781 3738 quod
805 3666 836 3716 et
857 3675 963 3716 venum
984 3665 1041 3716 est.

199 3764 203 3855 j
220 3779 256 3893 1¹)
275 3779 306 3826 u
325 3777 367 3828 aa
386 3776 465 3828 sea:
484 3762 632 3830 moridie.
669 3777 702 3841 st
720 3777 751 3830 u
771 3774 891 3831 essm.
908 3773 1043 3828 outae.
1060 3770 1113 3825 ue

199 3859 303 3908 panae.
