2709 4417
229 351 292 415 418
381 351 413 405 ll.
446 351 548 405 Contio
567 350 601 405 D.
620 349 654 402 ll.
675 351 702 404 L.
721 349 757 404 de
775 356 850 420 pass.
869 349 985 406 Christi.

233 537 378 597 illudatur
417 535 571 613 Christus,
615 542 646 595 et
678 543 713 594 ut
747 553 817 594 oum
854 535 1029 596 latronibus
1063 556 1136 616 repu-
1180 582 1181 603 2

230 626 319 679 tetur.

314 701 454 761 Tentaris
477 699 602 760 libidine
624 706 655 758 et
676 701 932 780 eoncupiscentia
953 703 1069 777 earnis,
1097 721 1137 764 oo

231 785 309 864 gite,
344 802 434 861 qnam
462 782 626 842 crudeliter
655 787 760 841 tenera
793 782 906 843 Christi
941 801 1016 844 earo
1049 783 1138 864 flagris

167 889 173 902 =
233 885 342 943 eaesa,
366 865 512 925 confossa
533 872 564 924 et
585 864 719 924 lauerata
738 867 787 925 sit.

313 947 453 1006 Tentaris
476 947 548 1008 odio
570 953 622 1007 ant
642 948 759 1007 invidia
779 955 833 1008 aut
854 948 1009 1026 vindicta,
1039 951 1138 1028 cogita,

232 1031 384 1090 Christum
410 1050 522 1111 magno
545 1031 680 1091 elamore
695 1039 727 1091 et
747 1031 862 1091 eiulatu
887 1050 945 1112 pro
969 1038 1002 1092 te
1024 1030 1139 1111 aliisque

230 1114 361 1172 inimicis
384 1115 445 1171 suis
460 1131 575 1192 orasse,
598 1112 768 1192 dequibus
791 1115 889 1175 multo
913 1115 1025 1174 iustius
1037 1117 1140 1194 potuis·

232 1205 279 1256 set
301 1214 435 1275 poenam
456 1215 585 1256 sumere.

313 1278 454 1338 Tentaris
476 1277 690 1339 afflictionibus
713 1277 796 1356 aliis,
826 1279 1066 1360 qualescunque
1086 1289 1140 1338 tan·

233 1361 301 1420 dem
331 1362 405 1438 sint,
441 1363 506 1420 sive
528 1364 682 1435 internae,
716 1361 782 1419 sive
803 1368 968 1440 externae,
1004 1361 1140 1422 confirma

233 1447 316 1503 tn'um
329 1462 383 1503 nor
404 1454 434 1502 et
456 1446 500 1503 sie
523 1444 631 1505 dicito:
655 1443 767 1522 Magna
789 1462 827 1503 ea
844 1452 930 1504 esset
950 1445 1139 1525 ingratitudo,

233 1529 257 1585 si
280 1545 404 1605 parvam
427 1526 507 1586 hane
528 1526 727 1586 afflictionem
748 1528 903 1605 patienter
923 1527 1006 1588 ferre
1027 1527 1139 1606 nollem,

233 1629 301 1669 eum
325 1609 461 1668 Christus
483 1609 634 1670 Dominus
655 1626 693 1668 ao
704 1611 879 1689 redemptor
903 1629 993 1670 meus
1015 1612 1047 1671 in
1061 1611 1138 1671 horto
1180 1666 1181 1685 ἶ

232 1703 306 1772 prae
328 1692 493 1771 angoribus
507 1694 707 1772 sanguineum
730 1692 1038 1757 emiseritsudorem.
1072 1693 1139 1768 Quid

233 1778 313 1834 enim
337 1782 420 1834 esset
440 1776 572 1856 turpius,
599 1793 691 1854 quam
713 1793 832 1834 servum
854 1777 887 1834 in
910 1776 996 1836 leeto
1019 1777 1139 1836 molliter

234 1875 411 1935 securare,
445 1866 524 1934 tum,
560 1876 628 1917 oum
650 1858 801 1937 Dominus
823 1859 920 1937 ipsius
943 1877 1003 1938 pro
1026 1861 1086 1920 vita
1104 1859 1137 1918 di·

234 1939 379 1999 micaret?

316 2021 398 2082 Eece
420 2021 459 2082 ad
481 2023 562 2082 hune
583 2022 708 2083 modum
733 2023 915 2084 confirmare
940 2028 972 2084 et
997 2023 1136 2084 consolari

236 2114 266 2166 te
287 2105 397 2165 Christi
420 2107 564 2183 passione
587 2106 719 2186 poteris,
755 2113 863 2166 eontra
895 2109 1005 2168 omnia
1025 2108 1139 2167 vitiaet

233 2196 370 2268 peccata,
392 2197 484 2265 atque
506 2187 583 2247 haee
604 2208 678 2248 vera
691 2189 849 2250 meditatio
872 2191 1031 2268 passionis
1042 2190 1138 2249 Christi

234 2282 295 2346 est,
328 2279 358 2330 et
387 2270 417 2329 hi
447 2278 517 2329 sunt
538 2273 602 2330 veri
623 2272 754 2348 fruetus,
786 2273 838 2350 qui
861 2290 901 2330 ex
923 2291 962 2333 ea
990 2273 1078 2333 nobis
1096 2291 1137 2351 ps·

235 2354 318 2414 tendi
342 2360 421 2414 sunt.
466 2351 525 2426 Qui
546 2355 638 2433 igitur
659 2373 693 2414 se
716 2355 878 2433 diligenter
911 2354 950 2414 ad
978 2356 1059 2415 hune
1083 2373 1135 2414 mo

234 2439 304 2496 dum
327 2439 357 2495 iu
381 2455 418 2495 ea
430 2444 584 2512 exercent,
606 2436 649 2495 illi
671 2437 767 2516 longe
778 2438 890 2496 rectius
912 2437 1037 2514 faeinnt,
1059 2455 1135 2517 quarn

236 2522 260 2578 si
285 2518 395 2578 millies
423 2519 580 2578 historiam
602 2520 757 2598 passionis
778 2518 928 2580 audirent.
972 2521 1014 2580 Et
1034 2520 1064 2580 hi
1083 2527 1136 2579 tan·

233 2613 295 2661 tum
320 2601 482 2661 Christiani
504 2621 577 2662 vere
599 2601 754 2677 dicuntur,
785 2603 836 2680 qui
859 2602 900 2662 ad
922 2603 1005 2663 huno
1027 2602 1135 2664 modum

233 2685 343 2744 Christi
377 2685 468 2743 vitam
502 2703 539 2743 ao
573 2703 686 2745 nornen
718 2686 750 2744 in
784 2703 839 2745 sua
874 2687 938 2746 vita
964 2688 1135 2767 exprimunt,

233 2766 489 2846 quemadmodum
513 2767 543 2830 S.
563 2768 675 2827 Paulus
699 2787 822 2846 quoqne
843 2767 932 2828 dioit:
955 2768 1017 2843 Qui
1038 2769 1135 2828 Christi
1180 2805 1181 2823 2

233 2857 316 2928 sunt,
349 2869 472 2909 earnem
501 2868 586 2909 suam
615 2869 684 2910 oum
713 2851 971 2930 concupiscentiis
993 2871 1054 2912 nna
1079 2870 1135 2910 eun

233 2933 353 2993 Christo
376 2932 600 2996 erucifixerunt.
636 2933 744 3012 Neque
766 2935 845 2993 enim
869 2934 972 2995 verbis
988 2940 1041 2994 aut
1061 2943 1137 3015 gestu

233 3015 365 3097 quodam
389 3023 528 3094 externo,
551 3016 605 3076 sed
621 3018 685 3077 vita
706 3017 891 3078 nemoribus
909 3017 1023 3078 Christi
1044 3018 1136 3098 passio

232 3099 320 3158 nobis
342 3105 390 3158 est
411 3099 616 3178 exprimenda.

313 3181 347 3241 ld
375 3182 457 3259 quod
480 3183 639 3261 apostolus
668 3201 791 3263 quoque
821 3189 928 3244 monet
955 3182 1067 3245 Ebrae.
1089 3185 1136 3246 12:

233 3265 413 3343 Recogitate
436 3265 550 3343 lesum,
578 3264 648 3325 fidei
671 3274 796 3326 nostrae
818 3266 944 3345 duoenr,
981 3268 1031 3345 qui
1054 3267 1167 3326 talen‘·

232 3348 407 3407 sustinuerit
429 3367 447 3405 a
468 3348 682 3426 peecatoribus
705 3349 850 3408 adversus
873 3369 907 3409 se
932 3348 1137 3409 contradictio·

231 3449 317 3507 nem,
340 3450 379 3490 ne
400 3429 607 3509 defatigemini
630 3433 738 3492 animis
761 3434 870 3492 vestris
893 3432 1017 3493 defecti.
1108 3471 1111 3476 -

314 3513 353 3572 Et
384 3512 414 3574 S.
447 3513 551 3571 Petrus
586 3531 651 3593 eap.
677 3517 711 3576 4:
754 3514 839 3574 Siout
871 3515 1012 3575 Christus
1039 3533 1137 3595 passus

231 3603 279 3653 est
299 3614 406 3671 carne,
436 3597 480 3653 sie
503 3615 558 3655 vos
581 3615 704 3676 quoque
726 3599 812 3657 iuxta
833 3597 962 3658 eandem
988 3599 1139 3678 cogitatio·

230 3696 301 3737 nem
323 3697 492 3738 armemini.

315 3764 432 3826 Verum
464 3762 625 3824 obsolevit
645 3762 731 3819 haee
755 3763 838 3817 ratio
864 3761 1066 3815 meditandae
1084 3780 1146 3831 nas

217 3852 322 3917 sionis
350 3851 484 3929 christi,
509 3854 541 3908 et
565 3864 639 3907 rara
660 3850 724 3918 est,
744 3857 817 3898 eam
834 3834 1132 3892 *maumam
1147 3839 1179 3883 ἢκ
