2709 4417
508 314 545 410 ad
563 357 619 412 lac.
637 355 832 411 Hocbstrsten.
1068 351 1131 419 479

212 536 342 598 Ductori
355 538 498 601 Michaeli
511 539 608 600 Swas.
640 539 719 599 Nam
741 539 942 600 certissimum
965 545 1013 598 est
1033 557 1131 618 gram·

212 621 404 681 motistarum
427 621 545 682 turbam
568 624 627 683 hos
639 623 751 683 inferre
773 640 891 683 errores
912 622 944 681 in
959 622 1131 681 ecclesiam.

213 700 306 776 Quod
320 701 345 779 l)
379 706 405 764 si
427 724 561 764 summus
585 706 729 764 Pontifex
751 706 801 764 via
821 705 906 784 regia
927 702 1040 764 dudum
1062 705 1132 764 fuis-

213 791 260 844 set
281 805 475 866 progressus,
499 795 531 847 et
551 807 613 847 non
627 788 764 847 audisset
783 789 814 846 in
827 794 986 866 utramque
1007 796 1132 847 nostrae

212 867 486 931 subsannationem
509 869 797 930 aGrammaticellis
812 870 934 948 factam,
955 888 1017 929 non
1041 876 1131 945 esset,

214 953 358 1027 quoiam
383 961 473 1032 caput
497 972 584 1012 suum
608 972 761 1012 murmure
782 959 983 1029 attentarent,
1007 959 1132 1011 utente

212 1034 243 1091 in
268 1037 413 1095 examine
437 1034 551 1095 Gabale
573 1034 686 1094 dudum
709 1033 971 1111 tumultuantibus,
994 1041 1025 1094 et
1046 1036 1133 1112 quasi

212 1114 382 1195 furibundi,
406 1124 437 1177 et
459 1118 545 1195 quasi
567 1117 732 1177 insalutato
755 1117 877 1197 hospite
899 1116 1039 1177 abierunt
1061 1117 1132 1176 Vui-

213 1198 458 1278 bambergenses.

296 1281 366 1361 Ego
379 1287 421 1359 m)
448 1283 511 1341 iam
531 1300 645 1342 nonum
669 1281 750 1341 diem
773 1282 822 1341 hic
845 1301 947 1342 moror
968 1281 1054 1341 linita
1067 1282 1132 1340 Dis-

213 1365 386 1442 putatione,
409 1383 488 1443 quae
510 1372 571 1424 tres
594 1364 715 1424 duravit
736 1367 933 1443 septimanas.

226 1492 228 1498 .
298 1447 429 1507 Fecerat
449 1447 597 1506 Lutherus
635 1449 666 1505 in
702 1446 752 1507 dic
773 1447 803 1509 Β.
826 1447 906 1508 Petri
934 1449 964 1506 in
994 1448 1134 1507 absentia

211 1528 363 1609 Principis
385 1532 414 1589 in
427 1529 731 1608 aulaDisputationis
754 1548 927 1590 sermonem
944 1529 1131 1589 Hussiticum

212 1610 310 1689 plane
343 1632 516 1674 erroneum.
572 1612 640 1692 Ego
675 1611 837 1672 confestim
873 1613 904 1672 in
939 1612 1132 1672 Visitationis

212 1694 351 1773 Virginis
373 1695 502 1771 Mariae,
537 1701 569 1754 et
597 1693 646 1753 die
667 1696 808 1773 sequenti
830 1696 861 1754 in
883 1695 1133 1773 frequentissimo

210 1776 384 1855 auditorio,
408 1777 498 1856 quale
520 1795 674 1855 nunquam
697 1777 803 1857 habui,
827 1777 1002 1857 praedicavi
1025 1784 1134 1836 contra

212 1861 281 1918 eius
307 1879 442 1938 errores,
472 1867 503 1919 et
524 1860 671 1939 populum
695 1878 779 1920 mere
801 1862 968 1937 concitavi,
998 1867 1031 1919 ut
1051 1859 1134 1918 fasti·

211 1940 280 2001 diat
302 1962 421 2003 errores
443 1942 642 2018 Lutheranos,
665 1961 732 2002 cras
754 1942 859 2003 itidem
881 1944 1014 2002 facturus
1037 1949 1069 2002 et
1090 1944 1135 2002 sic
1218 1970 1221 1980 2

212 2025 351 2103 Lipsiam
375 2024 590 2086 valedicturus.

299 2107 525 2187 Occupationes
558 2109 686 2183 faciunt,
721 2108 802 2186 quod
831 2108 965 2168 Domino
995 2107 1133 2167 Arnoldo

213 2189 353 2250 scribere
388 2210 450 2250 non
482 2191 599 2269 possim
629 2209 687 2249 nec
716 2190 770 2250 tibi
796 2209 859 2250 non
895 2191 991 2270 plura.
1034 2191 1080 2249 'fu
1109 2191 1135 2248 si

213 2272 290 2350 quid
315 2272 390 2333 velis
419 2273 603 2349 rescribere,
637 2274 811 2333 committas
834 2273 969 2333 Domino
993 2272 1135 2332 Michaeli
1162 2295 1164 2302 ·

213 2355 322 2432 Swas,
358 2357 408 2433 qui
443 2374 497 2433 per
519 2354 662 2415 Sueteros
690 2363 743 2415 aut
764 2356 915 2416 Vualeros
944 2362 1010 2415 tuto
1033 2361 1136 2435 potest

213 2438 436 2519 lngolstadium
460 2439 588 2498 mittere.

302 2521 414 2581 Valeat
433 2521 602 2580 reverenda
623 2522 722 2600 pietas
744 2529 805 2599 tua,
827 2529 858 2581 et
879 2523 905 2580 si
927 2521 998 2600 quid
1021 2540 1136 2601 operae
1179 2587 1189 2601 ⁴

212 2605 335 2683 possim
358 2602 551 2682 impendere,
574 2605 604 2662 in
628 2611 667 2680 te,
691 2611 722 2665 et
742 2605 854 2665 factum
877 2603 1025 2682 crede1).

302 2686 350 2745 Ex
373 2687 475 2766 Lipsia
497 2687 605 2747 XXlV.
630 2686 706 2763 lulii,
727 2688 820 2748 Anno
835 2689 952 2768 gratiae
974 2687 1134 2749 uranx.

377 2850 524 2933 Epistola
546 2850 689 2934 Philippi
710 2851 963 2919 bislanchthonis

244 2986 285 3046 dc
306 2986 427 3065 Lipsica
451 2987 665 3066 Disputatioue
687 2987 726 3047 ad
749 2989 880 3048 amioum
904 2969 1115 3067 quendum*).

315 3141 448 3200 Amico
471 3140 506 3200 N.
529 3140 731 3222 Philippus
753 3141 1031 3202 Melanchthon

512 3257 647 3319 Salutem
669 3261 701 3318 iu
724 3259 855 3319 Christo.

304 3410 410 3491 Neque
433 3413 545 3472 referre
568 3412 697 3472 multum
717 3418 809 3490 puto,
837 3429 937 3490 neque
960 3420 989 3472 tu
1013 3431 1137 3493 magno-

291 3583 313 3644 Ι)
334 3582 480 3635 Accusatio
524 3584 614 3649 Papae
655 3584 735 3650 quasi
774 3582 915 3649 eleganter
955 3587 1162 3652 geminatum..

218 3654 264 3720 m)
287 3653 368 3705 Redit
386 3655 458 3705 unde
478 3654 620 3722 digressus
641 3660 692 3706 est.

293 3725 324 3790 1)
346 3726 374 3775 In
395 3726 509 3777 Loesch.
533 3729 589 3777 Act,
610 3726 729 3778 Reform.
750 3724 783 3775 ΙΙΙ
805 3741 830 3792 p.
850 3725 903 3780 224
922 3726 1035 3794 legitur:
1069 3735 1096 3781 et
1113 3730 1138 3782 si

215 3796 286 3861 quid
305 3811 407 3860 operae
424 3799 533 3863 possim
554 3797 719 3867 impendere
737 3799 768 3849 'ru
785 3801 827 3861 te,
841 3795 873 3847 id
891 3800 998 3850 lactum
1015 3800 1114 3851 crede,

284 3862 313 3928 ')
334 3866 352 3918 i.
375 3883 395 3918 e.
417 3866 554 3923 loannem
575 3870 850 3943 Oecolampadium.
