2709 4417
449 354 726 423 Xllldapotastate
746 355 845 421 rapu
1045 345 1105 412 381

203 534 375 615 resbytcri‚
397 539 629 618 quodchristus
649 539 691 599 ibi
714 538 836 599 oblatus
853 536 998 615 Spiritum
1022 553 1109 595 sano

200 635 251 674 um
279 621 378 699 misit3
400 631 432 682 et
452 623 597 692 breviter,
625 623 697 682 hiuc
717 624 747 681 iu
771 641 892 682 omnem
916 629 1026 679 terram
1048 620 1109 678 axi·

200 701 230 758 it
267 703 396 764 verbum
424 706 494 780 Dei,
527 705 598 764 hinc
628 725 736 764 omnes
764 704 923 764 ecclesiae.
967 700 1032 761 lieo
1063 708 1111 762 ast

200 781 283 844 llius
307 796 370 846 tam
391 788 552 867 impudens
575 790 675 863 frons,
702 790 753 866 qui
775 789 874 866 possit
897 804 1010 864 negare
1031 784 1110 844 hauc

200 885 262 926 esse
286 889 358 929 vere
380 879 506 931 matrem
530 871 728 953 ecclesiarum
746 871 892 947 omnium,
915 867 1042 940 fontem,
1065 885 1109 927 rs·

200 948 294 1009 licem
339 971 376 1012 ac
415 956 594 1031 oratricem,
635 955 726 1013 etiam
758 953 916 1013 Romanae
950 950 1110 1011 ecelesiae.

200 1031 304 1104 2Undc
327 1035 377 1096 lib.
401 1039 430 1100 9.
462 1039 564 1115 tripar.
599 1056 666 1115 cap.
697 1038 745 1097 14.
771 1035 909 1114 episcopi
945 1035 976 1092 in
1009 1033 1110 1092 couci·

201 1116 233 1174 io
259 1115 604 1199 Constantinopolitano
639 1119 818 1198 congregati
852 1114 1025 1196 significant
1053 1115 1110 1176 Da-

200 1218 281 1259 naso
305 1202 452 1281 episcopo
476 1202 615 1262 Romano
637 1204 716 1261 iuter
738 1212 856 1275 cetera,
891 1217 970 1278 quae
992 1196 1110 1258 ordina·

200 1288 262 1340 ant
285 1284 316 1341 in
339 1284 418 1344 hunc
440 1285 582 1345 modum:
607 1287 636 1343 ln
660 1292 755 1344 matre
769 1293 944 1342 cunctarum
968 1281 1110 1341 ecclcsia-

200 1383 259 1422 um
299 1365 522 1447 Hierosolymis
555 1369 722 1427 constituta
762 1366 1047 1426 reverendissimum
1082 1373 1113 1423 et

199 1446 261 1506 )eo
291 1450 452 1510 amabilem
475 1450 621 1530 Cyrillum
652 1448 837 1530 episcopum
865 1468 933 1508 esse
962 1445 1112 1527 significa·

199 1548 277 1604 nus,
315 1534 366 1611 qui
387 1534 566 1613 regulariter
596 1533 669 1593 olim
692 1551 711 1591 a
732 1531 970 1612 provincialibus
993 1528 1112 1589 ordina·

199 1632 242 1670 :us
271 1619 330 1674 etc.
374 1615 430 1674 Hic
459 1617 555 1676 claret
584 1623 711 1676 matrem
749 1616 884 1675 omnium
914 1612 1111 1672 ecclesiarum

199 1714 268 1754 unc
290 1695 424 1757 habitam
437 1697 757 1778 Hierosolymitanam‚
779 1705 811 1757 et
831 1696 994 1757 concilium
1018 1694 1112 1755 fuisse

199 1779 271 1837 citra
293 1779 424 1840 Romani
453 1780 606 1860 pontificis
630 1781 824 1842 autoritatem
847 1779 997 1851 habiturn,
1030 1777 1111 1858 quod

199 1869 277 1920 esset
300 1862 501 1942 haereticum,
539 1866 564 1922 si
592 1865 656 1924 iure
688 1863 791 1924 divino
815 1864 961 1922 niteretur
982 1861 1112 1923 Romani

199 1943 335 2024 episcopi
367 1945 530 2029 potestas]
578 1946 609 2006 Si
641 1967 714 2027 ergo
744 1945 822 2006 haec
850 1964 910 2004 non
940 1944 1034 2004 habet
1055 1944 1112 2024 pri-

199 2032 326 2101 matum,
350 2029 411 2090 imo
434 2031 486 2089 vix
508 2031 644 2110 quintum
669 2031 697 2090 ei
719 2028 883 2105 dederunt,
917 2039 1030 2107 quanto
1061 2028 1112 2085 mi·

199 2128 251 2168 uus
274 2109 415 2170 Romana
437 2111 538 2190 habet,
561 2132 639 2192 quac
664 2125 711 2173 est
733 2113 797 2171 eius
820 2110 989 2191 discipula?
1025 2109 1114 2170 Dicat

199 2191 343 2251 adversus
365 2193 443 2254 haec
465 2193 580 2274 aliquid
602 2196 652 2274 qui
675 2202 788 2275 potest.

278 2275 484 2356 Duodecima,
517 2278 680 2339 concilium
711 2277 877 2352 Moenum,
906 2286 939 2334 ut
971 2275 1111 2335 scribitur

199 2357 245 2417 tib.
274 2359 354 2433 10¹)
386 2378 411 2422 c.
435 2364 462 2424 6.
491 2360 560 2421 hist.
588 2361 767 2439 ecclesiast,
796 2361 902 2420 statuit
923 2359 1007 2420 artic.
1031 2360 1058 2421 6.
1083 2358 1112 2416 iu

199 2441 277 2499 lrunc
299 2443 441 2502 modum:
474 2442 514 2503 Et
542 2444 621 2523 apud
644 2442 881 2519 Alexandriam,
914 2441 962 2501 vel
985 2442 1015 2500 in
1039 2439 1113 2500 urlte

199 2522 305 2602 Roma,
329 2534 448 2585 vetusta
471 2526 662 2587 consuetudo
686 2534 832 2604 servetur,
855 2533 887 2585 ut
908 2525 956 2584 vel
981 2523 1032 2583 ille
1055 2523 1114 2584 Ae·

199 2609 297 2685 gypsi,
332 2607 381 2668 vel
410 2608 460 2667 hie
487 2609 725 2669 suburbanarum
749 2608 946 2670 ecclesiarum
970 2606 1114 2666 sollicitu-

199 2687 298 2748 dinem
329 2699 423 2770 gerat.
467 2691 647 2772 Responde:
681 2690 748 2752 Hoc
780 2692 941 2752 concilium
978 2690 1113 2749 omnium

198 2772 258 2832 lere
281 2776 477 2833 sacerrimum
502 2785 556 2835 est.
596 2775 635 2834 Et
656 2793 746 2848 ecce,
770 2794 831 2835 non
854 2774 948 2834 modo
970 2792 1031 2832 non
1055 2773 1115 2852 pri·

199 2864 310 2914 matum
339 2864 371 2915 et
399 2858 605 2917 monarchiam
628 2859 769 2918 Romano
799 2857 851 2917 dat
872 2856 1026 2936 pontiflci,
1060 2854 1114 2915 aed

198 2956 234 2996 ex
268 2946 390 2998 vetusta
418 2940 659 3018 consuetudine,
692 2960 754 3000 non
787 2941 853 3001 iure
885 2940 989 3000 divino
1013 2937 1116 2999 tribuit

199 3020 633 3084 sollicitudinemltalicarum
656 3033 687 3083 et
709 3023 950 3084 suburbanarum
973 3021 1115 3081 ecclesia·

198 3122 271 3163 rum.
295 3105 399 3183 Atque
409 3105 488 3165 haec
508 3108 538 3166 in
556 3107 768 3185 propositione
786 3126 855 3166 mea
878 3106 973 3186 tetigi,
992 3103 1114 3184 quando

198 3184 270 3263 dixi,
293 3188 377 3265 quod
400 3197 508 3248 contra
529 3189 723 3269 frigidissima
743 3189 873 3249 Decreta
896 3196 991 3248 staret
1005 3188 1115 3248 Decre-

198 3277 258 3328 tum
283 3270 373 3329 huius
395 3271 526 3334 concilii.

279 3353 312 3412 si
336 3373 412 3434 ergo
443 3373 509 3413 aum
531 3355 722 3430 haereticus,
742 3374 822 3434 age,
856 3354 966 3415 tollant
988 3355 1114 3433 primum

198 3435 256 3496 lroc
278 3437 460 3512 concilium,
494 3439 540 3497 cui
570 3459 618 3498 me
649 3439 717 3517 ipsa
745 3456 867 3516 quoque
889 3437 1020 3497 Decreta
1050 3445 1115 3496 tan·

198 3537 286 3598 quarn
307 3519 478 3600 Evangelio
501 3530 616 3601 cogunt
637 3519 779 3597 obedire,
809 3540 870 3579 non
892 3538 1018 3599 possum
1042 3518 1116 3579 duo

198 3603 252 3661 tus
274 3601 411 3662 dominis
432 3605 548 3663 servire
570 3604 738 3663 contrariis.

279 3685 409 3745 Decima
426 3685 571 3760 tertia²)‚
593 3686 674 3747 idam
698 3685 846 3745 Nicenom
870 3684 1034 3744 concilium
1057 3692 1116 3745 sta

225 3825 231 3829 .
249 3824 374 3830 .-.....-.
393 3825 612 3834 —.—---

237 3871 269 3932 ¹)
288 3873 322 3921 Ιιι
340 3871 383 3924 ed.
402 3873 481 3926 lem:
504 3876 545 3931 16.
586 3878 620 3945 2)
644 3879 675 3934 In
698 3879 769 3936 edit.
790 3880 907 3950 [arietet
923 3877 1015 3931 wtt'tt
1032 3872 1159 3925 oetam
