2709 4417
260 338 326 405 400
546 340 566 395 1.
585 340 689 395 concio
708 340 742 393 D.
763 340 796 394 Μ.
812 339 892 395 auu.

262 528 447 609 peooaverit,
470 526 619 589 habemus
640 528 825 589 advotatum
845 525 928 608 apud
939 527 1063 588 Patrem
1085 526 1180 587 issum

263 611 415 673 Christum
437 612 560 689 iustum,
590 620 622 671 et
641 612 709 691 ipse
731 618 778 671 est
799 610 978 691 propitiatio
1004 628 1062 690 pro
1083 628 1182 689 paaoa-

261 695 299 755 tis
322 694 446 770 nostris,
469 712 531 754 non
553 713 609 773 pro
625 695 737 754 nostris
752 702 854 753 autem
866 699 996 770 tantum,
1020 692 1182 754 sedetiam
1226 737 1227 744 κ

262 795 318 857 pro
354 777 447 836 totius
488 776 602 837 mundi.
645 776 739 837 Porro
768 775 829 836 hoo
851 782 949 836 totum
977 777 1011 836 in
1035 773 1182 855 baptismo

262 858 317 938 iit,
341 860 372 918 in
396 876 456 937 quo
481 859 618 919 Christus
641 859 731 920 nobis
758 859 909 937 donatur,
931 856 964 919 id
986 856 1184 938 quodiana

263 942 368 1022 quenti
390 950 477 1021 parte
500 943 659 1003 concionis
683 941 889 1004 tractabimus.

345 1023 539 1104 Undecimo,
568 1026 626 1085 nisi
648 1044 723 1105 ergo
748 1024 809 1085 hou
830 1024 939 1085 foedus
963 1043 1036 1085 oum
1056 1024 1122 1084 Deo
1144 1041 1183 1081 es·

263 1114 330 1184 set,
353 1115 384 1167 et
405 1107 488 1167 Deus
511 1109 630 1169 ratione
652 1107 742 1167 buius
764 1107 898 1167 foederis
921 1106 962 1167 ad
985 1113 1096 1166 nostra
1115 1123 1182 1185 peo-

263 1196 333 1251 oata
354 1191 548 1268 oonuiveret,
582 1190 697 1250 nntium
721 1197 782 1250 tam
815 1190 884 1250 ieve
913 1196 998 1250 esset
1020 1195 1182 1269 peecatum,

263 1272 346 1353 quod
369 1292 426 1334 nos
449 1292 510 1333 non
526 1272 757 1335 condemnaret.
790 1271 898 1349 Neque
909 1273 992 1333 enim
1006 1271 1100 1331 ullum
1122 1288 1182 1350 pao

263 1364 374 1433 satum,
397 1357 591 1433 quantumvis
614 1356 770 1437 exiguum,
791 1355 849 1415 Dei
870 1354 1018 1416 iudioiurn
1041 1355 1182 1414 sustinere

262 1441 375 1519 potest.
409 1437 479 1499 Non
501 1440 593 1519 igitur
614 1446 662 1499 est
683 1437 765 1498 aliud
794 1438 891 1499 maius
913 1445 946 1498 et
965 1438 1092 1497 suavius
1114 1435 1183 1495 sois·

262 1522 336 1583 tium
359 1522 390 1581 iu
412 1519 472 1582 hoo
496 1521 631 1599 mundo,
665 1540 757 1599 quam
780 1521 961 1600 baptismus.
999 1520 1059 1580 Per
1080 1518 1182 1598 baptis·

264 1623 345 1664 mum
367 1605 446 1664 enim
485 1611 515 1664 et
542 1604 670 1685 gratiam
701 1611 732 1663 et
756 1602 996 1664 miserioordiam
1032 1599 1183 1680 consequi·

264 1706 340 1765 mur,
362 1706 441 1767 quae
464 1693 592 1766 peeoata
613 1706 675 1746 non
693 1695 841 1747 accusant
861 1692 915 1746 aut
935 1684 1105 1761 damnant,
1136 1679 1182 1743 sed

263 1770 366 1850 potius
389 1789 502 1850 magno
525 1769 632 1830 labora
655 1779 685 1829 et
707 1788 762 1829 usu
785 1762 911 1829 eiioiunt
932 1786 970 1829 aa
989 1767 1150 1847 repeliunt.

346 1869 475 1929 Pulchre
492 1870 584 1950 igitur
605 1868 635 1933 S.
658 1869 847 1949 Augustinus
878 1868 1025 1948 scripsit,
1062 1871 1183 1947 paaoatu

263 1954 295 2012 in
319 1951 470 2031 baptismo
493 1952 673 2027 condonari,
696 1950 854 2030 nonquod
878 1950 983 2011 nuliae
1005 1950 1127 2029 peooati
1146 1966 1184 2007 re·

263 2035 377 2115 iiquiae
394 2036 562 2114 supersint,
596 2036 649 2095 sed
680 2033 763 2113 quod
787 2051 849 2094 uon
872 2034 1006 2113 amplius
1026 2034 1185 2112 imputetur

264 2124 435 2198 pensatum,
467 2136 496 2195 q.
518 2117 561 2177 d:
595 2117 727 2178 Peuoata
748 2116 871 2195 quidem
893 2117 924 2176 in
943 2122 1075 2176 mortem
1097 2131 1185 2191 usque

263 2202 295 2261 in
317 2208 423 2260 nostra
445 2220 537 2261 earne
556 2199 694 2276 haerent,
717 2219 751 2259 se
774 2205 982 2275 commovent,
1005 2216 1043 2258 ao
1065 2194 1186 2257 subinde

264 2283 407 2364 produnt,
430 2302 535 2342 verum
557 2301 625 2342 oum
649 2282 702 2341 illa
723 2280 798 2343 fiant
820 2281 908 2342 nobis
936 2282 1040 2341 invitis
1061 2298 1120 2339 neo
1139 2298 1186 2357 ap·

264 2364 475 2447 probantibus,
498 2366 558 2426 hoo
579 2365 722 2445 baptismi
745 2362 925 2426 beneficium
949 2370 1007 2441 est,
1029 2361 1114 2441 quod
1135 2380 1186 2421 nos

264 2469 326 2510 non
355 2448 582 2523 condemnant,
611 2468 670 2508 neo
698 2448 787 2509 nobis
817 2453 951 2523 nooent,
979 2445 1035 2507 sed
1065 2447 1097 2505 in
1128 2445 1186 2505 dies

264 2534 361 2612 magis
384 2551 420 2592 ao
442 2532 549 2611 magis,
572 2531 672 2591 donea
695 2531 876 2604 moriamur,
899 2528 1132 2602 mortificantur.

348 2648 423 2708 (ium
446 2648 538 2729 igitur
560 2648 673 2720 sentis,
709 2653 739 2707 te
769 2646 1021 2726 oonoupisoentia
1050 2653 1105 2706 aut
1126 2644 1187 2704 aliis

264 2732 345 2792 vitiis
368 2732 499 2809 tentari,
523 2750 585 2791 uon
607 2730 676 2790 ideo
700 2730 900 2791 exhorrescas
923 2747 982 2788 neo
1002 2726 1188 2808 desperabis,

264 2832 365 2894 neque
394 2814 505 2891 etiam,
540 2814 564 2873 si
593 2814 623 2872 in
653 2814 846 2873 manifestum
874 2810 999 2890 aliquod
1029 2816 1186 2891 peceatum

265 2896 444 2979 prolabaris,
469 2896 522 2957 sed
547 2896 690 2976 baptismi
706 2895 880 2969 recordare,
907 2901 999 2973 teque
1022 2912 1063 2955 eo
1086 2911 1189 2954 oouso·

266 2982 338 3043 iare.
360 2979 439 3039 Nam
456 2980 486 3039 in
511 2978 661 3059 baptismo
674 2978 758 3038 Deus
781 2998 815 3039 se
837 2977 891 3038 tibi
914 2976 1090 3051 obstrinxit,
1113 2973 1188 3054 quod

267 3072 297 3125 et
320 3071 371 3123 tua
394 3065 522 3143 peooata
543 3062 618 3121 velit
640 3061 846 3137 rnortiiioare,
881 3066 912 3119 et
945 3078 982 3118 ea
1004 3060 1191 3133 oondonare,

265 3147 291 3207 si
313 3146 406 3207 modo
429 3165 466 3205 ea
488 3152 623 3206 autnon
644 3143 808 3224 approbes,
830 3143 987 3203 autetiam
1009 3142 1044 3202 iu
1067 3144 1111 3203 eis
1134 3160 1190 3202 nou

265 3229 423 3311 perdures.

349 3346 389 3407 Et
412 3348 456 3407 sio
478 3364 601 3424 quoque
624 3344 824 3424 accipiendae
856 3350 927 3404 suut
954 3341 1060 3403 maiae
1081 3344 1190 3425 sagita

266 3433 383 3507 tiones,
410 3429 675 3508 oonaupisaentia,
709 3434 740 3488 et
760 3434 911 3507 peooata,
933 3444 1014 3505 quae
1037 3427 1190 3501 sentimus,

267 3533 329 3575 non
344 3522 376 3574 ut
398 3514 435 3572 iis
453 3512 491 3572 ad
504 3511 750 3591 desperationem
765 3510 933 3591 adigamur,
955 3507 1010 3568 sed
1026 3510 1189 3569 sentiamus

268 3617 307 3657 ea
328 3616 397 3657 esse
419 3615 475 3656 eeu
497 3600 698 3656 monumenta
719 3593 871 3672 quaedam
886 3591 1011 3668 divina,
1037 3611 1119 3671 quae
1141 3609 1189 3651 nos

268 3685 487 3741 commoneant
501 3676 653 3757 baptismi,
677 3676 748 3754 quid
771 3678 800 3736 in
825 3694 863 3737 eo
878 3674 1069 3753 voverimus,
1087 3690 1189 3753 nempe

184 3841 187 3846 Ι
266 3769 298 3827 ut
318 3764 501 3825 invocemus
523 3760 658 3822 divinam
679 3761 829 3840 gratiam,
866 3764 898 3819 et
921 3759 953 3818 in
974 3758 1105 3820 assiduo
1127 3755 1188 3820 beili

257 3870 317 3915 usu
351 3856 466 3913 eontra
502 3847 638 3932 pearata
665 3844 782 3922 simus,
816 3848 854 3899 ut
886 3842 979 3900 etiam
1012 3849 1186 3922 exoptamus
1222 3867 1228 3928 ,
