2709 4417
426 341 488 397 anis
501 341 608 412 lipsiae
627 340 772 411 disputatis
791 356 817 395 a.
838 340 909 394 xlx,
1050 333 1113 404 281

215 526 398 590 Sanctorum
411 529 526 590 meritis
537 547 596 590 noa
605 528 715 607 iurari,
736 533 850 587 certum
865 532 929 587 est:
951 543 1020 586 esse
1041 544 1093 586 au-

216 617 277 672 tem
308 611 482 672 messurum
513 611 768 694 indulgentiarum
791 629 882 671 nemo
904 609 962 669 nisi
984 607 1093 669 foedus

215 693 367 772 adulator,
390 701 624 777 extravagantes
646 693 815 773 averitate,
836 699 867 754 et
888 693 978 754 fictae
1001 710 1092 772 quae·

217 776 289 837 dam
315 778 466 839 ecclesiae
487 797 599 859 praxea
619 785 673 839 aut
693 796 765 837 usus
787 775 939 838 simulant

279 859 336 920 Hic
367 861 446 922 forte
476 870 602 942 propter
631 861 716 922 illam
749 860 981 921 declaratoriam
1004 855 1115 918 Leoni-

200 962 266 1003 nam
301 943 444 1005 addenda
474 952 546 1005 sunt
570 944 721 1025 quaedam
747 944 802 1018 iis,
829 961 907 1024 qnae
936 942 1061 1022 copiose
1082 939 1113 1000 in

200 1026 448 1087 Resolutionibus
471 1026 544 1088 dixi.
587 1028 704 1105 Primo,
727 1025 871 1107 quidquid
894 1027 934 1085 sit
954 1023 994 1084 de
1016 1029 1115 1084 extra·

200 1117 331 1190 vagante
342 1110 394 1170 illa
407 1117 439 1170 et
449 1108 660 1189 declaratoria,
682 1117 797 1171 certum
810 1115 858 1169 est
867 1109 898 1168 in
914 1127 1006 1168 manu
1018 1105 1115 1167 eccle-

200 1193 263 1252 siae
284 1201 338 1252 aut
358 1193 460 1272 Papae
481 1212 605 1273 prorsus
625 1211 781 1271 nonease,
803 1192 947 1252 articulos
969 1190 1041 1250 fidei
1056 1194 1117 1249 sta·

200 1283 295 1348 tuere,
317 1277 379 1336 imo
401 1294 460 1335 nec
478 1277 565 1357 leges
589 1294 707 1337 morum
725 1295 780 1336 seu
801 1276 953 1337 bonorum
975 1291 1113 1352 operum,

199 1357 282 1438 quod
305 1357 383 1418 haec
404 1361 507 1419 omnia
528 1360 558 1419 in
581 1361 676 1419 eacus
688 1360 783 1419 literis
805 1356 998 1419 sinttradita.
1039 1354 1114 1415 ldeo

199 1441 348 1519 reliquum
371 1448 427 1518 est,
450 1450 483 1502 ut
498 1443 694 1514 articulorum
717 1440 970 1502 declarandorum
985 1442 1116 1499 tantum·
1204 1446 1208 1455 ”

200 1514 293 1584 modo
316 1531 501 1604 potestatem
524 1525 652 1601 habeat,
686 1525 797 1585 deinde
824 1523 1015 1584 ceremonias
1037 1519 1117 1580 ordi·

200 1626 275 1666 nare
298 1606 338 1666 ad
361 1613 517 1668 externam
541 1610 674 1688 speciem
698 1608 848 1668 ecclesiae
869 1606 937 1683 Dei,
959 1622 1035 1684 quas
1054 1618 1118 1663 rur·

199 1708 264 1749 sum
290 1689 444 1768 destituat,
467 1691 492 1749 si
514 1692 637 1771 pietatis
658 1692 737 1751 ratio
759 1688 904 1770 postulet.

281 1772 402 1833 Deinde
422 1775 452 1832 in
475 1772 668 1833 declarandis
681 1772 752 1834 fidei
774 1771 910 1832 articulis
932 1775 1063 1849 oportet,
1084 1773 1118 1827 ut

199 1874 261 1916 non
287 1874 343 1916 eos
364 1855 524 1935 adhibeat,
553 1857 604 1935 qni
626 1856 767 1917 humanis
789 1852 1017 1930 traditionibus,
1048 1851 1118 1910 inri-

199 1939 255 1998 bus
280 1945 311 1998 ct
334 1938 529 2017 opinionibus
551 1944 622 1998 sunt
643 1939 787 2015 exerciti,
816 1938 845 1997 hi
874 1935 948 1996 nihil
971 1933 1044 1995 boni
1068 1932 1117 1992 de·

199 2019 370 2098 clarebunt,
393 2021 446 2081 sed
469 2021 634 2100 theologos
645 2022 806 2101 insigniter
827 2019 972 2099 eruditos,
994 2016 1117 2095 vitaque

201 2103 360 2182 probatos,
383 2109 416 2164 ut
437 2109 469 2164 et
487 2103 642 2164 Iohannes
662 2103 784 2165 Cerson
806 2108 926 2178 censet,
948 2118 1011 2160 non
1043 2099 1120 2158 sicut

199 2185 294 2246 hodie
317 2193 418 2247 errant
440 2185 561 2265 quidam
584 2185 733 2266 pontificii
756 2185 947 2261 adulatores,
976 2183 1027 2262 qui
1051 2182 1118 2241 sins

200 2268 315 2345 literis,
346 2270 412 2329 sine
440 2270 561 2329 ratione
595 2269 696 2329 bonae
725 2270 822 2345 vitae,
854 2266 1058 2348 pronunciant
1079 2263 1118 2324 de

201 2352 303 2431 capite
325 2370 398 2431 suo,
429 2351 514 2412 velut
535 2353 625 2428 certi,
658 2351 740 2430 quod
764 2351 892 2431 Spiritus
916 2353 1040 2409 sanctus
1062 2363 1118 2406 eos

201 2439 295 2514 regat.
330 2434 482 2510 Fatemur,
504 2433 666 2495 ecclesiam
684 2453 747 2494 uon
763 2434 862 2494 deseri
876 2432 982 2512 spiritu
996 2427 1118 2504 Christi,

202 2516 254 2577 sed
278 2517 411 2577 ecclesia
431 2516 474 2576 ibi
495 2535 558 2577 non
579 2516 758 2596 intelligitur
779 2516 821 2575 Pa
844 2534 863 2575 a
885 2520 916 2575 et
929 2510 1119 2589 cardinales,

201 2605 253 2659 aut
275 2600 372 2667 etiam
391 2599 572 2660 Concilium.
614 2598 688 2660 Ideo
711 2535 856 2678 ponenda
877 2603 924 2657 est
944 2597 1003 2656 ista
1024 2593 1119 2654 stulta

202 2681 313 2741 lidnoia
333 2682 503 2762 praesentis
515 2682 638 2761 spiritus
660 2683 869 2760 securitasque
885 2675 1119 2760 pronunciandi,

202 2771 323 2824 etcum
346 2766 454 2824 timore
477 2765 623 2824 consultis
645 2765 740 2825 sacris
762 2764 858 2824 literis
881 2782 929 2822 rea
951 2758 1096 2841 gerenda.

284 2846 427 2907 Secundo
450 2845 531 2923 dico,
553 2845 636 2928 quod
658 2849 768 2906 merita
780 2845 890 2906 Christi
912 2843 1118 2922 suntapiritus

201 2935 231 2990 et
253 2932 332 3005 vita,
362 2937 433 2989 sunt
453 2930 552 3009 gratia
574 2937 605 2989 et
626 2931 756 3005 veritas,
778 2936 811 2989 ut
831 2928 937 2989 Iohan.
959 2925 989 2985 l:
1012 2924 1120 2985 Gratia

201 3019 233 3072 et
252 3013 367 3073 veritas
391 3011 570 3092 pertesum
593 3011 745 3073 Christum
767 3011 849 3072 lacta
871 3017 927 3071 est.
970 3008 1046 3068 Cum
1069 3026 1120 3066 an·

201 3103 263 3155 tem
286 3095 318 3155 in
340 3094 452 3154 nullins
464 3094 596 3156 hominis
618 3101 772 3174 potestate
785 3095 833 3170 sit,
855 3094 985 3174 gratiam
997 3096 1029 3150 ot
1040 3089 1132 3153 veri.

199 3185 307 3251 tatem,
329 3178 466 3257 spiritum
489 3184 520 3237 et
540 3178 633 3236 vitam
656 3177 806 3253 tribuere,
827 3175 897 3237 ideo
920 3192 982 3235 non
1005 3172 1119 3252 poterit

202 3260 288 3341 Papa
309 3259 360 3320 vel
382 3259 515 3320 ecclesia
535 3261 644 3322 merita
664 3259 775 3319 Christi
797 3258 987 3338 dispensare,
1010 3254 1041 3314 id
1063 3260 1120 3328 est,

202 3344 332 3424 gratiam
356 3351 386 3402 et
408 3343 576 3403 veritatem.
615 3342 746 3403 lithanc
766 3342 947 3402 sententiam
968 3339 1013 3397 ita
1027 3344 1120 3396 teneo

202 3444 241 3485 aa
261 3423 391 3504 tenebo,
413 3425 534 3485 etiamsi
557 3425 686 3504 angelus
708 3424 747 3484 de
768 3424 868 3499 coelo,
890 3421 1001 3482 nedum
1025 3419 1118 3499 Papa,

204 3506 287 3568 aliud
322 3505 447 3585 dixerit3
479 3507 727 3587 quandoquidem
760 3514 790 3567 et
817 3507 960 3565 universa
989 3500 1122 3562 ecclesia

205 3609 374 3670 omnesque
401 3590 434 3649 in
458 3609 551 3660 unum
572 3591 725 3652 Doctores
753 3595 883 3670 negent,
913 3586 1041 3668 gratiam
1065 3583 1121 3644 Dei

206 3693 261 3752 per
284 3673 437 3734 hominem
460 3670 535 3733 dari.
771 3700 774 3713 =

265 3753 376 3828 Cuod
390 3757 419 3815 si
439 3754 573 3818 dixerim
593 3755 755 3839 applicare
775 3756 884 3818 tamen
892 3756 1003 3836 potest
1018 3750 1133 3809 manta

198 3832 313 3913 Ctnhtr',
336 3853 399 3913 quo
424 3837 526 3920 volat,
558 3841 768 3926 respondeo:
797 3839 917 3906 Merita
936 3834 1063 3900 cunm
1078 3834 1158 3891 aunt
