2709 4417
265 366 329 436 314
390 426 401 451 ,
503 368 596 425 seor.
614 369 642 426 n
661 382 745 441 csse
762 370 959 441 popm,

267 560 314 619 tot
334 575 371 618 cc
392 557 469 618 tanti
491 557 564 637 viri,
597 562 705 617 contra
726 562 789 616 tam
814 574 980 636 expressas
1003 554 1166 636 Scripturas,

267 647 329 702 tam
352 639 526 700 evidentem
549 638 826 717 experienticmll,
865 658 974 700 omnes
999 658 1072 700 oves
1091 639 1167 700 Petro

266 730 427 805 arrogant,
457 724 509 802 qui
532 730 632 783 temen
655 724 839 783 unanimiter
862 721 1005 783 confiteri
1028 727 1169 802 coguntur,

267 807 404 888 singulos
431 806 591 886 apostolos
619 807 650 864 in
679 825 749 865 suas
771 811 870 866 sortes
903 824 975 866 esse
998 805 1120 882 missos,
1147 812 1171 866 et

268 890 396 949 Paulum
419 887 458 949 de
481 888 569 948 coelo
591 889 621 947 in
643 889 851 968 apostolatum
873 890 1013 970 gentium
1033 894 1169 948 vocaturn.

266 972 301 1033 In
325 969 600 1050 quibus'omnibus,
622 970 779 1050 quomodo
792 972 915 1033 Petrum
928 971 1031 1032 edhuc
1051 972 1169 1032 omnium

266 1061 424 1136 pastorem
459 1072 599 1115 asserere
629 1055 799 1115 eudemus?
832 1055 884 1134 qui
917 1055 1036 1114 nullum
1064 1054 1170 1115 illomm

268 1139 365 1216 misit,
399 1138 577 1217 praesertim
600 1137 746 1216 Paulum,
782 1145 816 1198 ut
847 1136 886 1198 sd
915 1137 1019 1199 Galat.
1043 1139 1061 1200 Ι.
1083 1137 1170 1198 multis

266 1220 367 1282 verbis
389 1219 558 1282 contendit.
602 1219 680 1280 Sunt
699 1220 778 1281 hsec
799 1227 862 1281 tum
884 1226 1003 1301 aperta,
1027 1227 1062 1280 ut
1081 1221 1169 1280 confu-

267 1299 385 1364 tatione
407 1322 485 1382 opus
507 1303 730 1364 nonvideatur.
773 1305 830 1382 llli,
852 1305 1093 1384 inquithlarcua,
1113 1322 1168 1383 pro·

266 1387 338 1448 tecti
362 1385 617 1465 praedicaverunt
639 1387 763 1466 ubique.

351 1469 492 1548 Sequitur
515 1487 605 1548 ergo,
641 1469 732 1549 eut²)
757 1470 848 1530 Petro
881 1476 912 1531 et
934 1469 1104 1530 successori
1122 1488 1167 1529 suc

267 1570 330 1612 non
354 1571 423 1612 esse
449 1571 556 1611 omnes
570 1552 681 1613 Christi
705 1571 779 1613 oves
802 1554 1003 1613 commissas:
1025 1556 1078 1612 cut
1097 1570 1168 1628 oves,

268 1652 343 1713 quas
365 1654 427 1695 nou
451 1635 573 1708 Petrus,
596 1634 650 1694 sed
674 1635 785 1695 Paulus
809 1642 839 1696 et
861 1637 956 1696 ceteri
976 1633 1109 1716 apostoli
1127 1654 1166 1714 pc

267 1724 392 1796 verunt,
425 1716 464 1776 ud
487 1735 562 1777 oves
584 1718 697 1779 Christi
726 1738 788 1779 non
813 1720 975 1798 pertinere.
1021 1716 1089 1792 Quo
1109 1716 1167 1796 quid

267 1799 496 1880 blasphemius?
519 1801 601 1881 Ergo
616 1800 776 1879 Corinthii,
798 1801 939 1881 Galatae,
961 1801 1167 1881 Philippenses,

269 1889 300 1943 et
321 1883 401 1943 elice
423 1890 546 1963 gentes,
583 1885 654 1961 quie
675 1903 735 1945 nec
755 1892 918 1964 pascente,
950 1902 1010 1944 nec
1045 1889 1167 1964 pastores

266 1967 408 2026 mittente
429 1966 520 2027 Petro
543 1974 651 2046 pastae
673 1975 759 2044 sunt,
781 1987 856 2028 oves
878 1967 991 2029 Christi
1013 1966 1166 2048 intelligen-

265 2048 324 2110 dce
346 2069 409 2108 non
432 2060 511 2109 sunt.
555 2049 616 2110 Sed
639 2050 712 2128 quid
735 2068 839 2112 moror
860 2052 892 2110 in
913 2072 947 2112 re
969 2058 1032 2110 tem
1056 2049 1166 2128 operta?

349 2131 380 2192 si
404 2131 494 2192 dicis:
528 2132 569 2192 At
591 2133 719 2195 verbum
743 2133 854 2194 Christi
878 2134 917 2194 ad
940 2132 1041 2194 solum
1062 2133 1165 2192 Petrum

266 2214 359 2274 dicit:
378 2215 475 2275 Pasce
498 2234 574 2276 oves
588 2235 685 2292 mess,
707 2216 896 2295 respondeo:
918 2216 989 2277 Non
1013 2215 1097 2288 dixit,
1118 2232 1166 2274 on·

267 2314 322 2358 nes
345 2316 419 2358 oves
444 2316 542 2371 creas,
573 2299 710 2378 alioquin
733 2304 896 2379 peccasset
916 2299 1040 2376 Petrus,
1075 2299 1099 2357 si
1118 2316 1166 2357 non

265 2399 373 2441 omnes
386 2381 524 2460 pcvisaet
535 2382 628 2460 solus,
647 2383 713 2442 sine
728 2383 836 2442 ceteris
849 2382 1012 2462 apostolis.
1041 2382 1167 2441 Peccaret

266 2464 359 2524 etiam
387 2463 480 2524 hodie
502 2464 659 2524 Romanus
682 2466 838 2542 pontifex,
872 2465 956 2544 quod
984 2483 1047 2524 non
1077 2464 1167 2544 pascit,

267 2565 326 2607 nec
348 2553 488 2624 pastores
512 2548 602 2607 mittit
625 2547 662 2606 cd
685 2548 855 2629 anceset
875 2548 952 2609 eliss
978 2546 1134 2628 gentesi).

350 2629 429 2704 Quin
453 2629 535 2689 aliud
558 2629 675 2691 dicem:
709 2631 757 2690 Ex
784 2631 845 2690 isto
867 2631 964 2692 verbo
986 2630 1061 2691 nihil
1082 2634 1168 2709 potest

268 2713 339 2792 cogi
362 2712 463 2793 eliud,
504 2731 594 2792 quam
617 2719 650 2772 ut
669 2714 778 2773 Petrus
800 2719 942 2794 pasceret
976 2731 1068 2790 oves,
1105 2729 1168 2790 quas

267 2795 389 2855 fuerunt
411 2815 450 2855 ex
473 2795 545 2856 ovili
568 2795 772 2873 ludaeorum,
805 2802 837 2857 et
870 2797 915 2857 sic
947 2795 1024 2855 nihil
1050 2794 1089 2856 ad
1114 2813 1168 2855 eun

268 2879 417 2957 pertinet,
440 2897 499 2938 nec
522 2878 561 2938 ed
582 2878 755 2939 Romanum
777 2878 956 2959 pontificem
978 2885 1010 2940 et
1032 2895 1169 2939 snccessu-

267 2979 331 3020 rem
356 2962 438 3020 eius:
470 2968 607 3022 autnon
636 2962 674 3022 ed
697 2963 797 3023 solum
819 2982 889 3023 eum
910 2963 1053 3043 pertinet.
1095 2958 1169 3035 Quod

268 3061 309 3103 ex
333 3044 479 3123 apostolo
502 3044 599 3105 Paulo
622 3045 708 3105 Galo.
733 3048 762 3108 2.
784 3046 893 3125 probe,
915 3045 966 3106 ubi
989 3045 1110 3106 Petrum
1131 3061 1169 3102 vo·

270 3131 322 3185 cat
345 3128 521 3206 apostolum
546 3129 795 3204 circumcisionis,
818 3135 849 3190 et
870 3130 905 3189 se
916 3127 1092 3207 apostolum
1113 3145 1170 3207 gen-

266 3209 351 3268 tium.
395 3209 478 3289 Ergo
502 3211 527 3269 si
549 3212 615 3288 quis
626 3212 768 3289 pertinax
780 3216 872 3284 esset,
895 3210 1025 3270 nullavi
1048 3206 1167 3290 possit⁴l

268 3293 340 3372 cogi
362 3292 423 3352 hoc
445 3292 540 3352 verbo
561 3293 672 3353 Christi
695 3292 776 3354 aliud
798 3294 947 3374 intelligi,
972 3312 1063 3372 quam
1084 3299 1170 3371 pastu·

267 3393 335 3435 ram
359 3376 472 3452 ovium,
497 3393 576 3454 quse
598 3376 720 3435 fuerunt
741 3395 781 3437 ex
803 3378 1053 3437 circumcisione:
1076 3381 1134 3449 aut,
1152 3374 1170 3432 si

267 3458 447 3518 extenditur
469 3457 508 3518 ad
529 3459 704 3519 Romanum
726 3458 922 3541 pontificem,
954 3460 1015 3518 iem
1040 3477 1097 3518 nec
1116 3475 1169 3538 pro·

266 3539 364 3600 hiberi
384 3546 506 3620 potest,
529 3541 602 3619 quin
624 3540 663 3601 cd
685 3559 793 3603 omnes
815 3539 988 3623 pertineat'3
1010 3548 1041 3602 et
1063 3538 1170 3602 extendi

265 3624 332 3703 peri
353 3625 481 3703 negotio
505 3623 544 3683 cd
567 3643 675 3684 omnes
699 3631 800 3703 quest.

298 3816 331 3885 ¹)
354 3817 388 3872 In
409 3818 454 3875 ed.
477 3819 592 3890 priore:
615 3812 766 3868 euidentes
777 3799 980 3873 experientius.
993 3806 1032 3866 ‘tx
1045 3809 1140 3858 turus„
1150 3809 1196 3856 su,

243 3889 275 3962 3)
300 3891 401 3951 ibid:
418 3892 610 3968 provincius.
650 3884 687 3953 dh
706 3885 747 3937 ln
763 3878 814 3934 ed.
830 3875 911 3927 lenc.
925 3877 1041 3937 posset.
