2709 4417
444 367 462 404 a
477 350 600 407 Notariis
617 353 742 419 excepta
1013 340 1076 409 185

287 495 319 519 h

192 539 383 602 medicatores
405 538 690 601 condescendentes
718 540 857 599 timorem
886 535 1074 617 praedicant,

192 643 299 702 unquam
321 621 462 702 gradum,
481 642 542 702 quo
560 642 665 683 verum
688 623 822 683 iustitiae
843 638 980 683 amorem
1002 637 1074 682 con·

192 726 326 786 equamur.

460 883 502 945 M.
538 883 773 946 Lutherus.
873 878 876 891 ’

238 1037 304 1099 Non
329 1046 377 1098 est
409 1039 467 1098 iste
498 1037 608 1098 modus
631 1037 801 1117 Scripturas
830 1036 953 1098 ¹divinas
981 1035 1074 1096 felici·

192 1144 208 1181 u
223 1120 422 1202 intelligendi,
437 1120 486 1181 vel
502 1120 731 1201 interpretandi,
753 1121 778 1180 si
793 1141 832 1180 ex
846 1120 975 1180 diversis
998 1118 1075 1179 locis

192 1207 277 1264 iversa
298 1203 504 1283 decerpuntur
525 1203 627 1279 dicta,
649 1204 734 1264 nulla
755 1203 859 1264 habita
882 1204 1002 1263 ratione
1025 1200 1075 1261 vel

192 1288 395 1365 ensequentiae
424 1288 473 1348 vel
504 1287 690 1349 collationis.
737 1287 802 1347 lmo
825 1287 883 1346 iste
905 1292 952 1345 est
975 1303 1075 1344 canon

191 1370 275 1430 nandi
296 1370 525 1450 vulgatissimus
547 1371 578 1430 in
600 1371 696 1430 sacris
718 1369 824 1431 literis.
847 1367 981 1448 Oportet
1001 1386 1075 1446 ergo

191 1454 351 1532 eclogam,
387 1455 413 1513 si
436 1453 515 1515 nolit
535 1472 652 1530 errare,
685 1453 858 1513 universam
888 1451 1076 1530 Scripturem

191 1536 329 1596 boculos
351 1555 490 1614 ponere,
512 1545 545 1595 et
564 1536 718 1609 contraria
740 1537 900 1595 contrariis
922 1534 1073 1607 conferre,

191 1620 292 1678 tsicut
320 1617 382 1677 duo
406 1618 568 1680 Cherubim
591 1618 728 1678 adversis
751 1617 884 1678 vultibus
918 1618 1078 1693 utriusque

191 1702 339 1761 iversitatis
362 1720 546 1761 consensum
577 1703 607 1761 in
641 1701 744 1761 medio
767 1701 970 1780 propitiatorii
991 1701 1077 1759 inve-

191 1786 243 1861 ire,
264 1784 401 1861 alioquin
423 1783 585 1844 cuiuslibet
607 1784 769 1844 Cherubim
792 1784 893 1845 vultus
916 1784 1010 1862 louge
1034 1780 1076 1839 di·

191 1874 255 1926 ertet
274 1885 439 1944 sequacem
453 1867 573 1926 oculum
598 1888 618 1927 a
632 1868 856 1947 propitiatorio,
878 1865 908 1926 id
921 1874 977 1940 est
1001 1883 1077 1924 vera

191 1949 266 2008 tristi
287 1949 500 2029 intelligentia.

241 2031 371 2092 Proinde
393 2051 547 2110 nunquam
571 2032 645 2092 mihi
668 2033 811 2111 egregius
823 2031 861 2093 D.
873 2031 910 2091 D.
929 2030 1079 2090 remotior

191 2115 239 2173 isus
260 2121 342 2174 esta
364 2115 457 2174 sacris
479 2115 584 2189 literis,
606 2135 697 2193 quam
710 2114 813 2188 hodie,
836 2122 928 2191 atque
950 2132 988 2173 eo
1013 2131 1075 2172 ma·

190 2198 217 2273 is,
239 2197 319 2275 quod
340 2195 554 2258 concludendo
577 2197 698 2273 fatetur,
720 2196 952 2257 laudabiliorem
967 2201 998 2255 et
1008 2214 1074 2274 per·

191 2280 312 2340 letiorem
341 2299 411 2340 ease
433 2281 676 2360 poenitentiam,
712 2281 739 2338 si
758 2279 797 2340 ab
815 2298 921 2340 amore
941 2278 1075 2338 iustitiae

191 2364 312 2441 ciperet,
336 2363 415 2423 sicut
436 2381 496 2441 ego
520 2364 618 2441 sapio,
641 2381 732 2440 quam
755 2363 931 2422 siatimore
953 2378 1074 2440 poenae

191 2447 318 2525 rciperet.
347 2443 443 2518 Quasi
464 2464 527 2503 non
550 2444 723 2505 conandum
747 2447 796 2520 sit,
815 2452 850 2504 ut
872 2442 1075 2520 laudabiliter,

191 2535 242 2587 :ut
262 2527 422 2588 lohannes
447 2526 482 2606 ¹⁸⁸)
507 2528 570 2599 ait,
599 2527 709 2607 dignos
732 2527 846 2587 fructus
868 2526 1077 2607 poenitentiae

191 2611 304 2688 gamus(
324 2610 402 2670 Nam
424 2609 486 2670 hoc
506 2628 630 2689 prorsus
652 2630 714 2670 non
738 2612 867 2690 accipio,
889 2607 970 2688 quod
994 2608 1076 2683 dicit,

191 2692 347 2773 igilitatem
378 2699 515 2752 nostram
537 2692 681 2766 obstare,
708 2694 870 2770 quominus
898 2692 937 2753 ab
969 2710 1075 2751 amore

190 2777 287 2834 stitiae
309 2775 529 2855 poenitentiam
552 2776 744 2854 incipiamus.
773 2775 804 2837 Si
826 2775 993 2835 secundum
1015 2773 1074 2833 fra·

191 2857 304 2918 litatem
327 2866 463 2917 nostram
487 2858 639 2938 agendum
662 2868 732 2935 est,
754 2865 785 2918 et
802 2857 958 2937 Scriptura
980 2874 1074 2935 expo·

190 2940 265 3017 inda,
289 2959 444 3018 nunquam
489 2940 707 3017 oenitebimus‚
731 2941 785 3001 sed
808 2940 847 3000 de
868 2941 918 3001 die
939 2941 970 3000 in
993 2938 1072 2999 diem

190 3025 277 3093 iores
299 3022 417 3084 fiemus.
460 2961 561 3098 guare
597 3033 761 3105 antequam
783 3023 987 3103 respondeam
1010 3022 1073 3082 suis

190 3107 294 3182 lectis,
316 3108 415 3185 primo
439 3105 563 3166 declaro
586 3108 766 3186 meipsum.

236 3187 346 3248 Omnis
369 3187 450 3248 bona
472 3190 534 3249 vita
554 3208 682 3250 necesse
704 3199 752 3249 est
773 3194 805 3249 ut
825 3190 997 3250 instituatur
1019 3206 1074 3266 per

190 3274 288 3349 iquam
312 3271 432 3351 legem,
464 3271 534 3331 ideo
558 3272 608 3332 lex
631 3274 811 3352 principium
845 3279 893 3331 est
915 3270 1071 3350 poeniten·

190 3373 218 3413 re
240 3352 404 3413 cuiuslibet
425 3353 497 3414 boni
522 3356 634 3434 operis.
665 3353 768 3428 Quare
789 3346 872 3416 etin
895 3355 1073 3433 poenitente

190 3445 228 3496 lte
249 3438 355 3496 omnia
377 3444 500 3515 oportet
521 3438 569 3497 vel
593 3438 721 3498 revelari
745 3438 793 3497 vel
816 3437 938 3517 suggeri
961 3436 1072 3514 legem,

190 3527 265 3580 lutra
287 3537 378 3597 quam
400 3518 524 3598 fecerit,
543 3528 574 3580 et
594 3521 762 3580 secundum
784 3539 874 3599 quam
898 3519 999 3578 lacere
1022 3516 1071 3576 de-

190 3611 216 3663 it.
239 3601 322 3681 Lege
343 3609 446 3661 autem
469 3603 662 3663 manifestate
682 3612 736 3664 aut
766 3604 797 3663 iu
826 3602 1004 3662 memoriam
1027 3621 1071 3660 re·
1133 3609 1135 3613 ‘

190 3689 269 3744 »cata
291 3703 362 3744 mox
383 3686 522 3763 sequitur
540 3694 738 3768 augmentum
760 3686 903 3770 peccati„
937 3685 964 3745 si
994 3683 1073 3744 desit

190 3843 359 3908 ῚΜοέΜ
