2709 4417
489 363 516 432 {a
532 354 654 418 llotanis
678 365 820 430 excepta«
1057 357 1119 427 133

279 551 354 628 Quia
375 572 410 613 se
430 551 592 615 fundatio
613 550 691 627 boc,
722 549 804 630 quod
826 550 1034 631 purgatorium
1056 569 1119 612 non

211 639 287 698 sitin
308 637 403 696 sacris
425 636 522 697 literis
541 653 730 715 expressum,
754 640 862 695 contra
883 632 964 712 quod
979 640 1028 694 est
1047 653 1119 695 oon·

210 721 260 781 oilii
278 719 446 780 Florentini
469 719 644 794 decretum,
678 716 760 797 quod
782 725 814 778 et
834 716 943 778 Graeci
966 717 1119 798 abnegato

209 821 296 864 errore
306 810 548 882 assumpserunt,
570 799 683 861 deinde
704 801 806 880 plures
828 800 890 860 loci
903 818 1009 860 sacrae
1022 799 1119 881 Scrip-

208 888 289 963 tume,
310 892 343 944 ut
363 884 440 945 illud
454 888 508 960 *):
531 884 740 944 Transivimus
752 903 818 964 per
829 902 939 962 aquam
963 889 994 942 et
1006 883 1119 963 ignem,

206 979 231 1030 et
252 968 421 1048 perduxisti
443 987 501 1027 nos
533 969 565 1026 in
586 967 799 1047 refrigerium,
830 966 915 1026 illud.
938 951 1057 1027 E'ccles.
1081 969 1119 1028 4:
1161 993 1165 1001 ·

206 1054 243 1112 De
263 1070 387 1111 carcere
417 1058 448 1110 et
475 1052 592 1111 catenis
623 1050 777 1130 egreditur
806 1049 845 1109 ad
867 1068 1012 1132 regnum,
1031 1050 1119 1112 .illud

204 1135 300 1196 llatth.
324 1139 359 1198 5:
382 1134 469 1194 Dixit
489 1133 646 1195 dominus:
683 1133 759 1194 Esto
782 1132 978 1192 consentiens
1000 1139 1057 1195 etc.
1080 1152 1120 1194 ne

203 1220 228 1279 in
243 1236 397 1278 carcerem
410 1218 548 1293 mittaris,
570 1217 669 1276 Amen
682 1216 752 1277 dico
767 1215 831 1294 tibi,
854 1235 916 1275 non
940 1215 1025 1275 exies
1038 1215 1120 1293 inde,

202 1301 293 1362 donec
327 1299 438 1361 reddas
477 1301 684 1360 novissimum
724 1298 934 1377 quadrantem.
978 1298 1036 1360 Ubi
1065 1318 1122 1379 per

203 1403 348 1444 carcerem
371 1382 517 1462 intelligit
536 1383 639 1443 locum
661 1382 846 1463 purgatorii,
876 1401 914 1442 ex
943 1399 1004 1460 quo
1025 1381 1119 1441 homo

202 1486 255 1528 uon
276 1466 444 1544 liberatur,
466 1466 524 1525 nisi
546 1465 639 1546 plene
662 1465 852 1543 satisfecerit,
875 1466 953 1524 siout
973 1465 1120 1543 interpre-

203 1557 274 1610 tatur
283 1550 319 1612 B.
329 1548 498 1628 Gregorius
519 1550 549 1608 in
572 1548 643 1609 loco
659 1546 868 1627 respondente
890 1566 982 1626 super
996 1547 1119 1608 Lucam.

201 1633 282 1694 Ratio
306 1640 410 1692 tamen
432 1630 584 1712 Gregorii,
607 1650 697 1710 quam
721 1631 883 1690 reassumit
903 1630 937 1690 B.
946 1630 1120 1697 Bernardus

203 1734 251 1777 scr.
273 1717 323 1780 66.
348 1714 598 1794 superOanticis,
622 1722 669 1773 est
690 1713 801 1792 valida,
824 1712 905 1792 quod
919 1712 1055 1773 Christus
1076 1714 1120 1773 in·

202 1806 265 1859 nuct
286 1799 392 1876 aliqua
413 1802 542 1876 peccata
563 1798 675 1856 remitti
697 1798 727 1855 in
751 1797 851 1855 tuturo
873 1797 988 1856 seculo.

274 1880 336 1942 sed
359 1881 569 1960 apertissimus
591 1886 694 1939 textus
727 1887 775 1938 est
803 1880 831 1940 1.
855 1878 991 1939 Corinth.
1019 1880 1052 1941 3:
1087 1879 1119 1939 Si

204 1965 277 2025 cuim
299 1982 378 2045 opus
393 1964 511 2039 arserit,
533 1961 747 2023 detrimentum
765 1963 906 2041 patietur,
928 1963 995 2040 ipse
1017 1966 1119 2022 autem

205 2048 295 2108 salvus
318 2048 385 2125 erit,
408 2047 454 2106 sio
475 2052 577 2105 tamen
600 2047 685 2123 qussi
709 2066 764 2124 per
784 2047 896 2124 ignem.
918 2044 960 2104 Et
980 2043 1045 2104 dies
1060 2045 1118 2104 Do·

205 2131 267 2190 mini
288 2129 467 2205 declarabit,
490 2129 562 2207 quia
582 2129 612 2187 iu
634 2130 706 2208 igue
728 2128 922 2189 revelabitur.
959 2126 998 2185 Et
1019 2128 1120 2187 unius·

207 2215 341 2292 cuiusque
365 2231 442 2292 opus
465 2211 555 2289 quale
577 2212 631 2285 sit,
653 2212 733 2290 ignis
757 2210 919 2290 probabit,
953 2217 984 2269 et
1013 2209 1053 2270 ibi
1081 2208 1120 2269 de

206 2296 318 2377 stipula,
341 2295 435 2355 foeno
460 2300 529 2371 etc,
552 2293 602 2354 ubi
626 2294 660 2353 B.
673 2293 856 2352 Ambrosius
876 2292 965 2370 dicit,
988 2293 1119 2372 Aposto-

205 2379 255 2438 lum
276 2397 426 2458 expresse
447 2377 581 2436 locutum
604 2376 643 2436 de
661 2377 848 2456 purgatorio.
885 2375 969 2434 Idem
991 2381 1120 2435 testatur

206 2461 297 2541 glossa
318 2461 544 2535 interlinearis,
567 2460 671 2540 glossa
693 2477 815 2538 quoque
838 2457 999 2518 ordinaria.
1045 2457 1119 2519 Gub-

205 2544 297 2607 scribit
320 2541 355 2617 ¹)
383 2543 416 2603 B.
438 2542 642 2622 Hieronymus
664 2541 715 2604 lib.
738 2544 765 2603 2.
789 2549 897 2602 contra
913 2540 1118 2617 Joviuiauum,

205 2627 229 2687 B.
249 2645 374 2707 quoque
394 2624 560 2705 Gregorius
584 2624 622 2684 de
642 2625 817 2703 purgatorio
840 2625 960 2703 accipit,
983 2623 1063 2702 quod
1088 2630 1119 2684 et

204 2710 229 2770 B.
248 2707 426 2771 Bernardus
453 2727 545 2787 super
566 2708 701 2767 Canticis
722 2706 803 2770 facit.
832 2707 872 2766 Et
894 2726 933 2766 ne
955 2708 1021 2786 quis
1046 2705 1119 2766 obii-

204 2794 255 2853 ciat
275 2793 351 2852 mihi
363 2791 568 2870 Augustinum
589 2792 619 2849 in
632 2790 764 2852 Eucher.
788 2809 854 2869 cap.
870 2794 931 2867 or,
955 2790 1005 2867 qui
1028 2798 1059 2848 et
1081 2789 1120 2849 de

202 2875 264 2956 igne
285 2875 460 2955 praesentis
477 2874 573 2933 seculi
595 2872 690 2932 verba
711 2872 765 2932 illa
785 2891 878 2952 posse
914 2871 1044 2952 intelligi
1068 2873 1119 2949 ait,

202 2957 276 3038 legat
296 2956 431 3018 eundem
453 2956 636 3035 completius
658 2955 782 3034 ibidem,
806 2962 837 3015 et
858 2958 1009 3034 quaest2
1032 2953 1070 3014 de
1090 2957 1119 3018 8.

202 3041 317 3101 Dulcitii
341 3040 504 3119 quaestio,
526 3046 557 3098 ct
578 3040 709 3117 reperiet
726 3038 929 3119 Augustinum
953 3037 1006 3097 illa
1028 3037 1121 3097 verba

202 3123 338 3204 apostoli,
361 3114 440 3182 sicut
461 3128 531 3181 sunt
554 3122 810 3198 manifestissima,
835 3121 975 3199 accipere
997 3136 1119 3199 quoque

204 3206 236 3267 dc
255 3205 444 3288 purgatorio.

276 3287 380 3363 Quare
400 3287 512 3347 nedum
534 3287 564 3346 in
590 3286 672 3346 libris
697 3286 951 3346 blachabaeorum
970 3285 1014 3364 ¹²),
1037 3285 1119 3364 quod

206 3373 297 3452 ub'quo
318 3371 473 3432 ecclesiae
494 3368 665 3448 sufficeret,
688 3369 742 3429 sed
764 3378 795 3428 et
816 3370 846 3428 in
869 3368 936 3428 aliis
959 3368 1120 3448 scripturis

208 3456 404 3536 purgatorium
432 3454 596 3527 asseritur,
625 3453 683 3513 nisi
711 3451 894 3532 Gregorius,
930 3450 1120 3527 Ambrosius,

211 3539 395 3619 Augustinus,
417 3535 633 3616 Hieronymus,
656 3533 827 3596 Bernardus
850 3536 911 3594 sint
931 3533 970 3594 de
991 3553 1119 3595 numero

220 3695 362 3702 ————
384 3693 468 3700 ..ψ-..-
496 3693 511 3698 ..
530 3693 541 3697 ..
561 3692 572 3697 .»

247 3746 251 3765 l

202 3831 208 3839 .
226 3790 255 3849 1)
272 3791 305 3838 In
322 3790 365 3840 ed.
378 3790 441 3844 Jen,
461 3796 491 3842 et
506 3792 580 3859 apud
595 3793 730 3853 soeret:
752 3797 934 3870 subscripsit.

218 3876 244 3942 ⁶)
257 3877 384 3935 Psatdb·
428 3881 523 3949 ”lt
542 3885 613 3946 Mac.
635 3891 681 3948 12.
