2709 4417
425 273 484 293 ΝΠ.
504 273 620 292 UHWUU
640 273 712 294 ΙΗΙΙΗ

508 314 590 375 Dicis
602 316 725 374 iterum:
748 313 884 374 Christus
899 315 1021 395 rogavit
1032 334 1088 394 pro
1098 313 1191 391 Petro
1214 333 1221 374 4

423 396 467 459 Ui
485 416 548 459 non
570 395 694 458 deficiet
713 396 790 457 fides
813 407 873 459 tua.
916 397 948 458 Si
970 397 1103 458 deiicere
1124 398 1221 477 uouipi

424 481 489 541 tino
512 489 617 560 tropo,
648 480 841 540 menifestum
864 487 925 558 est,
958 480 1039 540 Petri
1061 479 1155 540 fidem
1179 480 1221 538 de:

428 563 552 642 quando
580 563 692 622 eeuidit
724 572 837 641 negato
862 563 992 627 Christo.
1035 561 1139 636 Quare
1160 563 1221 622 Peu

429 654 492 707 tum
518 664 579 705 non
602 647 631 704 in
654 646 764 721 Petro,
786 646 840 705 sed
863 647 1033 726 iu.virgine
1054 647 1153 705 Meris
1174 665 1221 704 mu

428 731 458 789 in
480 729 599 789 latrone
621 728 731 788 dextro
765 741 831 788 orte
859 737 920 801 est,
952 728 1061 788 eedem
1085 729 1166 787 enirn
1198 747 1221 789 er

426 810 513 890 fides,
536 831 615 890 quae
638 811 783 884 omnium,
805 813 884 870 siout
902 813 1090 891 Augustinus
1114 811 1154 871 de
1168 811 1220 870 Tri

427 894 494 956 libr.
519 899 551 956 1:
574 893 659 953 Haeo
681 913 750 953 mes
769 892 845 954 fides
867 902 923 970 est,
946 895 1089 972 quonium
1103 894 1183 953 hese
1196 913 1221 953 α

430 975 507 1037 fides
529 985 585 1037 est.
628 976 730 1056 Atque
752 976 813 1037 hoe
827 977 920 1038 modo
935 975 1012 1036 fides
1025 977 1105 1036 Petri
1129 975 1205 1036 nihil

428 1078 549 1120 munem
573 1059 753 1135 ecelesiam,
779 1060 862 1138 quod
884 1079 991 1120 sensus
1014 1067 1074 1119 est:
1107 1058 1213 1121 Fidem

430 1140 528 1225 (quse
550 1143 643 1203 totius
665 1142 817 1203 eeclesiae
838 1141 909 1224 est),
931 1161 1010 1222 quse
1031 1149 1103 1202 iuno
1124 1143 1156 1201 in
1169 1143 1221 1202 Pei

429 1245 583 1305 uunquam
607 1225 801 1286 defecturum.

513 1309 544 1369 Si
567 1315 669 1368 eutem
691 1308 812 1369 Ebreeo
842 1315 931 1391 tropo
960 1307 1092 1367 deficere
1114 1307 1221 1386 eouipii

431 1391 520 1453 finire
542 1411 579 1452 se
599 1393 721 1471 penitus
746 1410 885 1469 cessere,
917 1410 975 1450 nee
1007 1391 1173 1468 aliquunde
1203 1411 1221 1448 u

430 1475 545 1538 elerum
568 1485 630 1549 est,
652 1474 733 1534 Petri
754 1473 846 1534 fidem
869 1474 1017 1534 cecidisse
1039 1472 1179 1552 quidem,
1208 1491 1221 1530 s

432 1557 599 1635 defecisse,
624 1558 696 1635 quie
717 1577 840 1618 reverse
863 1568 911 1618 est
932 1578 951 1618 u
972 1557 1077 1636 lapsu,
1098 1575 1205 1617 verum

431 1640 587 1720 personali
609 1639 671 1699 fide
694 1640 767 1700 nihil
790 1660 845 1721 pro
869 1640 931 1700 ullo
953 1641 1102 1719 episeopo
1123 1639 1221 1698 inferii

429 1723 544 1802 aliquid
566 1723 605 1783 sd
630 1741 839 1784 suceessorem
861 1724 993 1803 pertinet
1017 1720 1055 1782 de
1078 1723 1137 1781 hee
1157 1720 1219 1781 fide

430 1813 492 1867 tum
513 1806 675 1867 verborum
694 1809 866 1886 proprietas
887 1806 967 1867 iecit

727 1887 947 1950 Conclusio
969 1886 1049 1947 xm.

493 1970 665 2031 Romanam
694 1972 855 2033 ecelesiam
878 1989 948 2031 esse
970 1967 1111 2031 omnibus
1139 1969 1208 2029 eliis
