2709 4417
222 342 287 409 434
458 342 511 397 ¹llI.
530 339 637 396 concio
655 339 690 404 dc
708 341 887 394 mmmmm

309 531 411 610 Atque
438 529 489 589 hic
516 528 639 608 quiden
668 547 758 588 verns
790 528 980 587 sacramenti
999 534 1046 586 est
1063 548 1111 589 usu

225 623 257 676 ct
282 614 341 675 hac
369 614 489 673 rationo
516 612 726 673 conscientiae
747 628 810 670 non
832 611 1063 689 excruciantur,
1088 629 1111 672 ss

227 699 392 777 eriguntur,
414 703 446 755 et
468 694 712 756 consolationem
735 694 901 773 accipiunt
936 692 1045 772 Neque
1064 696 1108 754 eni

226 780 333 844 aDeo
355 780 524 839 institutum
546 783 841 855 estsacramentnm,
865 785 900 836 ut
915 795 976 837 ceu
998 796 1109 837 venenu

228 870 282 922 nut
303 880 377 922 crux
405 860 554 940 quaedam
584 867 683 939 esset,
710 878 791 938 quae
818 868 971 921 terrorem
1001 860 1111 920 mentihr

226 948 390 1021 incuteret,
420 962 499 1022 quae
530 943 634 1022 opinio
657 944 814 1022 superiore
835 943 948 1004 seculo
971 943 1111 1003 aDcct01

227 1029 283 1088 bus
312 1028 413 1106 impiis
435 1029 465 1085 in
489 1027 598 1106 vulgus
620 1045 741 1106 sparsa,
769 1027 887 1105 passim
910 1027 1013 1086 tenuit
1034 1044 1111 1086 omns

196 1177 199 1183 ,
227 1110 277 1172 Sic
306 1111 385 1169 enim
414 1108 597 1188 docncrunt,
626 1116 660 1168 ut
681 1127 738 1169 nos
759 1116 898 1169 nostram
921 1108 1070 1168 iustitiam
1089 1127 1111 1168 cs

227 1194 358 1253 hostiam
374 1192 441 1251 ilco
464 1191 652 1270 offerremus,
674 1192 787 1253 factum
809 1200 914 1251 autem
936 1191 1015 1251 inde
1035 1198 1093 1267 cst,

227 1296 266 1336 ea
291 1275 399 1351 verba,
431 1294 510 1353 quae
536 1274 627 1354 plena
657 1275 881 1335 consolationis
910 1281 944 1335 et
967 1276 1049 1334 vitae
1070 1294 1111 1333 sur

227 1359 336 1437 quibus
353 1359 563 1419 conscientiae
582 1359 738 1437 eriguntur
760 1365 791 1417 et
811 1355 1047 1436 confirmantur,
1067 1376 1111 1437 prs

227 1461 278 1500 sus
292 1449 470 1520 contempta
482 1450 514 1500 et
527 1443 634 1520 ignota
650 1442 806 1503 iacuerint.
839 1441 958 1501 Verum
983 1442 1031 1500 sic
1050 1441 1111 1519 poti

228 1523 390 1603 oportebat
418 1523 498 1599 fieri,
527 1531 560 1583 ut
587 1525 784 1598 sentiremus,
814 1525 846 1583 in
868 1523 932 1582 hcc
955 1541 1109 1582 sacramen

227 1606 301 1666 nihil
328 1625 411 1682 esse,
439 1624 530 1684 quam
553 1625 702 1666 summam
724 1607 871 1686 gratiam,
899 1605 1109 1667 consolatione

227 1699 258 1749 et
279 1690 370 1748 vitam
393 1696 559 1748 aeternam.

310 1772 593 1832 Pmcscntissimum
624 1780 726 1830 autem
756 1791 907 1831 vencnum
938 1773 977 1830 iia
1005 1778 1065 1847 cst,
1091 1790 1111 1850 q

228 1863 344 1914 temere
360 1854 390 1914 id
412 1857 589 1933 suscipiunt,
612 1856 663 1932 qui
684 1854 799 1913 nullam
820 1853 1043 1932 infirmitatem,
1062 1855 1111 1913 nul

229 1939 315 2016 vitia,
342 1937 455 1996 nullam
478 1945 635 2017 urgentem
660 1939 875 1997 necessitatem
899 1939 1052 2014 sentiunt,
1076 1957 1110 2016 pe

228 2019 298 2079 inde
313 2029 405 2098 atque
429 2021 453 2079 si
476 2022 536 2079 iam
558 2026 630 2080 ante
653 2020 721 2100 puri
742 2028 773 2079 et
793 2022 864 2080 iusti
889 2026 1005 2080 essent.
1034 2020 1110 2099 Requ

228 2105 266 2162 rit
293 2105 374 2163 enim
402 2103 463 2162 hoc
490 2110 712 2162 sacramentum
741 2104 898 2164 hominem
925 2111 1111 2183 agnoscente

229 2187 302 2246 vitia
318 2206 382 2264 sua,
405 2188 516 2265 quique
534 2186 646 2263 videat,
669 2204 760 2264 quam
783 2186 878 2266 longe
895 2206 915 2246 a
936 2206 1013 2246 vera
1031 2188 1111 2249 iustiti

227 2270 321 2347 absit,
345 2276 375 2328 et
397 2271 499 2348 cupiat
520 2277 621 2328 tamen
643 2268 810 2329 iustificari.
854 2269 958 2348 Caput
978 2271 1065 2350 igitur
1083 2292 1110 2332 cs

228 2353 342 2412 sentire
369 2358 545 2431 peccatum,
573 2353 711 2430 quamvis
738 2354 818 2412 enim
847 2360 1010 2432 peccatum
1037 2373 1111 2415 omns

228 2443 378 2514 quotquot
403 2437 532 2493 vivimus
554 2434 738 2513 habeamus,
770 2454 834 2496 non
857 2443 962 2496 tamen
985 2440 1110 2500 omncsi

228 2519 433 2598 agnoscimus.
855 2574 857 2579 .

310 2601 395 2660 Haec
416 2602 475 2660 iam
498 2599 666 2677 sufficiant,
689 2609 722 2661 ut
743 2602 836 2679 scias,
859 2603 1018 2680 quomodo
1039 2610 1067 2664 te
1085 2623 1111 2683 ps

226 2689 323 2749 ratum
346 2703 415 2743 esse
437 2684 611 2761 conveniat,
633 2703 701 2744 cum
725 2684 786 2744 hoc
807 2694 1032 2747 sacramentum
1053 2687 1111 2746 vole

227 2769 391 2847 suscipere,
415 2774 448 2825 ut
469 2766 586 2826 scilicet
610 2765 703 2828 fidem
726 2774 808 2827 tuam
830 2767 877 2827 liis
902 2769 1012 2847 verbis,
1034 2769 1111 2848 quibu

217 2851 286 2909 ‚hoc
300 2858 522 2909 sacramentum
540 2850 669 2909 instituit
683 2849 830 2928 Christus,
851 2870 999 2913 exerceas
1021 2859 1052 2912 et
1069 2871 1111 2913 cor

227 2931 343 3007 firmes,
377 2951 414 2992 ac
446 2934 560 2993 sentias
593 2952 666 2992 vere
700 2951 756 3013 pro
789 2939 819 2992 te
851 2934 995 2995 traditum
1031 2953 1111 3015 corpu

227 3014 353 3093 Christi,
383 3021 414 3074 et
442 3035 514 3075 vere
544 3035 600 3095 pro
630 3018 689 3075 tuis
719 3002 853 3095 pdccatis
881 3016 1011 3078 effusum
1032 3017 1109 3078 Chris

227 3100 422 3178 sanguinem,
451 3117 529 3177 quae
556 3099 651 3159 verba
677 3098 760 3158 clare
787 3100 970 3178 ostendunt,
1003 3102 1111 3180 quisnar

214 3191 316 3241 'verus
344 3183 528 3241 sacramenti
555 3183 594 3241 sit
620 3200 707 3260 usus,
737 3182 859 3261 etquid
882 3184 973 3244 nobis
996 3184 1111 3246 conicrn

226 3266 251 3323 si
272 3264 304 3324 id
324 3266 535 3344 suscipiamus.

308 3347 450 3427 Sequitur
465 3350 526 3408 iam
546 3349 686 3424 alterum,
708 3348 791 3427 quod
813 3368 853 3409 ex
874 3350 978 3428 priore
998 3350 1062 3428 illo,
1082 3366 1111 3410 ce

226 3451 265 3490 cx
288 3432 389 3508 fonte,
419 3440 538 3509 manat,
567 3431 740 3491 Ohristiana
761 3432 878 3492 scilicet
899 3435 1029 3511 caritas,
1058 3434 1111 3494 cuir

226 3532 348 3592 quoque
381 3534 522 3594 magnam
555 3515 700 3576 convenit
733 3534 802 3575 esse
829 3534 951 3595 curam,
984 3536 1054 3577 nam
1081 3516 1111 3576 lic

225 3597 308 3656 Deus
331 3616 350 3656 a
371 3597 459 3658 nobis
481 3599 591 3678 exigit,
621 3604 653 3657 ut
678 3598 810 3678 fructus,
840 3618 918 3678 quos
940 3619 1000 3660 nos
1022 3620 1061 3661 ex
1080 3599 1111 3661 hc

225 3688 417 3741 sacramento
440 3683 592 3760 capimus,
624 3700 680 3741 ceu
703 3681 806 3742 lumen
829 3682 986 3761 quoddam
1008 3684 1111 3743 lucccn

181 3844 183 3848 Α
222 3771 254 3827 ct
284 3771 317 3827 ut
344 3773 499 3850 appareat
526 3764 690 3841 omnious,
715 3783 776 3821 nos
807 3783 878 3820 cum
900 3765 1007 3838 atiquo
1034 3772 1111 3824 nostr

215 3852 322 3916 fructu
335 3854 403 3917 hoc
416 3856 621 3915 sacramento
637 3864 711 3906 esse
728 3860 820 3900 usos.
839 3841 878 3896 is
895 3847 1005 3933 antem
1021 3843 1111 3896 eatis
