2709 4417
262 348 328 427 436
500 347 548 405 111.
584 346 688 403 concio
706 347 741 400 ds
761 348 939 402 confossione

269 555 362 597 cerne
384 536 464 596 enim
486 536 630 613 vivimus,
668 553 747 612 quse
766 533 846 593 odeo
872 532 938 592 ulte
964 531 1085 592 radices
1107 535 1160 612 egit,
1210 581 1214 604 ,

202 625 209 638 '
268 625 385 680 utnon
408 618 561 698 possimus
589 616 642 677 illo
674 617 808 677 cecitatis
834 613 940 676 officis
965 613 1099 695 perfecte
1114 615 1163 676 red·
1211 612 1214 677 ]

269 702 350 764 dere.

348 783 450 862 Atque
472 801 541 843 eom
564 782 603 843 ob
624 801 747 842 cousom
771 780 911 842 Christus
933 780 998 842 hoc
1019 798 1167 842 sacremen-

270 874 331 928 tum
362 866 510 942 instituit,
542 871 582 939 ut,
609 869 693 925 esset
718 883 774 926 ceu
803 862 964 944 quoddam
1001 863 1168 940 exercitium,

270 949 351 1011 unde
377 956 550 1029 peteremus
574 967 626 1026 ea,
656 966 736 1027 quse
769 948 829 1027 ipsi
855 946 950 1008 nobis
979 946 1092 1007 deesse
1118 966 1169 1006 ser-

270 1035 370 1093 timus.
414 1031 490 1091 Cum
513 1033 592 1092 enim
615 1030 699 1090 illem
728 1031 811 1090 inte
838 1029 1055 1091 infirmitatem
1077 1028 1171 1106 videus,

271 1114 354 1195 quod
387 1133 503 1193 quaeso
536 1112 618 1174 sliud
647 1112 756 1173 offeres
789 1113 961 1173 remedium
993 1131 1086 1192 quem
1106 1111 1171 1172 hoc?

270 1197 405 1258 Necesse
428 1204 474 1256 est
496 1198 592 1273 euim,
628 1204 661 1256 ut
682 1199 761 1256 inter
782 1197 901 1275 reliqua
924 1195 965 1257 de
984 1195 1050 1257 hoc
1071 1213 1172 1274 quoque

272 1281 485 1359 conquereris,
523 1285 554 1339 et
575 1280 673 1339 dicus:
712 1279 801 1339 Bone
822 1279 958 1340 Domine
986 1279 1074 1356 lesu,
1105 1278 1172 1338 vides

271 1373 417 1442 quantum
440 1362 511 1422 mihi
534 1360 633 1422 adhuc
655 1362 744 1440 desit,
765 1369 796 1422 tu
819 1361 893 1422 mihi
916 1369 947 1422 to
960 1369 1063 1422 totum
1084 1359 1172 1438 dom,

270 1465 333 1507 uon
352 1464 479 1524 possum
502 1453 603 1505 eutem
627 1465 686 1526 ego
708 1444 789 1504 idem
809 1444 911 1505 fecere
941 1446 1089 1524 proximo
1108 1462 1173 1507 meo.

153 1559 157 1573 ν
187 1516 193 1533 ’
270 1528 332 1589 Fec
352 1529 452 1608 igitur,
474 1534 507 1587 ut
528 1535 559 1588 et
580 1547 639 1609 ego
655 1528 786 1588 similem
810 1546 883 1608 erge
898 1528 1078 1608 proximum
1099 1526 1173 1587 bene

271 1612 438 1672 volentiam
457 1617 614 1691 praestare
635 1613 760 1692 possim.
936 1627 939 1631 ’

354 1693 507 1772 Eisone,
539 1713 728 1773 quenquam,
762 1694 832 1753 dum
866 1695 898 1753 in
921 1693 982 1753 hec
1005 1711 1097 1752 cerne
1116 1693 1174 1751 vivi·

272 1796 354 1854 mus,
392 1795 545 1855 nunquam
569 1776 653 1836 illem
687 1777 906 1857 perfectionem
929 1794 1094 1856 possumus
1114 1793 1174 1856 qon-

272 1860 375 1939 sequi,
404 1865 507 1918 tomen
529 1879 567 1919 eo
590 1866 637 1919 est
658 1859 893 1937 connitendum,
927 1859 986 1918 etsi
1009 1858 1085 1919 nihii
1106 1857 1173 1918 eliud

273 1961 341 2003 cum
363 1942 479 2021 gemitu
501 1961 539 2003 eu
560 1943 745 2022 postulando
766 1962 785 2002 a
806 1943 872 2003 Dec
894 1941 1028 2003 facultas
1051 1948 1108 2019 est,
1132 1959 1172 2000 ne

272 2043 332 2104 que
347 2023 575 2104 desperandum
597 2032 646 2085 est
667 2024 707 2086 ob
729 2025 808 2084 hono
818 2024 1073 2106 imbecillitatem,
1094 2023 1171 2084 modo

272 2116 431 2168 remaneat
450 2109 480 2166 in
503 2106 592 2168 nobis
615 2109 640 2167 is
662 2107 806 2188 effectus,
842 2116 876 2168 ιιι
907 2115 940 2167 et
961 2108 1068 2168 doleat
1097 2106 1171 2166 uobis

272 2191 326 2251 ilie
348 2198 455 2250 nostro
476 2189 646 2269 infirmitas,
668 2198 699 2251 et
721 2192 879 2271 cupiemus
901 2210 971 2251 cem
989 2195 1131 2250 mutetem
1149 2197 1172 2248 et

273 2272 477 2333 emendatam.

355 2355 450 2416 Porro
472 2376 535 2416 non
557 2363 605 2416 est
624 2356 686 2417 hoc
706 2357 863 2416 minimum
885 2356 1022 2416 caritatis
1045 2354 1170 2432 officium,

274 2458 367 2520 posse
401 2439 511 2499 cedere
545 2439 584 2498 de
612 2459 668 2500 sue
689 2440 835 2519 opinione
857 2445 888 2498 et
908 2440 1063 2500 sententis
1082 2439 1169 2498 enimc

273 2528 434 2601 concepte.
477 2522 556 2583 Num
577 2522 739 2584 sublevare
760 2522 883 2582 ulterius
905 2522 1061 2602 inopiam,
1089 2529 1170 2581 exter·

273 2606 320 2665 nis
345 2603 452 2666 officiis
479 2607 507 2665 ei
529 2603 693 2683 inservire,
727 2612 832 2666 nostro
855 2603 962 2666 labore
982 2625 1052 2665 eum
1072 2606 1170 2681 iuvere,

273 2686 400 2765 dooere,
436 2688 509 2748 item
532 2707 587 2768 pro
611 2708 649 2749 co
673 2707 775 2765 orere,
812 2687 893 2747 houd
921 2689 964 2747 ite
985 2686 1108 2748 difficile
1126 2693 1171 2748 est

272 2769 349 2830 Sunt
380 2777 411 2830 et
438 2770 491 2830 illo
522 2771 639 2850 facilia,
675 2772 807 2831 invisere
832 2777 995 2851 aegrotos,
1033 2770 1172 2832 consolari

272 2854 478 2932 calamitosos,
500 2853 573 2914 dere
594 2854 694 2915 cibum
717 2852 929 2932 esurientibus,
952 2855 1092 2934 captivos
1111 2854 1171 2913 item

271 2935 410 2997 liberare.
452 2937 521 2997 Hoc
540 2937 635 3018 longe
656 2938 792 2997 omnium
814 2942 861 2997 est
883 2937 1066 3015 maximum,
1093 2954 1172 3017 posse

271 3019 381 3080 cedere
403 3018 442 3079 de
465 3040 521 3080 suo
542 3022 704 3100 opinione,
737 3029 768 3081 et
788 3020 866 3080 ferre
887 3020 1013 3081 alterius
1030 3019 1172 3080 infirmiter

271 3111 334 3162 tem
368 3099 466 3184 (sicut
487 3104 582 3163 Poeta
610 3122 733 3182 quoque
759 3104 815 3163 eit:
848 3103 964 3163 Aurum
999 3108 1032 3163 et
1059 3122 1131 3183 opes
1150 3107 1175 3161 st

272 3204 347 3246 vose
377 3185 519 3264 frequens
553 3185 681 3248 donavit
702 3188 835 3263 amicus,
871 3185 930 3260 Qui
952 3185 1027 3247 velit
1060 3185 1173 3266 ingenio

272 3268 382 3329 cedere
402 3268 502 3328 nullus
524 3269 608 3350 erit.)

354 3350 461 3430 Neque
484 3353 574 3412 etiem
598 3371 747 3432 unquam,
776 3351 847 3412 dum
869 3353 919 3412 hic
941 3352 1087 3431 vivimus,
1119 3370 1176 3430 per·

271 3433 351 3494 fecte
371 3434 402 3494 id
424 3436 607 3514 poterimus,
639 3435 775 3495 Christus
798 3436 878 3496 enim
900 3454 938 3495 ea
958 3436 990 3495 in
1012 3443 1101 3514 purte
1120 3452 1178 3514 per-¹

271 3515 367 3577 fectus
390 3517 460 3596 fuit,
495 3537 552 3580 nos
579 3537 734 3598 nunquam
763 3519 897 3598 perfecte
924 3517 1006 3578 idem
1028 3518 1175 3578 faciemus.

271 3599 327 3659 Est
349 3601 430 3659 enim
452 3599 588 3661 Christus
616 3620 673 3662 ceu
700 3601 765 3680 sol,
802 3603 833 3661 in
867 3619 927 3679 quo
949 3600 1069 3661 nulium
1097 3599 1178 3660 nobis

271 3682 432 3762 vestigium
454 3692 599 3764 apparet,
620 3684 659 3744 ad
681 3703 770 3763 quem
792 3703 849 3744 nos
872 3682 977 3743 colluti
999 3702 1108 3746 sumus
1128 3701 1177 3742 ceu

266 3785 403 3830 occense
437 3767 594 3849 quaedem
615 3767 742 3847 stipuiu.
780 3764 967 3836 ursmarum
983 3775 1093 3820 eutem
1103 3766 1186 3819 'ritem

257 3854 503 3940 perfectionem
534 3852 698 3927 cuntetis,
733 3861 817 3924 quse
841 3843 884 3898 ‘m
904 3839 1034 3895 dumeto
1060 3846 1132 3907 ⁹³&
1155 3853 1212 3888 eos
