2709 4417
459 346 488 397 et
504 342 684 399 Sacramenta
703 343 895 398 eucharistiae.
1081 340 1144 408 423

223 525 321 589 deret.
364 528 473 590 Merito
496 530 587 609 igitur
607 529 674 590 Deo
703 548 830 609 agarum
863 531 977 610 gratias
1006 531 1144 611 probos

223 608 387 681 beneficio,
409 611 491 691 quod
514 631 600 671 suum
624 612 749 673 verbum
772 631 827 672 ceu
851 612 953 673 lumen
976 632 1013 673 ac
1035 613 1142 675 ducem

223 693 482 754 conscientiarum
506 693 632 755 dederit.

306 775 358 837 Sic
380 796 453 857 ergo
476 778 515 836 de
542 777 706 837 auriculari
736 778 948 853 confessione,
981 797 1071 856 quam
1102 779 1142 838 di-

222 865 307 934 cunt,
331 861 487 919 sentimus.
532 858 712 938 Quanquam
745 859 784 918 ad
814 879 881 918 eam
913 880 1004 920 nemo
1033 863 1073 920 sit
1094 881 1142 921 co-

220 940 358 1018 gendus,
392 961 454 1001 non
492 951 592 1003 tamen
620 941 692 1002 ideo
721 944 945 1002 contemnenda
975 953 1037 1017 θεῖ,
1072 964 1141 1004 nam

223 1022 339 1083 multae
361 1031 432 1084 sunt
452 1026 605 1100 rationes,
628 1031 753 1104 propter
775 1045 854 1106 quas
877 1045 944 1085 eam
967 1025 1141 1104 probamus.

221 1104 280 1166 Ao‘
303 1107 481 1185 principalis
514 1106 636 1185 quidem
661 1127 699 1166 ea
720 1115 783 1183 est,
822 1107 904 1185 quod
938 1108 1062 1168 verbum
1085 1109 1141 1169 Dei

221 1187 306 1248 nullo
332 1187 423 1249 modo
447 1190 716 1267 contemnendum,
739 1189 792 1249 sed
816 1190 935 1250 ardenti
953 1192 1056 1249 animo
1079 1211 1139 1250 am·

220 1270 417 1348 plectendum
441 1279 497 1349 est,
520 1271 830 1351 ubicunquetandem
854 1282 885 1333 et
900 1275 1141 1351 quotiescunque

220 1351 295 1411 illud
326 1353 431 1413 audire
453 1356 626 1433 contigerit.
669 1355 733 1414 Iam
756 1364 856 1414 autem
887 1376 940 1433 per
964 1363 1061 1415 totum
1085 1367 1139 1416 ter-

218 1454 319 1494 rarum
356 1435 459 1497 orbem
497 1457 583 1496 suum
617 1438 741 1497 verbum
773 1438 854 1497 Deus
888 1437 1073 1516 divulgavit,
1110 1448 1139 1498 ut

219 1517 321 1577 nullus
355 1520 394 1578 sit
426 1521 576 1599 angulus,
614 1521 643 1579 in
680 1539 739 1598 quo
777 1539 837 1579 nori
867 1521 967 1598 possis
993 1520 1068 1578 illud
1096 1522 1138 1579 in·
1210 1597 1212 1601 ,

218 1619 333 1662 venire.

301 1683 396 1743 Porro
419 1684 544 1743 verbum
570 1685 625 1743 Dei
656 1692 686 1743 et
707 1685 899 1764 evangelium
916 1731 919 1735 .
934 1686 1057 1763 proprie
1079 1685 1139 1743 boc

218 1772 280 1841 est,
311 1766 393 1843 quod
415 1767 504 1827 nobis
526 1774 723 1846 peccatorum
745 1768 957 1827 remissionem
980 1767 1138 1845 promittit.

217 1846 264 1907 Ea
287 1849 367 1915 enim
402 1850 552 1928 evangelii
575 1869 695 1920 summa
723 1857 785 1925 eet,
821 1851 949 1908 remissa
980 1868 1048 1908 esse
1070 1868 1139 1926 pec·

218 1929 386 2007 camillis,
420 1932 470 2009 qui
494 1932 621 1991 credunt
648 1933 678 1990 in
703 1931 870 2004 Christum,
904 1951 1003 2010 neque
1035 1930 1138 1991 doceri

218 2013 415 2092 evangelium
439 2019 557 2092 potest,
580 2015 651 2091 quin
675 2014 765 2073 simul
786 2015 1023 2086 absolutionem,
1047 2032 1137 2091 quam

218 2103 342 2172 vocant,
365 2095 510 2156 sacerdos
534 2096 625 2156 dicat.

301 2177 353 2238 Sic
375 2178 427 2238 illa
440 2197 511 2254 vox,
534 2198 624 2256 quam
646 2180 676 2237 in
696 2178 783 2237 altari
798 2178 942 2236 sacerdos
967 2176 1048 2249 dicit
1073 2177 1137 2236 Pax

217 2259 324 2334 vobis,
346 2261 537 2340 evangelium
562 2270 593 2320 et
614 2261 768 2321 absolutio
792 2260 941 2337 quaedam
966 2268 1027 2332 est7
1051 2261 1137 2337 quasi

217 2343 348 2403 diceret:
380 2344 542 2403 Annunoio
571 2344 658 2402 vobis
681 2342 824 2402 divinitus
847 2362 953 2421 pacem
977 2351 1008 2400 el
1029 2343 1136 2400 remis·

216 2427 337 2485 sionem
360 2434 555 2505 peccatorum
580 2445 633 2503 per
646 2425 808 2486 Christum.
852 2424 901 2484 Sic
921 2424 1014 2484 verba
1027 2422 1136 2482 Christi

217 2510 248 2567 in
281 2527 382 2568 coena
411 2515 481 2568 sunt
514 2508 707 2587 evangelium
738 2517 769 2567 et
790 2508 956 2568 absolutio:
995 2505 1063 2565 Hoc
1091 2519 1138 2564 est

218 2608 330 2669 corpus
353 2610 464 2667 meum,
489 2590 570 2669 quod
593 2609 649 2668 pro
672 2588 760 2650 vobis
783 2589 918 2662 traditur,
941 2590 990 2648 hic
1012 2589 1136 2666 sanguis

218 2692 322 2751 meus,
369 2675 418 2751 qui
453 2693 507 2752 pro
548 2672 635 2732 vobis
666 2671 829 2732 effunditur
862 2674 891 2730 in
924 2671 1135 2730 remissionem

218 2763 416 2834 peccatorum
438 2762 494 2818 eta.
540 2754 570 2815 Si
596 2756 663 2831 quis
692 2774 765 2834 ergo
795 2754 865 2813 ideo
888 2753 1027 2813 confiteri
1050 2754 1136 2828 nolit,

218 2837 302 2917 quod
341 2838 468 2897 verbum
501 2840 530 2896 in
565 2847 757 2897 sacramento
791 2856 912 2916 quoque
945 2835 1074 2913 habeat,
1112 2836 1136 2894 is

218 2920 326 2981 eadem
364 2922 483 2981 ratione
521 2929 639 2980 sacras·
662 2939 786 2998 quoque
820 2920 985 2979 conciones
1024 2919 1136 2995 poterit

218 3003 385 3084 negligere.
429 3002 542 3062 Verum
568 3002 659 3062 debet
692 3002 883 3082 evangelium
917 3000 1041 3060 assiduo
1070 3019 1135 3078 per-

217 3105 330 3147 sonare
363 3093 483 3145 nostras
506 3104 610 3162 aures,
649 3091 681 3145 et
711 3105 767 3144 nos
801 3084 933 3143 vicissim
962 3081 1037 3141 illud
1068 3101 1134 3140 cum
1172 3082 1174 3084 ’

216 3187 339 3229 summo
361 3167 474 3248 gaudio
498 3169 640 3248 excipere
670 3167 832 3242 debemus,
867 3166 917 3225 ubi
946 3174 976 3225 et
1004 3165 1135 3241 quot-ies-

216 3269 339 3330 cunque
382 3250 414 3310 id
448 3249 554 3310 audire
589 3250 678 3327 licet,
723 3249 868 3310 debemus
904 3266 1025 3326 quoque
1069 3247 1134 3306 Deo

215 3335 332 3414 gratiae
354 3352 447 3413 agere
469 3352 524 3411 pro
548 3350 667 3392 summo
689 3332 743 3392 illo
757 3329 916 3407 beneficio,
941 3329 1022 3407 quod
1045 3330 1136 3388 liceat

217 3417 332 3494 ubique
355 3422 584 3476 sacrosanctum
607 3415 664 3475 Dei
686 3413 812 3474 verbum
835 3412 948 3472 audire.

299 3499 371 3560 Non
393 3499 484 3578 igitur
507 3496 733 3558 contemnenda
763 3496 915 3554 confessio
946 3495 999 3553 illa
1020 3495 1134 3552 auricu-

216 3581 289 3643 laris
310 3589 368 3660 est,
389 3587 514 3661 propter
536 3579 762 3640 absolutionem
785 3587 816 3637 et
834 3578 984 3656 evangelii
1000 3577 1134 3651 verbum,

217 3663 302 3743 quod
330 3684 369 3725 ex
393 3662 554 3723 sacerdote
576 3661 671 3722 audis.
714 3661 844 3720 Etcum
871 3659 1008 3720 confiteri
1039 3658 1135 3735 voles,

217 3735 280 3809 non
302 3752 365 3806 tam
389 3745 508 3806 curabis
531 3752 612 3806 tuam
636 3744 873 3822 confessionem,
895 3761 984 3822 quam
999 3741 1135 3818 verbum,

210 3827 297 3903 quod
315 3827 404 3888 audis
425 3848 445 3888 a
466 3827 645 3890 sacerdote.
