2709 4417
252 348 263 358 '
347 378 407 432 ants
427 377 534 448 lipsiae
552 376 699 448 disputatis
718 392 742 430 a
763 376 833 430 xix.
1010 366 1100 441 267⁴

189 569 318 624 >coetum
331 580 393 626 non
416 564 573 643 habemus,
597 582 655 627 nos
675 564 762 645 ipsos
775 563 962 639 seducimus,
983 580 1073 644 prop·

189 667 202 706 r
223 646 424 726 quodetiam,
447 647 670 727 quantumlibet
684 648 911 729 profecerimus,
932 664 1073 708 necessa·

189 750 232 789 rm
256 729 407 790 habemus
429 731 546 810 dicere,
579 731 705 791 Dimitte
730 730 818 793 uobis
836 731 939 793 debita
959 736 1074 807 nostre,

189 832 224 871 rm
249 815 311 872 iam
335 814 440 873 omnia
460 816 491 873 in
514 813 666 895 baptismo
690 813 788 891 dicta,
821 814 918 892 facte,
941 815 1075 895 cogitato

192 897 288 955 missu
310 905 389 956 suut.

239 979 326 1038 Haec
347 979 507 1039 clarissimi
520 979 617 1039 Patris
635 980 805 1041 clarissime
826 981 977 1042 sententia
996 996 1073 1040 non·

189 1082 195 1121 ε
213 1060 371 1139 praedicte
387 1063 491 1122 omnia
503 1062 673 1142 confirmat,
696 1062 778 1144 quod
792 1063 912 1124 defectu
935 1063 1069 1125 caritatis

191 1144 307 1222 liquam
327 1146 466 1204 nimirum
479 1147 761 1226 concupiscentiam
776 1164 899 1207 causam
913 1146 985 1207 iacit
1004 1164 1073 1225 pec-

189 1228 219 1286 rti
241 1229 274 1286 in
296 1227 435 1304 quotibet
457 1244 551 1307 opere
572 1227 665 1295 bono.

238 1309 276 1368 D.
300 1309 504 1390 Hieronymus
526 1311 578 1372 lib.
601 1314 630 1375 2.
654 1319 762 1373 contra
775 1311 970 1392 Pelagianos,
994 1313 1072 1372 trau-

189 1411 224 1450 ns
247 1392 324 1452 illud
346 1391 426 1453 Psal.
448 1391 503 1458 32:
526 1394 613 1471 Dixi,
648 1394 819 1455 confitebor
841 1393 1001 1455 adversum
1028 1412 1076 1452 me

189 1477 338 1535 iustitium
361 1494 470 1553 meam,
493 1482 523 1537 at
544 1482 577 1536 tu
593 1479 742 1547 remisisti
753 1478 940 1557 impietatem
957 1477 1076 1557 peccati

189 1559 225 1631 ei,
248 1576 306 1637 pro
328 1558 387 1618 bac
409 1559 508 1619 orabit
528 1559 566 1620 ad
589 1565 620 1621 te
633 1561 866 1621 omnissanctus
894 1561 1077 1639 intempore

189 1654 343 1718 sportuno.
365 1640 398 1701 Si
419 1650 543 1701 sauctus
564 1651 623 1711 est,
637 1645 744 1723 inquit,
766 1642 923 1722 quomodo
937 1653 1004 1702 oret
1019 1658 1075 1721 pro

189 1724 338 1802 rpietate?
360 1723 392 1784 Si
404 1726 592 1802 iniquitatem
604 1725 706 1800 habet,
729 1745 789 1806 qua
805 1725 925 1786 ratione
954 1729 1076 1784 sanctus

189 1805 354 1885 rpelletur?
380 1804 518 1867 Tandem
538 1808 667 1888 plurimu
692 1809 866 1890 Scripturas
892 1807 1077 1879 testimonie,

189 1890 338 1948 acsertim
352 1889 592 1968 Jobcdduccns,
610 1890 782 1952 concludit:
804 1890 953 1952 Ecceiob
971 1896 1078 1950 noster
1127 1940 1132 1952 „

189 1971 384 2047 imaculatus,
406 1979 437 2032 ct
453 1974 520 2033 sine
542 1974 682 2050 querele,
705 1981 736 2034 et
756 1973 917 2034 abstinens
929 1972 967 2034 eb
994 1970 1076 2034 omni

189 2053 257 2127 taio,
281 2055 364 2132 quali
385 2053 447 2115 fine
467 2056 600 2115 iustitiae
616 2062 789 2133 coronatur,
811 2063 844 2116 ut
870 2055 1078 2117 misericordia

189 2138 213 2195 ci
237 2135 387 2216 indigeat.

239 2218 326 2279 Idem
354 2219 404 2280 lib.
430 2223 467 2281 1:
498 2219 585 2279 Tunc
611 2222 683 2281 iusti
705 2240 827 2299 sumus,
864 2219 987 2300 quando
1020 2238 1076 2280 nos

189 2309 341 2362 memoras
362 2303 507 2378 fatemur,
536 2311 567 2363 et
588 2304 704 2364 iustitia
727 2311 833 2364 nostra
861 2323 923 2364 nou
947 2322 985 2362 ex
1009 2320 1075 2385 pro-

189 2384 241 2459 io,
263 2384 321 2445 sed
343 2404 383 2444 ex
406 2385 464 2445 Dei
486 2387 625 2447 consistit
647 2386 865 2448 misericordia.
899 2384 1001 2460 Quare
1024 2386 1076 2444 mi-

189 2469 292 2526 rantis
316 2473 363 2527 est
383 2475 413 2527 et
434 2469 622 2547 ignoscentis
644 2469 710 2547 Dei,
736 2468 953 2530 monumentis
977 2484 1078 2547 neque

189 2551 312 2609 umentis
336 2550 477 2610 bominis.

241 2632 381 2692 Ademus
402 2631 585 2713 Gregoriurn
608 2633 638 2694 in
661 2633 829 2695 Moraiibus
851 2635 960 2714 primo,
983 2648 1075 2712 super

192 2714 232 2774 ud
255 2713 327 2775 Job.
349 2719 384 2778 9:
422 2714 490 2774 Non
519 2715 729 2776 iustificabitur
762 2716 856 2777 homo
886 2713 1077 2795 compositus

189 2805 250 2876 eo,
266 2797 415 2876 Sanctus,
437 2798 552 2876 inquit,
574 2800 629 2877 vir,
650 2801 722 2878 quia
743 2818 835 2859 omne
858 2800 1007 2859 meritum
1020 2799 1077 2857 vir-

190 2881 231 2940 tis
258 2887 386 2941 nostroe
408 2881 511 2940 vitium
533 2899 602 2942 esse
634 2882 807 2961 conspicit,
837 2883 861 2941 si
890 2880 928 2942 ab
957 2882 1077 2942 interno

189 2962 284 3023 bitrio
306 2963 444 3024 districto
464 2963 623 3027 iudicetur.
646 2964 720 3024 Ideo
743 2971 826 3025 recte
847 2960 1020 3044 subiungit:
1044 2962 1075 3023 si

189 3047 293 3106 >luerit
314 3046 501 3106 contendere
523 3065 591 3107 cum
614 3065 668 3125 eo,
698 3066 758 3108 non
783 3048 895 3128 poterit
917 3066 1010 3107 unum
1033 3064 1077 3106 re·

189 3126 317 3189 tondere
340 3146 396 3208 pro
420 3129 511 3188 miile.

243 3211 388 3272 Secundo
410 3210 522 3272 ibidem
545 3229 636 3291 super
657 3210 747 3271 iliud:
785 3210 816 3270 si
839 3218 966 3292 repente
987 3215 1078 3270 inter-

189 3301 258 3374 »geb
284 3295 354 3374 quis
376 3294 575 3374 respondebit
596 3294 645 3354 eii
673 3293 763 3369 Quia,
784 3295 891 3374 inquit,
914 3295 938 3354 si
961 3302 1080 3354 remota

189 3378 280 3437 ietote
303 3377 480 3454 discutitur,
512 3378 542 3436 in
571 3388 609 3437 eo
638 3378 784 3437 examine·
809 3379 900 3437 etiem
930 3374 1077 3436 iustorum

189 3462 227 3518 ita
249 3459 431 3522 succumbit.
476 3513 481 3518 .

244 3542 349 3602 turtio
371 3541 482 3602 ibidem
506 3561 597 3622 super
611 3541 701 3602 iliud:
724 3540 754 3601 Si
769 3541 904 3602 habuero
924 3541 1078 3620 quippiam

189 3633 287 3702 stum,
312 3640 373 3685 non
397 3624 601 3703 respondebo,
623 3625 678 3684 sed
695 3640 796 3684 meum
821 3625 950 3684 iudicem
975 3623 1079 3704 depre-

189 3707 260 3766 rbor.
288 3708 328 3766 Ut
348 3708 430 3766 enim
454 3708 589 3787 (inquit)
616 3729 715 3791 saepe
732 3707 883 3770 dindimus:
902 3707 1012 3769 (imnis
1029 3707 1082 3766 bu·

189 3788 364 3845 maiustitia
384 3780 539 3852 iniustitia
551 3814 625 3858 esso
643 3795 859 3876 convincitur,
880 3788 1106 3863 obstruenti
1162 3788 1164 3803 '

189 3871 579 3896 Ἦ

189 3891 254 3950 >Iu
274 3891 450 3986 editionibus
472 3904 569 3976 σήμ
588 3904 741 3966 districtc.
