2709 4417
272 341 335 413 170
464 347 620 416 Disputatio
639 350 747 419 Lipsiae
768 351 862 409 urbita
881 368 906 409 c.
925 351 982 406 xix
1086 297 1096 320 ,Δ

269 542 471 616 congruenter
498 539 528 598 in
552 538 649 599 Deum
674 537 844 612 ordinatur,
874 537 1011 616 alioquin
1034 540 1169 618 praescio·

269 618 371 680 dendo
392 619 673 681 subordinationem
696 621 800 681 linium
824 622 1010 700 paucissima
1030 621 1080 682 vel
1101 622 1169 684 nulla

220 740 226 747 -
270 709 375 765 essent
396 703 479 770 bona
500 725 604 784 opera.
845 757 847 761 .

352 787 399 847 De
431 796 609 868 contemptu
645 786 922 868 indulgentiarum,
953 806 1010 868 per
1037 787 1172 858 Gonstm

270 869 368 929 tianae
388 871 552 932 concilium
574 870 799 951 improbatum,
830 871 905 931 dicit
925 869 1112 931 reverendus
1132 871 1171 931 Pc-

269 957 329 1030 tar,
364 953 488 1023 scillas
511 975 573 1016 non
596 955 835 1034 contempsisse,
867 954 966 1016 tneor
988 955 1136 1034 ingenue,
1153 959 1172 1015 si

270 1053 308 1096 eo
331 1054 453 1114 semper
474 1039 581 1100 fuisset
601 1057 676 1099 usus
698 1037 917 1114 moderamine,
941 1037 1022 1098 sicut
1042 1055 1077 1097 se
1098 1037 1171 1098 bodie
1209 1101 1211 1106 ,

269 1119 427 1197 exposuit,
457 1129 490 1182 et
516 1122 594 1184 forte
615 1122 681 1181 eius
702 1122 946 1200 interpretationi
968 1125 1019 1180 est
1048 1119 1171 1182 standum
1197 1139 1201 1151 ¹

270 1204 301 1260 ct
332 1201 363 1261 in
392 1207 592 1279 conscientia,
613 1205 680 1264 sine
706 1203 794 1279 foro,
828 1210 930 1264 tamen
953 1204 1084 1281 scriptus
1118 1204 1169 1262 eius

269 1282 376 1346 Sermo
399 1288 532 1368 vulgaris
554 1288 645 1349 aliam
668 1286 793 1347 exhibet
823 1286 1062 1368 intelligentiam
1087 1285 1167 1347 laicis.

269 1365 330 1428 Sed
353 1367 415 1427 boc
436 1370 510 1431 nihil
532 1370 572 1432 ad
589 1390 648 1431 me.
1215 1366 1216 1371 ¹

350 1449 397 1510 Ad
410 1452 582 1515 (demonem
603 1450 763 1531 respondit
784 1450 987 1522 admittendo,
1009 1456 1112 1511 tamen
1133 1471 1170 1511 ar·
1215 1513 1216 1517 ,

267 1531 395 1594 bitrctur
417 1535 589 1598 Gcrsonem
610 1535 684 1596 mibi
705 1534 877 1611 adversari,
907 1536 959 1614 qui
980 1528 1171 1614 indulgentias
1213 1602 1215 1609 ,

267 1621 341 1675 tunc
366 1619 455 1679 utiles
481 1626 621 1700 reputat,
652 1617 776 1698 quando
806 1617 884 1695 lida,
917 1637 974 1697 spe
1003 1623 1034 1677 ct
1056 1615 1170 1678 caritate

267 1701 490 1779 percipiuntur,
522 1702 605 1782 quod
632 1721 691 1782 ego
724 1701 800 1762 alias
827 1702 977 1765 tenuerim
1001 1698 1171 1781 porcelleti

267 1783 508 1846 satisfactionem
532 1787 564 1846 in
592 1792 722 1865 peccato
746 1783 878 1846 mortali.
922 1783 1000 1845 Dico
1034 1788 1068 1843 et
1086 1782 1171 1861 ipsum

268 1862 558 1930 Christianissimum
580 1867 806 1929 deucalionum
827 1866 888 1926 hoc
909 1873 1035 1942 tenere,
1056 1865 1173 1942 aliquem

268 1966 362 2027 posse
384 1951 562 2012 satisfacere
584 1950 623 2012 dc
646 1952 782 2011 iniuncta
801 1950 992 2028 poenitentia
1005 1950 1037 2009 in
1060 1955 1173 2028 pecmto

269 2032 400 2109 mortali,
423 2033 557 2114 alioquin
581 2033 861 2113 imprudentissime
872 2039 1001 2112 agerent
1023 2030 1174 2092 confessio·

268 2130 342 2178 num
364 2115 536 2191 auditores,
565 2117 724 2177 durantem
745 2114 933 2194 imponendo
958 2114 1174 2194 poenitentiam.

269 2195 330 2258 Sed
358 2217 399 2258 an
425 2201 576 2280 quispiam
608 2199 815 2279 indulgentias
843 2199 875 2257 in
902 2203 1034 2276 peccato
1070 2197 1176 2258 mortali

268 2288 484 2360 consequatur,
506 2283 582 2345 nihil
603 2281 642 2343 ad
663 2299 739 2358 rem,
762 2282 840 2342 ratio
857 2281 1042 2341 diversitatis
1066 2286 1113 2340 est
1132 2279 1174 2339 ob

269 2364 328 2439 via,
351 2367 496 2442 quoniam
517 2366 728 2445 indulgentiae
749 2383 812 2424 non
834 2353 937 2425 sdlent
966 2363 1106 2438 concedi,
1130 2362 1177 2422 nisi

162 2522 165 2527 1
270 2448 409 2507 contritis
431 2454 463 2510 et
484 2449 656 2523 confessis,
680 2446 750 2508 ideo
773 2450 836 2507 not
859 2448 978 2520 mirum,
1001 2446 1028 2506 si
1052 2451 1178 2525 peccato·
1201 2506 1206 2523 ,

269 2529 448 2591 racharum
472 2550 534 2591 non
558 2538 628 2592 sunt
639 2548 781 2610 capaces,
803 2530 875 2608 quia
895 2528 1108 2610 indulgentiae
1127 2534 1179 2588 tan·

268 2616 332 2673 tum
354 2613 467 2692 valant,
490 2622 636 2693 quantum
657 2607 778 2674 sonant]

155 2716 159 2723 ·
277 2719 284 2725 ·
352 2694 513 2759 Subiunxit
535 2695 720 2758 reverendus
741 2695 840 2771 Pater,
863 2694 1035 2754 orationem
1056 2692 1178 2754 Domini-

198 2812 204 2817 ·
271 2796 338 2840 carn
363 2778 433 2841 laici
455 2785 572 2841 tantum
593 2780 707 2857 valere,
728 2778 807 2838 siout
827 2776 920 2837 horas
942 2777 1109 2836 canonicas
1129 2775 1177 2834 cle·

271 2861 336 2937 rici,
360 2863 385 2922 si
406 2867 510 2925 cetera
531 2870 602 2924 sunt
622 2863 719 2942 paria,
740 2859 814 2921 illud
835 2878 898 2922 non
921 2857 1063 2920 admitto.

357 2944 402 3005 De
424 2947 458 3007 Β.
480 2946 631 3026 Gregorio
655 2945 737 3022 dicit,
759 2963 794 3003 se
814 2940 951 3003 nondum
972 2947 1127 3021 receptam
1148 2941 1181 2999 vi·

271 3025 354 3089 disse
375 3028 543 3090 historiam.
567 3028 609 3089 At
630 3035 693 3089 tam
715 3025 966 3087 constantissima
987 3024 1091 3102 lama,
1117 3025 1183 3084 siout

177 3115 180 3121 '
270 3110 305 3171 B.
313 3109 505 3192 Augustinus
528 3111 577 3173 lib.
598 3111 637 3193 de
659 3112 730 3172 trin.
751 3109 792 3169 de
804 3106 993 3169 Alexandria
1005 3108 1113 3186 inquit,
1133 3107 1183 3167 hoo

271 3212 387 3273 negare
406 3214 471 3259 non
492 3195 650 3275 permittit,
675 3198 769 3273 nogat
785 3197 887 3254 autem
899 3189 1109 3271 indulgentias
1125 3208 1182 3250 cess

272 3276 509 3356 satisfactorias,
543 3277 598 3338 scd
621 3276 720 3337 solum
744 3276 806 3335 sint
826 3274 1023 3335 remissiones
1046 3273 1182 3334 bonorum

274 3378 411 3438 operum.
457 3363 488 3420 ln
511 3361 572 3421 hoc
592 3359 686 3420 credo
709 3356 870 3438 principali
893 3375 952 3417 nos
973 3355 1144 3430 dissentire,
1161 3359 1185 3413 et

273 3460 416 3524 magnam
439 3450 566 3522 partem-
579 3442 809 3505 controversiae
829 3439 881 3501 hic
901 3437 1031 3500 madan.
1056 3438 1098 3500 At
1114 3439 1183 3518 prius

272 3527 397 3587 memini
418 3522 624 3606 indulgentias
647 3545 716 3587 esse
744 3542 805 3584 non
828 3521 1025 3583 remissiones
1046 3521 1183 3583 bonorum

156 3663 161 3674 .
274 3627 412 3687 operum,
433 3616 467 3670 ut
489 3609 586 3669 credit
608 3605 912 3675 reverendusPater,
935 3602 989 3664 sed
1000 3605 1183 3664 remissiones

263 3711 440 3773 poenarum
476 3694 614 3776 peccatis
646 3691 832 3754 debitarum.
880 3686 974 3747 ilndc
1003 3687 1099 3747 bomo
1125 3703 1184 3745 vere

255 3774 457 3849 Christianus
482 3778 649 3861 accipiens
674 3771 891 3851 indulgentias
909 3785 979 3825 non
995 3767 1142 3832 uincam
1158 3762 1206 3819 sat

237 3861 341 3946 plura
363 3865 447 3929 facit
471 3862 564 3931 bona
590 3882 715 3949 opera,
737 3873 837 3940 quam
860 3850 890 3909 si
907 3865 980 3907 non
995 3844 1217 3917 conseatis&
