2709 4417
262 314 326 415 18⁰2
467 347 625 416 Disputatio
643 346 754 417 lipsiae
772 347 871 403 habita
890 362 917 402 a.
935 346 999 400 xlx

605 472 612 499 Ι

266 544 410 615 atomum,
431 535 652 615 Hieronymum
675 542 707 596 et
725 535 820 614 alios,
842 534 903 597 sed
920 554 992 597 eum
1015 536 1059 597 ita
1077 555 1166 618 propo
1204 554 1208 591 ἰ

267 622 312 695 nit
340 618 443 681 nobis·
459 618 614 691 Christus,
657 618 741 697 quod
767 619 799 679 in
838 638 874 684 ss
902 638 1072 681 conversus
1097 621 1168 684 dixit:
1207 636 1221 674 Γ

268 686 421 780 Quantum
445 702 627 763 mercenarii
662 702 695 761 in
716 701 811 765 domo
834 702 934 782 patris
953 704 1014 763 mei
1037 703 1172 769 abundant

266 786 407 869 panibus,
430 804 489 867 ego
512 793 615 846 autem
637 785 688 845 hic
703 785 786 847 lame
802 788 911 865 pereo,
932 804 1067 866 surgam,
1088 794 1116 848 et
1132 788 1171 850 ibo
1209 831 1221 842 -

266 870 305 932 ad
329 877 448 949 patrem
469 888 590 942 meum,
613 875 644 929 et
667 867 768 928 dicam
789 869 851 929 illi:
879 869 983 945 Pater,
1014 873 1173 952 peomviin
1209 889 1221 929 u

268 954 390 1016 coelum
413 959 445 1012 et
465 970 569 1012 eoram
593 959 623 1012 te
645 958 704 1014 etc.
726 951 949 1017 HicDominus
966 951 1104 1015 Christus
1124 974 1175 1016 mo-
1202 973 1221 1030 r:-

266 1044 329 1097 tum
352 1035 539 1114 poenitentis
563 1033 760 1114 describens,
800 1037 933 1116 exponit
952 1037 1054 1115 primo
1076 1044 1173 1098 motin
1203 1050 1216 1101 'e

267 1121 477 1200 poenitentem
494 1119 701 1198 praemiorum
714 1120 937 1198 magnitudine,
959 1119 1080 1180 scilieet
1098 1120 1175 1182 abun·
1207 1141 1221 1178 .·:

267 1203 344 1263 dant
364 1200 505 1282 panibus,
527 1210 558 1262 et
580 1202 691 1261 timore
713 1219 852 1281 poenae,
882 1203 1020 1278 scilicet,
1041 1203 1091 1264 hio
1108 1204 1175 1266 fame
1204 1226 1221 1267 ÷r

268 1304 373 1367 pmcn,
396 1283 504 1363 quibus
516 1284 662 1364 gradibus
680 1293 816 1361 evectus,
838 1287 1069 1365 poenitentiam.
1086 1301 1174 1348 verani
1204 1311 1221 1351 ,r

265 1370 370 1448 coepit
392 1366 553 1444 meditari,
575 1368 704 1446 scilicet,
726 1374 759 1428 et
780 1368 898 1429 dicam:
928 1369 1033 1447 Pater,
1054 1373 1174 1448 peccavi.
1205 1394 1214 1433 a

265 1452 306 1512 dr
326 1451 387 1511 hoc
408 1450 539 1510 Basilius
561 1451 724 1530 explanat:
757 1450 833 1512 Tres
867 1459 938 1514 sunt
966 1453 1011 1513 ibi
1034 1455 1174 1533 poeniten·
1210 1479 1221 1514 ·.

264 1534 327 1596 tiae
349 1532 481 1613 gradus,
506 1534 656 1594 mercedis
679 1553 769 1613 spes,
792 1535 1013 1615 suppliciorum
1032 1537 1175 1614 timor‚el
1203 1560 1221 1607 ,Γ.

265 1617 411 1678 bonitatis
433 1622 580 1696 paternae
596 1618 718 1678 sincera
731 1616 867 1679 dilectio.
889 1617 931 1680 Et
946 1621 1001 1693 sic,
1026 1625 1173 1698 antequem
1204 1620 1221 1685 k

266 1699 321 1761 fiat
340 1700 456 1759 amicus
478 1701 545 1778 Dei,
568 1701 619 1779 qui
640 1701 760 1763 exstitit
780 1701 933 1778 inimicus,
957 1701 1173 1783 efficiturprius
1203 1708 1221 1767 's

267 1801 383 1846 savus.
1204 1792 1221 1847 l

344 1864 401 1930 Sic
422 1864 582 1933 iohannes
605 1866 721 1945 incepit
742 1885 762 1927 a
782 1866 910 1927 timore:
943 1866 1112 1947 Progenies
1135 1868 1173 1928 vel

266 1949 424 2028 genimina
459 1949 653 2028 viperarum,
698 1949 765 2027 quis
806 1951 992 2017 monstravit
1029 1950 1115 2011 vobis
1142 1950 1202 2010 fu.

287 2030 364 2091 ere?
388 2036 446 2090 etc.

266 2050 286 2110 g
349 2112 399 2173 Sic
421 2113 514 2173 etiam
535 2114 566 2172 in
591 2119 657 2173 toto
671 2120 772 2173 actum
796 2115 953 2174 estveteri
976 2115 1173 2194 instrumento,

267 2202 300 2257 ut
333 2191 442 2256 timore
464 2215 632 2275 poenarum
664 2195 703 2256 ad
734 2195 952 2258 mandatorum
982 2197 1172 2267 obedientiam

266 2279 407 2339 homiues
435 2279 649 2355 traherentur,
687 2283 720 2338 ut
751 2279 784 2337 in
818 2278 1005 2358 Legalibus,
1038 2279 1173 2360 Historiis,

268 2362 427 2442 Prophetis
455 2362 517 2422 hoc
538 2359 650 2440 ubique
672 2362 830 2440 reperitur.
874 2361 1015 2422 Sufficiat
1036 2363 1174 2423 adducere

266 2465 358 2504 unum
380 2445 499 2519 locum,
522 2444 600 2517 Psal.
625 2445 682 2508 89:
715 2443 753 2525 Si¹
769 2451 872 2505 autem
895 2444 1114 2524 dereliquerint
1133 2446 1173 2506 lilii

268 2524 331 2587 eius
354 2528 453 2607 legem
476 2547 596 2607 meam,
626 2533 657 2587 et
677 2528 708 2587 iu
730 2525 850 2588 iudiciis
872 2529 949 2588 meis
967 2548 1031 2589 non
1055 2528 1174 2589 ambula·

268 2611 380 2689 verint,
409 2613 434 2670 si
455 2611 586 2687 iustitias
608 2629 693 2671 meas
715 2610 964 2689 profanaverint,
993 2618 1026 2672 et
1046 2612 1175 2672 mandata

266 2713 336 2753 mea
358 2713 420 2753 non
444 2693 664 2771 custodierint,
703 2693 835 2754 visitabo
857 2695 889 2753 in
911 2695 998 2777 virga
1013 2695 1174 2775 iniquitates

267 2796 393 2854 eorum,
415 2778 499 2837 etin
520 2774 699 2837 verberibus
720 2781 851 2855 peccata
872 2795 1001 2855 eorum,
1024 2796 1094 2838 cum
1115 2797 1175 2839 eon-

267 2859 474 2943 cprdautibus.
519 2858 621 2933 Quare
661 2858 901 2938 praedicatores·
927 2879 1048 2921 sacram
1080 2863 1175 2922 imitati

267 2942 452 3023 Scripturam
475 2943 628 3002 haetenus
657 2941 774 3002 bonum
807 2941 980 3003 habuerunt
1002 2944 1128 3005 modum
1147 2944 1176 3004 de

266 3028 457 3107 poenitentia
480 3024 628 3106 paranda,
649 3024 853 3105 recogitando
876 3027 1061 3106 gravitatem
1082 3047 1175 3108 pecca

267 3116 377 3188 torum,
398 3110 515 3170 aeterni
539 3108 680 3188 supplicii
705 3116 763 3172 etc.

350 3192 479 3253 Accedit
500 3193 579 3252 ratio
606 3191 808 3271 Dionysiaca:
848 3189 928 3266 Quia
961 3193 1006 3252 sic
1027 3193 1111 3253 Deus
1136 3211 1175 3252 res

268 3274 478 3354 administrat,
508 3285 540 3335 ut
560 3276 623 3334 ima
645 3273 684 3333 ad
706 3273 866 3353 superiora
888 3293 942 3354 per
963 3275 1067 3336 media
1088 3275 1174 3336 ducat

163 3389 169 3401 ¹
267 3358 369 3433 Quare
391 3379 461 3418 cum
483 3364 629 3438 peccator
651 3357 690 3416 sit
712 3357 744 3416 in
759 3357 833 3435 imo,
856 3359 985 3435 quinon
1009 3365 1058 3420 cst
1078 3359 1186 3441 dignus.

266 3461 367 3521 pane,
388 3461 450 3521 quo
472 3443 622 3515 vescitur,
645 3439 755 3500 volens
777 3440 946 3515 ascendere
967 3442 1007 3501 ad
1030 3443 1174 3522 superiora

267 3526 395 3605 gratiae,
417 3525 478 3585 hoc
499 3524 592 3584 faciat
609 3542 665 3603 per
686 3522 820 3583 medium
842 3524 970 3586 timoris.

349 3608 433 3668 Beue
456 3614 538 3668 esset
557 3605 766 3687 perfeetionis,
788 3605 872 3684 quod
894 3607 1003 3686 aliquis
1025 3608 1172 3668 immersus

264 3690 329 3751 lulo
348 3692 474 3772 peccati
494 3696 604 3773 posset
625 3708 660 3750 se
689 3707 776 3748 mero
807 3687 918 3747 obtutu
935 3689 1108 3749 dilectionis
1127 3689 1182 3749 liei·

253 3782 287 3837 et
308 3797 420 3841 amore
441 3778 585 3840 iustitiae
607 3774 734 3853 erigere
753 3769 798 3830 ad
811 3770 947 3846 gratiam
966 3769 1198 3844 capessendam,

240 3862 305 3926 sed
328 3866 404 3949 quis
428 3864 563 3945 estiis
586 3853 852 3931 etiamnum
872 3847 967 3909 euml

981 4053 1007 4083 Ι
