2709 4417
427 361 695 434 parandussntmus
713 356 892 415 adnmortsm.
1063 344 1133 420 ’459

207 544 322 626 Atque
335 549 538 612 c-hs'ec···lldes
570 551 730 613 retinenda
761 550 887 612 firmiter
918 555 980 625 est,
998 549 1133 609 ‘etiamsi

215 649 327 692 omnes
349 634 466 714 angeli,
502 655 609 696 omnes
632 642 804 709 creaturae,
836 636 898 694 imo
932 634 1024 692 etiam
1050 632 1134 691 Deus

209 715 462 794 ipsardiverssm
486 718 625 778 videatur
647 719 770 794 sentire,
791 717 823 776 id
846 715 928 796 quod
942 716 1035 776 Satan
1057 715 1135 774 mira

205 804 284 859 aste
306 817 525 880 nonnunquam
549 800 657 878 efficit,
686 802 729 861 ita
752 802 832 860 enim
854 799 941 880 fingit
962 799 1080 875 omnia,
1101 802 1135 856 ut

213 887 307 958 putes
329 884 462 943 omnino·
477 884 567 943 aliam
585 885 643 944 Dei
666 903 735 944 esse
756 884 955 956 voluntatem,
977 882 1134 960 quamue

206 965 300 1023 dera-
314 971 367 1024 est.
394 965 501 1041 ¹Quod
528 967 700 1047 ergo-huie
725 967 806 1027 malo
824 966 1018 1026 inveniemus
1039 982 1134 1025 reme·

207 1044 299 1106 (lium
317 1048 446 1108 ndseri?
1119 1078 1122 1083 ·

283 1129 439 1209 *Deoimm
463 1151 546 1192 mors
558 1151 630 1193 'non
654 1140 702 1193 est
723 1132 792 1192 talis
806 1129 1008 1210 concipienda
1021 1131 1134 1207 animo,

214 1212 318 1290 qualis
339 1224 404 1273 aut
438 1216 506 1295 ipsa
537 1221 603 1293 est,
640 1222 693 1275 aut
720 1215 809 1275 nobis
838 1234 906 1274 esse
928 1212 1061 1287 videtur,
1083 1219 1136 1271 ant

215 1295 317 1373 qualis
346 1315 414 1356 esse
446 1305 590 1378 apparet,
625 1300 656 1358 in
678 1300 730 1374 iis,
765 1299 815 1376 qui
837 1298 875 1357 ab
898 1299 975 1357 irato
997 1295 1085 1372 Deo,
1116 1314 1136 1354 a

199 1381 429 1456 *morte-rimi,
451 1384 522 1442 sunt
544 1381 750 1441 condemnati.
794 1381 872 1440 Nam
896 1379 1034 1439 sitalem
1057 1396 1135 1438 mor·

215 1460 386 1520 tis²laoiem
410 1465 512 1524 animo
535 1463 684 1541 includas,
707 1463 887 1523 succumbes
910 1463 1037 1541 etipse.

291 1543 363 1604 ¹Sed
385 1546 430 1604 sio
453 1553 500 1606 est
520 1547 712 1624 faciendum,
736 1546 861 1620 oculos,
894 1565 948 1605 cor
970 1552 1001 1604 et
1022 1543 1135 1622 cogita

210 1627 320 1685 tiones
343 1634 410 1687 tues
432 1648 541 1689 omnes
562 1630 609 1690 ab
629 1631 684 1690 illa
706 1631 811 1689 mortis
833 1629 911 1688 facie
933 1633 1072 1702 avertes,
1105 1631 1137 1685 et

209 1708 312 1769 atolsm
326 1712 406 1770 eius·
423 1713 586 1793 imaginem
609 1713 749 1773 includes
767 1714 887 1786 animo,
916 1711 1014 1789 qualis
1037 1716 1084 1769 est
1104 1710 1135 1767 in

209 1793 347 1872 ·iis,·rqui
369 1795 399 1852 in
421 1795 555 1854 Domino
578 1795 824 1871 obdormierunt,
848 1801 878 1853 et
899 1795 1038 1852 vicerunt
1058 1809 1136 1850 mor·

207 1880 297 1950 -tsm,
313 1878 497 1959 praecipue
520 1884 621 1938 autem
644 1878 744 1957 qualis
766 1885 813 1936 est
835 1879 864 1936 in
889 1873 1028 1953 Christo,
1057 1882 1136 1953 post,

216 1956 317 2034 qualis
338 1959 370 2017 in
394 1958 515 2019 Sanctis
537 1980 661 2040 quoque
682 1962 778 2040 ipsius
801 1965 858 2020 est.

302 2039 615 2114 Quirtalemmortis·
629 2044 738 2103 faeiem
761 2045 864 2102 animo
887 2042 1073 2120 concipiunt,
1095 2043 1137 2100 vi-

215 2120 293 2180 dent
320 2140 388 2181 sam
402 2143 474 2184 non
497 2126 628 2206 amplius
649 2125 873 2187 formidabilem
902 2131 933 2184 et
953 2123 1137 2208 horrendam

217 2222 305 2282 esse,
322 2205 394 2265 =·sed
417 2214 626 2287 contemptam
655 2217 687 2268 et
713 2211 943 2287 interemptam,
965 2208 1137 2286 pervitam

220 2303 344 2365 quoque
359 2288 523 2350 devictam
552 2299 583 2351 et
600 2300 797 2371 superatam.
839 2292 872 2351 ln
904 2290 1025 2351 Christo
1056 2291 1136 2350 euim

219 2374 250 2428 et
269 2369 395 2430 Sanctis
416 2373 481 2432 eius
502 2375 566 2433 vita
588 2381 651 2450 est,
674 2393 774 2452 neque
796 2373 859 2433 ulla
881 2374 987 2432 mortis
1009 2374 1139 2454 vestigia

212 2486 217 2501 ‹
300 2460 379 2513 rent.

219 2470 426 2609 mpruanto
460 2537 551 2615 igilur
587 2538 678 2598 altius
711 2538 804 2597 talem
835 2540 942 2598 mortis
972 2539 1138 2618 imaginem

212 2618 551 2698 *animosimprssserim
573 2628 659 2680 tanto
681 2622 749 2699 ipsa
771 2639 852 2680 mors
876 2623 973 2700 magis
996 2620 1137 2681 obscura·

214 2698 307 2777 bitur,
332 2710 362 2760 et
381 2703 450 2761 sine
472 2701 535 2762 ullo
559 2703 665 2764 labore
688 2713 862 2764 evanescet.
896 2704 1040 2763 Pacatum
1063 2723 1136 2783 quo-

212 2800 285 2861 que.
298 2801 355 2842 cor
377 2784 449 2861 erit,
485 2793 517 2844 ut
544 2787 575 2844 in
597 2805 675 2866 pace
699 2805 768 2845 cum
791 2786 912 2846 Ohristo
933 2786 1063 2847 feliciter
1085 2785 1158 2847 ob-·

213 2863 367 2940 donrriat,
399 2869 483 2926 sicut.
503 2869 535 2927 in
557 2867 748 2949 Apocalypsi
775 2869 927 2929 scribitur:
961 2871 1063 2946 Beati,
1086 2871 1136 2949 qui

214 2949 246 3006 in
270 2948 405 3008 Domino
428 2949 495 3010 lesu
517 2952 694 3012 moriuntur.

285 3029 487 3091 marasmon
514 3032 603 3093 huius
616 3066 619 3073 ·
632 3036 675 3094 rei
701 3033 933 3114 elegantissima
960 3034 1058 3114 ligura
1077 3034 1137 3094 Nu·

208 3115 355 3175 mendi:
389 3114 431 3174 illi
454 3116 550 3193 enim,
582 3119 632 3195 qui
660 3136 680 3176 a
706 3117 905 3195 serpentibus
937 3118 1012 3176 laesi
1041 3125 1137 3194 erant,

215 3195 525 3276 nondepuguabant
544 3216 612 3259 oum
636 3198 843 3279 serpentibus,
872 3199 927 3259 sed
947 3199 992 3259 illi
1013 3218 1136 3258 aereum

211 3285 410 3357 serpentem,
440 3281 491 3358 qui
520 3281 595 3341 nihil
617 3288 739 3361 praeter
761 3284 895 3362 speciem
916 3283 1065 3362 serpentis
1087 3282 1138 3342 ha·

211 3359 320 3434 bebai,
341 3361 548 3440 intuebantur,
571 3371 603 3424 et
623 3365 984 3427 statim-restituebantur
1004 3365 1137 3426 sanitati.

215 3442 269 3502 Sic
289 3461 428 3522 quoque,
463 3446 489 3504 si
516 3447 547 3505 in
576 3447 688 3508 Christi
724 3455 851 3509 mortem
881 3447 997 3528 deligas
1028 3449 1136 3508 mentis

214 3525 347 3603 oeulos,
365 3528 457 3586 vitam
479 3531 649 3608 reperiesr
667 3530 721 3592 Sin
743 3539 845 3591 antem
868 3531 960 3591 aliam
982 3530 1135 3610 quandam

216 3610 325 3671 mortis
346 3611 525 3691 conceperis
546 3614 729 3694 imaginem,
762 3613 943 3674 succumbes
961 3622 992 3674 et
1012 3614 1136 3693 peribis.

215 3691 314 3753 Recte
342 3692 438 3772 igitur
465 3693 601 3756 Ohristas
615 3694 651 3778 l⁵)
684 3697 777 3758 dixit:
811 3697 845 3756 ln
872 3697 986 3757 mundo
1013 3696 1136 3777 quidem

221 3892 224 3896 ι
264 3856 490 3922 'ildraroere
