2709 4417
267 340 331 410 404
531 341 678 399 icones
708 344 738 418 b.
757 343 791 396 ll.
812 343 891 397 Lutlr„

269 546 340 588 nem
363 533 569 607 peccatorum.
596 526 791 587 Poenitentia
811 527 903 607 igitur
924 545 981 587 ceu
1004 532 1133 587 revocat
1151 542 1182 585 ac

269 617 399 671 renovat
419 609 563 690 baptismi
586 616 823 671 sacramentum.
957 606 962 612 ’

294 745 308 763 ,
352 691 482 753 Perinde
504 700 595 771 atque
623 694 650 752 si
672 694 717 752 sic
737 691 819 752 dicat
839 691 1004 772 sacerdos,
1034 699 1097 752 tum
1123 710 1183 750 cum

269 774 468 837 confitentem
497 775 631 836 absolvit
664 780 803 849 (utemur
832 776 913 834 enirn
952 775 1075 855 vulgari
1105 792 1184 834 vona

269 857 379 932 bulo):
401 857 494 935 Ecce,
516 857 706 918 condonavit
726 858 787 917 iam
810 857 865 918 tibi
886 857 971 917 Deus
996 859 1103 918 omnia
1123 874 1184 936 pec

269 947 349 1017 cata,
372 939 630 1019 quemadmodum
653 948 685 1001 et
705 941 736 1000 in
750 940 902 1019 baptismo
925 947 1023 1001 antea
1044 939 1185 1018 promisit,

270 1024 383 1083 etiam
407 1023 479 1083 mihi
503 1024 659 1083 mandavit
680 1024 790 1083 virtute
808 1023 951 1084 clavium.
996 1022 1050 1085 sin
1069 1040 1184 1083 revoca

271 1125 337 1165 mur
359 1106 398 1166 ad
421 1125 525 1165 verum
549 1106 694 1186 baptismi
714 1124 812 1165 usum.
848 1104 939 1180 Quod
971 1107 1000 1166 si
1033 1104 1185 1166 credideri-

271 1207 357 1270 mus,
393 1190 460 1249 sine
487 1186 580 1249 dubio
613 1197 811 1268 peccatorum
833 1190 1048 1250 remissionem
1071 1186 1185 1249 habebi-

271 1290 347 1348 mus,
369 1273 416 1330 sin
439 1272 547 1349 minus,
570 1271 792 1332 damnabimur.
814 1270 866 1330 Sic
876 1270 1019 1331 videmus
1039 1271 1187 1333 remissio·

270 1373 341 1414 nem
363 1373 401 1413 ac
423 1353 691 1415 mortificationem
713 1362 910 1433 peccatorum
946 1358 1006 1427 (ea
1027 1356 1111 1414 enim
1133 1353 1185 1413 duo

271 1443 416 1516 operatur
448 1435 637 1519 baptismus)
661 1436 828 1516 aliquando
858 1438 996 1516 peccatis
1032 1436 1186 1517 impediri,

270 1519 484 1580 incredulitate
505 1527 607 1581 autem
630 1538 756 1599 prorsus
768 1519 857 1580 reddi
877 1519 1029 1597 inutilem,
1050 1517 1187 1599 quemad·

272 1602 395 1663 modum
419 1620 541 1681 quoque
562 1602 631 1663 sola
652 1601 729 1662 fides
740 1603 944 1681 interceptum
956 1600 1108 1682 baptismi
1119 1619 1187 1682 opus
1230 1645 1231 1678 3

272 1693 396 1765 reparat
417 1703 455 1744 ac
475 1687 596 1764 repetit,
619 1685 699 1745 adeo
722 1686 827 1745 omnia
848 1704 887 1745 ex
908 1683 970 1744 fide
994 1684 1143 1763 pendent.

355 1767 397 1828 Ut
417 1775 518 1828 autem
541 1767 634 1847 paulo
656 1768 761 1827 rudius
782 1786 820 1828 ac
841 1768 976 1847 apertius
1005 1787 1072 1828 rem
1095 1766 1188 1847 expli-

274 1870 388 1927 cemus,
411 1850 493 1911 aliud
516 1858 563 1910 est
585 1858 713 1929 peccata
733 1851 899 1928 remittere,
922 1855 953 1910 et
974 1850 1060 1910 aliud
1085 1852 1189 1912 eiicere

274 1933 322 1994 vel
344 1932 529 1994 mortificare
551 1942 690 2014 peccata.
714 1933 804 1993 Fides
818 1940 1019 2013 pennatorum
1042 1934 1190 2006 remissio·
1230 1970 1231 1974 =

272 2036 343 2076 nem
364 2017 517 2095 impetrat,
532 2017 654 2075 etiamsi
674 2015 812 2076 nondum
826 2018 887 2077 sint
900 2014 1098 2077 mortificata.
1120 2016 1189 2076 llor-

272 2098 425 2159 tificantur
458 2106 560 2159 autem
583 2107 712 2179 peccata
744 2106 823 2175 turn,
860 2117 927 2158 cum
951 2100 997 2159 eis
1019 2100 1191 2174 obnitimur,

272 2183 346 2242 item
369 2200 438 2241 cum
461 2183 626 2261 morimur,
667 2188 732 2241 tum
769 2183 850 2241 enim
879 2200 1005 2260 prorsus
1034 2189 1190 2262 peccatum

272 2265 385 2342 interit,
407 2273 478 2323 sunt
498 2272 599 2324 autem
624 2263 715 2324 ambo
737 2262 880 2345 baptismi
904 2283 1010 2342 opera.

357 2347 407 2409 sie
428 2347 597 2427 Apostolus
619 2347 748 2407 Ebraeis
771 2350 819 2409 12.
851 2345 973 2424 scribit,
1006 2349 1060 2426 qui
1096 2354 1190 2407 tamen

273 2437 345 2492 aute
372 2430 516 2510 baptizati
543 2430 755 2490 remissionem
791 2435 991 2509 peccatorum
1019 2431 1085 2491 iarn
1113 2435 1193 2490 eraut

275 2514 442 2591 consecuti,
465 2522 499 2572 ut
519 2519 680 2592 peccatum
703 2514 853 2573 tenaciter
864 2515 898 2589 ³¹²)
912 2511 1083 2574 inhaerens
1104 2513 1192 2593 depo·

273 2602 358 2656 nant.
402 2595 479 2656 Tum
503 2597 583 2656 enim
605 2597 667 2655 vim
690 2614 776 2655 suam
798 2593 966 2675 baptismus
996 2596 1136 2673 obtinet,
1167 2600 1192 2653 et

274 2687 358 2753 certo
382 2680 454 2738 mihi
483 2680 612 2740 remissa
638 2684 710 2738 suut
730 2689 879 2758 peccata,
910 2697 981 2738 num
1012 2679 1112 2740 credo
1133 2679 1191 2739 Deo

275 2762 474 2841 promittenti,
498 2761 581 2839 quod
603 2762 681 2821 nolit
692 2762 765 2821 mihi
778 2768 907 2840 peccata
916 2762 1084 2841 imputare,
1096 2780 1191 2841 quan·

274 2845 319 2903 vis
342 2846 476 2904 maxima
499 2864 603 2904 eorum
627 2864 697 2923 pars
720 2844 821 2904 adhuc
852 2845 883 2903 in
912 2863 1007 2904 earne
1029 2850 1191 2906 remaneat

273 2927 359 2987 lllam
382 2933 484 2986 autem
507 2926 598 2986 fidem
621 2927 758 3006 sequitur
778 2933 976 3007 pennatorum
989 2927 1191 3003 mortificatio,

275 3008 410 3089 quantit
432 3030 486 3089 per
508 3029 627 3071 erucem
652 3016 684 3070 et
704 3029 761 3090 per
782 3016 920 3070 mortem.

294 3135 298 3141 ·
358 3092 459 3171 Atque
483 3094 532 3153 hio
554 3093 607 3152 ille
627 3091 701 3153 fldei
722 3093 865 3153 articulus
879 3099 935 3171 est,
958 3111 1055 3172 quem
1078 3093 1191 3175 prolite

275 3196 359 3235 mur:
385 3174 484 3236 Credo
507 3178 538 3235 iu
551 3176 695 3256 Spiritum
718 3183 867 3253 sanctum,
888 3177 1111 3238 remissionem
1133 3194 1191 3258 pec

274 3266 410 3319 catorum
434 3266 490 3322 etc.
534 3258 652 3318 Alludit
672 3260 753 3319 enim
776 3258 815 3319 ad
836 3257 1052 3339 baptismum,
1080 3262 1113 3321 in
1140 3278 1189 3340 quo

275 3344 468 3402 remittuntur
490 3349 627 3421 peccata,
650 3346 778 3422 propter
796 3340 906 3402 foedus
925 3342 1016 3420 illud,
1041 3344 1128 3424 quod
1148 3362 1189 3403 no·

275 3425 390 3497 biscum
413 3426 513 3485 iunxit
535 3425 627 3485 Deus.
659 3425 742 3485 Nihil
764 3444 839 3505 ergo
862 3424 902 3485 de
922 3427 1114 3490 remissione
1135 3444 1189 3508 pec

276 3516 412 3569 catorum
436 3507 650 3569 dubitabimus.

358 3593 454 3654 Sexto
482 3592 619 3670 decimo,
646 3593 707 3651 iarn
734 3593 826 3672 igitur
855 3592 916 3652 boc
947 3610 1081 3675 quoque
1108 3594 1187 3669 vides,
1229 3621 1232 3659 a

136 3845 144 3876 r
303 3861 335 3929 ⁸)
357 3858 399 3913 ¹11·
411 3858 457 3915 ed.
480 3858 560 3913 lene.
579 3852 732 3907 renaciter.
