2709 4417
431 360 464 414 de
482 314 663 415 Sacramcdto
682 361 822 429 baptismi.
1023 350 1087 423 103

189 562 217 605 ir.
263 544 302 604 Hi
325 562 363 609 co
385 508 489 624 usqua
504 544 757 626 progrediuntur,
786 551 873 605 utet
899 545 992 626 plana
1014 561 1086 607 oon-

189 634 303 687 imnant
324 636 354 688 et
376 628 535 708 negligant
556 627 756 707 baptismum,
785 627 912 706 perinde
938 635 1030 708 atqua
1059 631 1085 688 si

189 709 264 769 nllus
286 709 363 770 alius
381 711 524 790 baptismi
545 726 617 769 usas
639 717 731 786 esset,
753 729 844 790 quam
871 728 982 790 corpus
1003 729 1084 791 aqua

189 792 314 852 sriundi.
336 791 485 853 Nesciunt
497 794 588 869 enirn,
611 793 694 872 quod
717 792 830 853 debeat
843 794 989 854 essscius
1012 812 1084 854 naus

189 893 216 934 er
244 882 340 935 totam
374 877 467 936 vitam
488 877 519 936 in
543 882 673 936 mortem
694 893 807 955 usquc,
840 877 903 938 imo
925 876 1083 956 usquead

189 958 362 1017 >vissimum
385 977 509 1038 quoque
533 957 623 1037 diem,
646 961 725 1018 sicut
746 977 839 1039 supra
860 959 1033 1020 docuimus.

243 1039 373 1101 Solliciti
395 1043 487 1121 igitur
509 1040 591 1101 aliud
614 1049 779 1121 quaerunt,
808 1060 869 1121 quo
891 1060 947 1121 pro
974 1060 1083 1122 pccca-

189 1142 197 1181 ι
219 1124 424 1202 satisfaciant,
453 1143 547 1203 opera
569 1125 699 1203 scilicet,
736 1144 838 1185 vorum
862 1145 900 1185 ea
922 1143 972 1186 res
996 1126 1083 1184 mira-

191 1205 262 1265 liter
283 1209 486 1267 conscientias
511 1208 667 1267 excruciat
689 1226 727 1267 ac
749 1214 855 1286 terret,
878 1224 979 1286 neque
1002 1209 1082 1268 enirn

189 1306 294 1368 uquam
318 1298 401 1349 certa
425 1309 494 1349 esse
515 1296 620 1369 potest
641 1292 852 1369 conscientia,
881 1308 961 1369 quae
983 1292 1083 1370 operi-

189 1390 215 1430 rs
240 1373 362 1450 nititur,
393 1374 422 1431 in
448 1374 552 1432 mortis
575 1380 676 1433 autem
699 1373 836 1452 periculo
858 1375 950 1434 etiam
974 1373 1082 1458 despa

189 1461 224 1532 t,
262 1473 364 1534 neque
387 1456 489 1533 novit,
526 1474 605 1534 quae
627 1457 667 1515 sit
689 1457 746 1516 Dei
777 1475 849 1536 erga
872 1475 906 1516 se
928 1456 1080 1518 voluntas.

189 1554 209 1595 c
230 1538 314 1596 enim
347 1540 482 1597 sentiunt
508 1545 569 1598 turn
593 1538 733 1599 homines
765 1538 829 1616 illi,
863 1540 974 1599 frustra
1012 1558 1082 1599 csse

189 1621 361 1699 sptismum,
390 1639 491 1700 neque
520 1620 612 1680 ullum
638 1622 703 1681 eius
726 1622 856 1700 amplius
879 1628 1006 1701 propter
1027 1620 1086 1680 ad·

189 1703 255 1762 issa
275 1710 406 1781 peccata
429 1722 497 1763 csse
519 1721 616 1763 usum.

242 1785 357 1845 Verum
391 1787 452 1846 boc
481 1788 580 1865 ipsum
613 1804 732 1845 summe
766 1787 867 1845 caveri
905 1786 1080 1866 oportebat.

189 1885 207 1926 c
235 1869 318 1926 enim
346 1887 439 1946 supra
460 1870 646 1947 monuimus,
678 1877 711 1928 ut
744 1886 835 1946 quam
857 1869 987 1947 primum
1009 1870 1079 1946 quis

189 1957 320 2009 iocatum
343 1953 444 2028 sentit,
467 1953 567 2011 statim
591 1951 630 2011 ad
652 1950 848 2031 baptismum,
870 1969 927 2011 cen
949 1951 988 2010 ad
1010 1966 1079 2031 say-

189 2051 228 2110 m,
251 2040 391 2093 recurrat
412 2052 449 2094 ac
470 2034 636 2114 confugiat,
660 2042 691 2093 ct
711 2032 889 2094 recordetur
900 2033 994 2093 divini
1015 2033 1081 2092 foe·

189 2117 256 2193 tris,
280 2133 342 2193 quo
365 2135 398 2176 se
421 2116 583 2177 obstrinxit
603 2116 687 2176 Deus
709 2115 953 2176 condonaturum
976 2117 1081 2178 omnic

189 2210 296 2274 centa,
319 2199 344 2257 si
368 2199 459 2260 modo
483 2208 513 2259 tu
538 2218 607 2259 cum
629 2200 673 2259 cis
693 2199 871 2279 depugnare
892 2200 924 2258 in
949 2205 1081 2258 mortem

190 2299 254 2359 que
279 2280 366 2341 volis.

239 2380 274 2440 In
309 2381 389 2440 hanc
424 2381 659 2461 promissionem
695 2380 849 2461 deligendi
878 2387 948 2440 sunt
987 2380 1078 2460 oculi,

189 2463 226 2523 lic
249 2470 317 2522 tuto
341 2471 388 2522 est
414 2461 616 2528 innitendum.
661 2464 762 2542 Atque
790 2463 840 2523 hic
862 2483 951 2524 verus
975 2469 1022 2523 est
1043 2479 1081 2524 ac

190 2546 298 2625 oprius
320 2546 463 2625 baptismi
492 2564 579 2621 usus,
619 2553 650 2606 et
681 2546 741 2606 hoo
770 2545 862 2607 modo
894 2552 1021 2620 pacatur
1050 2552 1082 2606 ct

189 2626 357 2688 ¹nlirmatur
378 2647 440 2707 cor,
463 2647 523 2689 non
546 2628 649 2709 aliqua
671 2629 880 2690 satisfactione
902 2635 954 2688 aut
976 2629 1082 2708 aliquo*

189 2717 264 2771 istro
289 2730 399 2791 opere,
430 2711 483 2771 sed
506 2710 718 2774 misericordia
738 2712 818 2790 Dei,
841 2730 932 2790 quarn
954 2712 984 2770 in
1008 2709 1080 2791 bap-

189 2812 247 2854 imo
271 2794 355 2854 Deua
378 2795 525 2875 promisit.

238 2911 338 2972 Porro
361 2912 439 2972 adso
462 2918 641 2972 constanter
661 2910 823 2971 retinenda
843 2910 921 2971 haec
949 2909 1026 2972 fides
1048 2911 1080 2971 in

189 2995 261 3055 limo
287 2999 348 3072 est,
372 3002 419 3071 ut,
442 2995 563 3053 etiamsi
586 3012 693 3054 ornnes
716 3000 883 3071 creaturae,
906 2994 1005 3054 omnis
1026 3012 1080 3072 gc·

189 3078 238 3137 tris
261 3082 392 3156 peccata
413 3084 443 3136 te
472 3075 617 3157 obruant,
652 3082 683 3135 tu
707 3085 808 3136 tamen
835 3075 957 3136 firmiter
986 3077 1018 3135 in
1040 3095 1079 3135 sa

189 3177 296 3237 tersas,
318 3160 370 3238 qui
391 3159 471 3219 enirn
494 3157 532 3218 ab
554 3158 607 3218 illa
629 3157 690 3218 fide
712 3157 852 3237 discedit,
877 3159 973 3219 Deum
998 3177 1079 3219 men·

189 3260 267 3303 lcem
285 3261 353 3301 esse
375 3242 476 3318 sentit,
499 3260 600 3320 nequa
621 3249 796 3302 servantem
818 3240 971 3318 foederis,
994 3239 1077 3320 quod

211 3324 367 3405 baptismo
391 3324 550 3385 nobiscum
572 3324 681 3384 iunxit.

240 3443 356 3518 Quinto
379 3441 510 3518 decimo,
532 3440 624 3500 fldem
646 3447 750 3501 autem
765 3441 956 3520 potissimum
979 3444 1079 3498 tentat

209 3526 358 3586 sollicitat
378 3523 489 3599 Satan,
519 3542 610 3602 quam
639 3522 690 3583 ubi
712 3524 840 3601 evertit,
869 3529 932 3582 tum
963 3527 1081 3580 certam

189 3607 431 3668 balneariam
463 3607 495 3665 in
524 3605 672 3666 manibus.
705 3605 784 3665 Nam
815 3612 847 3666 et
867 3603 1077 3684 poenitentiae

188 3691 216 3750 le
237 3708 300 3769 qua
322 3708 413 3768 supra
435 3687 570 3770 egimus)
592 3707 649 3748 oen
662 3688 893 3748 fundamentum
909 3687 1077 3768 baptismus

189 3781 205 3833 t
246 3772 331 3831 solis
358 3773 439 3830 enim
460 3770 523 3830 illis
544 3773 748 3834 remittuntur
769 3778 922 3856 peccata,
947 3770 1004 3850 dxix
1020 3774 1098 3827 sunt

189 3852 301 3927 sazau,
331 3851 395 3912 boc
417 3859 480 3932 est,
510 3858 628 3935 quibus
658 3859 816 3942 promisit
832 3858 929 3921 neas
948 3850 1117 3916 remissio·

812 3942 889 4012 28*
