2709 4417
426 339 574 410 Quomodo
589 342 626 393 sit
645 337 791 394 orandum.
992 335 1064 403 ,445

233 527 309 587 ideo
344 533 447 588 numm
470 544 607 604 oramus,
644 526 728 606 quod
763 526 855 606 digne
884 545 972 587 orare
1002 545 1065 605 non

189 628 333 687 saumas,
361 617 392 669 et
411 608 482 669 ideo
505 609 589 689 digni
609 610 791 690 iudicamur,
820 610 871 689 qui
892 628 1014 671 oremus
1034 617 1075 677 et

189 688 368 773 audiamur,
396 691 478 770 quod
500 693 666 752 sentiamus
689 701 825 753 nostram
843 692 1065 773 indignitatem,

202 775 301 835 soiius
319 775 376 835 Dei
398 775 586 855 benignitate
609 781 639 835 et
660 774 721 836 fide
742 774 918 835 audeamus.
962 774 1065 849 Quan-

189 860 265 918 mvis
286 857 444 938 indignum
468 867 498 918 te
520 856 649 937 sentias,
683 860 733 937 qui
757 878 775 919 a
797 858 863 919 Deo
887 857 936 918 vel
961 864 1064 938 postn-

189 960 214 1001 e
248 940 363 1020 aliquid
398 940 448 1001 vel
480 941 620 1020 accipere
652 943 814 1019 merearis,
850 940 912 1003 hoc
943 943 1064 1003 unicum

189 1032 270 1085 ntum
294 1033 415 1104 specta,
437 1031 471 1083 ut
490 1023 608 1084 honore
629 1042 741 1084 nomen
765 1026 844 1101 eins,
867 1023 948 1102 quod
972 1044 1064 1085 verax

195 1153 205 1186 ,
227 1105 363 1187 afficias,
383 1124 484 1185 neque
506 1106 702 1167 incredulitas
725 1115 777 1169 tua
797 1105 859 1167 fida
879 1109 975 1187 ipsius
997 1127 1065 1187 prc-

189 1209 246 1250 ssa
268 1210 324 1270 pro
352 1189 514 1251 mendacio
536 1195 664 1269 reputet.
706 1189 814 1269 Neque
835 1191 915 1249 enim
937 1189 1065 1271 indigni-

189 1293 197 1332 s
220 1280 273 1333 tua
295 1280 325 1333 te
348 1271 486 1353 impedit,
508 1275 584 1333 sicut
606 1291 729 1352 quoque
747 1274 821 1333 nihii
843 1279 872 1335 te
894 1282 1066 1352 promovet,

199 1357 241 1415 sis
256 1356 374 1436 dignus,
397 1355 452 1420 sed
474 1356 542 1416 sola
558 1355 755 1417 incredulitas
779 1364 808 1416 te
830 1355 968 1435 damnat,
989 1355 1066 1417 fldes

192 1447 254 1499 tem
279 1440 404 1520 dignum
426 1448 457 1499 te
477 1440 550 1499 facit
573 1449 603 1513 et
624 1446 728 1499 servat
748 1446 788 1501 te.

235 1521 304 1582 Hoc
331 1523 421 1603 igitur
448 1522 610 1601 diligenter
636 1521 778 1601 cavebis,
807 1541 846 1582 ne
874 1541 1006 1602 uuquam
1036 1529 1066 1583 te

189 1625 279 1685 gnum
313 1607 378 1665 sive
409 1603 447 1664 ad
475 1604 665 1665 adorandum
697 1605 764 1665 sive
791 1605 830 1665 ad
852 1604 1065 1685 accipiendum

189 1689 327 1766 istimes,
350 1688 408 1747 nisi
430 1694 509 1766 tum,
538 1705 606 1747 cunr
627 1689 742 1748 sentias
763 1697 794 1748 te
815 1707 908 1768 posse
929 1695 994 1749 tuto
1016 1708 1066 1749 au·

189 1790 237 1849 ne,
259 1778 290 1829 et
311 1772 398 1830 inuiti
420 1771 509 1830 certis
533 1788 570 1830 ae
582 1768 742 1832 veracibus
763 1772 922 1850 promissis
943 1772 1068 1851 propitii

189 1853 292 1931 iDei,
331 1852 370 1913 de
400 1855 485 1912 cuius
521 1852 730 1914 misericordia
761 1872 800 1914 eo
832 1853 967 1914 debebas
998 1873 1066 1915 esse

189 1937 283 2015 stiur,
316 1936 415 2015 quod,
444 1936 703 2014 quemadmodum
726 1939 866 2016 promisit
882 1936 1008 2018 indigno
1029 1956 1067 1998 ac

189 2019 307 2080 imerito
331 2019 384 2079 tibi
406 2038 440 2079 ss
461 2018 535 2078 niirii
554 2028 745 2099 negaturum,
765 2021 808 2080 ita
821 2039 953 2100 quoque,
974 2039 1067 2100 quan-

189 2102 422 2182 mvisindiguus
444 2104 496 2181 ais,
518 2102 664 2163 exaudire
685 2109 789 2163 tamen
811 2110 841 2163 te
853 2104 927 2185 vuit,
951 2111 983 2169 ut
1004 2102 1067 2163 red·

189 2183 341 2245 iat‘fidem
365 2205 461 2264 suam,
483 2203 573 2263 quarn
597 2184 650 2246 tibi
671 2185 765 2249 dedit.

238 2266 327 2328 Adeo
349 2268 425 2328 nihil
446 2269 558 2328 nostris
581 2269 695 2328 meritis
719 2275 772 2329 aut
782 2268 921 2350 dignitati
943 2277 1067 2332 nostrae

189 2351 293 2411 lictum
314 2358 369 2428 est,
391 2350 445 2412 sed
468 2353 572 2411 omnia
594 2351 652 2412 sibi
673 2351 847 2429 vendicant,
869 2360 932 2411 turn
953 2354 1066 2412 veritas

189 2435 228 2511 ai,
257 2453 336 2513 quae
358 2434 611 2513 promissionibus
633 2434 792 2512 satisfacit,
814 2444 876 2494 tum
901 2436 993 2495 etiam
1014 2440 1067 2495 mi-

189 2517 323 2577 ricordia
345 2517 417 2591 Dei,
450 2535 489 2576 ex
521 2535 582 2594 qua
611 2536 668 2578 ceu
697 2537 737 2578 ex
757 2517 842 2578 fonte
869 2536 977 2578 omnes
1000 2537 1067 2598 pro-

188 2601 319 2661 issicnes
342 2605 516 2677 manarunt,
546 2607 579 2659 ut
598 2606 666 2661 rata
687 2608 811 2661 maneat
832 2601 983 2662 sententia
1004 2601 1068 2678 ilia,

189 2683 268 2747 raim.
291 2687 346 2748 25:
392 2683 560 2744 Universae
594 2683 664 2743 viae
697 2683 821 2744 Domini
860 2683 1069 2746 misericordia

207 2767 330 2828 veritas.
374 2765 612 2826 Misericordiam
652 2767 733 2826 enim
764 2768 915 2827 cernimus
942 2769 974 2827 in
999 2786 1069 2847 pro·

189 2849 363 2929 issicnibus‚
386 2850 543 2910 veritatem
557 2856 658 2909 autem
682 2856 756 2927 nim,
769 2868 838 2909 cum
860 2857 1018 2911 servantur
1039 2858 1070 2910 et

189 2940 242 2994 int.
287 2931 326 2992 Et
346 2932 456 2992 Psalm.
480 2933 534 2996 85:
569 2931 779 2993 Misericordia
810 2941 842 2993 et
877 2934 988 2994 veritas
1017 2933 1069 2994 ob·

189 3020 317 3075 averunt
338 3014 410 3093 sibi,
443 3015 503 3075 hoc
524 3022 586 3092 est,
619 3016 806 3076 conveniunt
835 3023 865 3077 et
895 3023 1069 3094 cernuntur,

189 3099 341 3158 miunctae
362 3099 393 3157 in
417 3116 603 3177 unoquoque
625 3117 720 3178 opere
739 3107 793 3158 sut
814 3097 914 3178 dono,
945 3097 1028 3179 quod
1050 3117 1069 3158 a

189 3199 223 3242 co
268 3180 387 3242 necibus
408 3183 520 3242 nocuis
541 3182 748 3261 impetramus.

241 3201 366 3342 Quinto,
388 3264 442 3324 iila
463 3263 549 3341 fides,
572 3283 632 3343 qua
653 3264 711 3325 Dei
732 3264 983 3346 promissionibus
1006 3281 1068 3324 cre·

189 3366 273 3426 mus,
308 3348 352 3407 sic
372 3346 461 3408 nobis
483 3346 671 3408 moderanda
697 3355 760 3425 est,
796 3366 946 3427 nequem
970 3349 1070 3407 termi-

189 3451 249 3509 ιω,
282 3440 416 3510 tempus,
449 3431 549 3491 iocum
576 3438 629 3492 aut
650 3429 775 3492 modum
796 3430 863 3492 Deo
891 3437 1069 3507 statuamus,

189 3513 213 3574 d
237 3515 341 3575 omnia
362 3511 417 3574 illa
437 3514 644 3592 relinquamus
660 3514 820 3591 voluntati,
843 3512 1012 3593 sapientiae
1033 3531 1071 3573 ac

189 3598 242 3657 nni
264 3597 422 3676 potentiae
442 3598 553 3677 ipsius,
577 3598 650 3658 certi
672 3597 747 3675 fore,
769 3602 802 3655 ut
822 3594 897 3656 fiant
918 3615 996 3676 quae
1017 3615 1069 3676 pe-

189 3700 265 3760 nus,
299 3681 417 3741 etiamsi
439 3698 539 3759 neque
562 3680 656 3759 iocus,
680 3698 779 3759 neque
802 3686 937 3758 tempus,
969 3697 1070 3758 neque
1157 3692 1162 3711 ·

189 3764 251 3822 iam
272 3767 360 3841 ratio,
384 3782 444 3842 qua
465 3763 551 3844 fiant,
573 3770 733 3847 appareat.
771 3761 941 3824 Rocemm
957 3771 1079 3822 nexuum
1161 3797 1164 3803 =

189 3852 209 3922 t,
234 3846 368 3906 divinam
392 3850 584 3929 sapientiam
607 3850 711 3935 longe
730 3849 848 3913 meiius
863 3847 928 3909 ’dia
942 3863 1043 3908 nosue
1059 3859 1104 3898 aa
