2709 4417
508 357 544 412 da
559 359 691 427 passione
709 357 819 412 Christi.
1064 354 1128 422 415

207 545 307 603 oratio
341 545 408 606 erit
451 543 680 623 Nonnunquam
707 544 834 623 accidit,
871 552 905 605 nt
932 564 988 625 pro
1022 563 1061 605 ea
1091 563 1127 605 re

206 644 333 704 prorsus
357 645 420 686 non
444 645 582 703 oremus,
613 627 643 686 id
675 628 758 706 qnod
780 629 863 687 Deus
884 646 1008 707 qnoque
1029 629 1126 706 novit,

205 726 307 786 neque
343 712 423 770 enim
459 728 580 789 semper
608 713 745 789 spiritum
774 710 812 770 ad
842 709 989 770 orandum
1020 710 1125 788 donat,

206 797 236 850 et
257 791 326 851 vult
358 791 433 852 illud
465 791 579 852 donum
603 796 728 852 omnino
751 812 820 852 esse
841 793 988 872 liberum,
1023 811 1125 872 nsque

206 872 364 954 alligatum
399 875 449 936 vel
481 874 552 935 loco
581 875 630 935 vel
653 878 783 956 tempori
804 875 853 935 vel
875 895 1036 956 personae.
1079 875 1127 935 rn

206 957 311 1036 igitur,
346 965 379 1017 nt
407 959 542 1038 graviter
570 960 784 1036 perturbentur
811 959 922 1038 animi,
961 978 1030 1018 oum
1050 958 1124 1017 illud

206 1040 353 1118 sentiunt,
375 1047 406 1101 et
427 1049 460 1100 ut
481 1040 576 1101 homo
598 1040 656 1100 sibi
677 1060 802 1120 prorsus
824 1040 994 1121 displiceat.

287 1123 369 1182 Fieri
390 1129 493 1184 autem
515 1133 635 1202 potest,
664 1132 698 1183 ut
729 1123 782 1183 illa
804 1126 872 1203 ipsa
893 1125 987 1183 enimi
1009 1130 1124 1202 pertur-

206 1204 288 1264 batio
320 1207 360 1264 sit
390 1207 574 1285 ipsissimum
602 1207 755 1286 passionis
778 1207 890 1266 Christi
912 1226 1007 1285 opus,
1041 1206 1124 1284 quod

204 1288 326 1366 ipsein
347 1288 436 1350 nobis
458 1287 532 1347 nihil
555 1288 617 1348 tale
639 1290 845 1368 cogitantibus
868 1289 970 1349 elficit.
1013 1287 1124 1363 Quem-

206 1370 373 1430 admodum
410 1390 534 1450 qnoque
562 1390 656 1450 saepe
686 1373 815 1450 accidit,
848 1381 881 1431 nt
915 1373 966 1451 qni
997 1370 1124 1452 diligam

206 1453 325 1513 tissime
349 1454 460 1514 Christi
481 1456 657 1533 passionem
682 1455 882 1533 meditantur,
905 1473 1060 1533 nunquam
1085 1454 1125 1514 ad

204 1535 248 1594 sni
279 1537 378 1615 ipsius
412 1538 620 1616 cognitionem
648 1538 792 1614 veniant,
827 1540 877 1615 qni
910 1545 1012 1596 tamen
1035 1555 1125 1596 verus

202 1620 360 1696 passionis
382 1619 494 1679 Christi
514 1618 648 1679 debebat
669 1639 739 1680 esse
760 1639 841 1680 usus.
877 1620 921 1678 llli
942 1621 1034 1699 igitur
1054 1639 1124 1699 pas·

200 1702 300 1760 sionis
326 1702 437 1762 Christi
464 1702 591 1761 lructum
620 1721 694 1763 vere
719 1703 850 1781 habent,
873 1722 1059 1783 quamquam
1080 1703 1124 1762 la-

201 1790 321 1860 tenter,
353 1785 385 1843 hi
421 1793 523 1844 autem
557 1792 675 1844 tantum
703 1786 848 1864 speciem.
892 1786 931 1844 Et
960 1788 1005 1844 sic
1029 1804 1122 1864 saepe

198 1867 329 1926 invertit
351 1867 433 1927 Deus
456 1869 573 1944 omnia,
604 1877 635 1927 ut
656 1867 717 1946 illi,
740 1869 791 1947 qui
814 1868 924 1928 Christi
947 1869 1122 1947 passionem

200 1949 408 2028 meditantur,
442 1951 516 2009 nihil
540 1953 654 2027 minus,
685 1969 777 2029 quarn
804 1951 878 2010 illud
901 1952 1028 2010 faciant:
1052 1969 1122 2010 oon·

200 2041 258 2108 tra,
281 2034 334 2111 qui
357 2033 418 2092 hoc
439 2034 554 2092 iaciunt
576 2034 606 2091 in
628 2034 774 2112 speciem,
795 2052 904 2094 revera
924 2033 956 2092 id
978 2033 1102 2095 faciant.

285 2115 496 2194 Duodecimn,
540 2116 690 2176 hactenus
728 2134 847 2176 crucem
882 2123 913 2176 et
947 2118 1123 2196 passionem

201 2197 319 2257 Christi
342 2200 554 2274 tractavimus,
576 2200 636 2258 iam
661 2216 784 2277 qnoque
807 2199 846 2259 ad
868 2200 1125 2259 resurrectionem

200 2279 397 2340 accedemus.
442 2281 518 2341 Cum
547 2281 641 2342 homo
665 2282 711 2340 sic
731 2300 788 2340 sua
805 2289 935 2361 peccata
956 2283 1070 2342 sentire
1092 2288 1124 2342 et

201 2381 397 2442 cognoscere
425 2365 546 2443 incipit,
579 2371 611 2423 et
638 2370 767 2424 terretur
789 2375 958 2445 conspectu
982 2373 1123 2444 peccato·

202 2465 269 2505 rum
287 2464 422 2524 suorum,
445 2446 607 2526 diligenter
628 2447 798 2507 cavendum
821 2457 878 2526 est,
901 2467 940 2507 ne
962 2448 1005 2506 illi
1028 2459 1124 2507 terro·

202 2547 251 2588 res
280 2529 395 2588 diutius
420 2531 450 2588 in
482 2531 672 2591 conscientia
698 2530 857 2591 haereant
898 2531 975 2590 Nam
999 2530 1070 2590 inde
1090 2531 1122 2591 in

203 2610 453 2690 desperationem
480 2613 574 2672 animi
604 2612 844 2692 prolaberentur.
890 2614 951 2674 Sed
979 2613 1122 2692 quemad·

205 2695 329 2754 modum
351 2703 480 2775 peccata
516 2703 547 2754 et
581 2714 688 2755 eorum
716 2699 852 2777 cognitio
882 2697 1033 2757 eChristi
1054 2715 1123 2777 pas-

202 2778 292 2837 sione
316 2785 490 2856 manarnnt,
512 2779 555 2837 ita
576 2796 699 2857 quoque
721 2780 893 2860 regerenda
913 2783 944 2839 in
967 2777 1140 2841 Christum.

203 2869 282 2935 sunt,
306 2868 338 2919 et
359 2860 577 2921 exonerandae
599 2863 815 2925 conscientiae.

287 2942 458 3023 Diligenter
490 2944 614 3004 cavebis
651 2947 758 3024 igitur,
791 2966 839 3024 ne,
863 2944 1120 3024 quemadmodum

203 3026 341 3104 perversi
362 3025 485 3106 quidam
507 3028 647 3087 homines
669 3027 787 3106 solent,
821 3037 853 3087 tu
874 3046 997 3107 quoqne
1017 3027 1121 3087 iacias

203 3107 279 3166 Nam
305 3126 372 3168 cum
394 3109 438 3168 illi
460 3111 596 3169 sentiunt
616 3116 746 3188 peccata
767 3120 797 3170 et
811 3112 988 3171 mordentur
1010 3129 1028 3170 a
1050 3128 1121 3170 con-

161 3238 163 3243 ,
203 3191 342 3268 scientia,
365 3201 522 3252 recurrunt
544 3191 587 3251 cd
612 3192 694 3252 bona
716 3211 812 3273 opera
833 3200 864 3254 et
885 3194 1121 3271 satisfactiones,

202 3274 273 3333 item
298 3275 338 3334 ad
359 3274 575 3354 indulgentias,
599 3294 694 3354 seque
716 3277 800 3337 miris
811 3278 989 3338 excruciant
1010 3276 1121 3354 modis,

202 3357 260 3415 iam
283 3356 360 3434 huc,
391 3359 452 3417 iam
475 3358 548 3417 illuc
569 3359 764 3438 cursitando,
798 3369 832 3420 ut
864 3380 897 3420 se
932 3380 950 3419 e
985 3359 1121 3438 peccatis

202 3439 351 3500 evolvant
382 3449 414 3500 et
445 3441 609 3520 explicent.
655 3445 767 3504 Verum
796 3446 907 3505 frustra
938 3441 969 3501 id
993 3447 1121 3519 tentant,

202 3541 387 3602 quamquam
408 3523 461 3584 ille
475 3544 542 3586 mos
564 3526 603 3587 de
620 3527 698 3588 falsa
710 3528 823 3588 fiducia
845 3531 875 3588 in
895 3527 1119 3586 satisfactiones

202 3605 280 3666 adeo
301 3605 447 3686 inolevit,
470 3616 503 3667 nt
524 3611 729 3672 miserabilem
751 3613 910 3692 religionis
933 3611 1050 3669 ruinam
1073 3628 1120 3670 se·

201 3707 268 3749 oum
292 3692 429 3754 traxerit.

281 3773 518 3855 Tertiodecimo,
540 3799 635 3860 porro
658 3782 704 3842 sic
724 3779 847 3840 reiicies
867 3783 1000 3859 peccata
1015 3783 1075 3834 tua
1087 3775 1128 3834 tn

192 3853 359 3933 Christum,
392 3862 421 3919 si
447 3872 634 3926 constanter
663 3865 800 3947 credas,
836 3861 927 3946 quud
952 3861 1091 3921 *tulum
1114 3861 1153 3912 aa,
