2709 4417
231 380 233 387 ’
269 359 333 431 198
467 357 626 429 Disputatio
645 362 755 431 lipsiae
774 362 871 416 habita
889 380 914 416 a.
930 361 995 418 XlX
1093 344 1096 349 ⁵

156 538 160 544 ”
270 555 407 617 tentiam.
430 549 603 634 Ergoillud
624 549 763 612 nondum
776 551 899 634 egeritis
922 558 1045 634 oportet
1064 553 1100 615 ds
1118 568 1165 636 per

274 639 411 700 sectione
433 636 472 696 ad
493 641 581 695 extra
601 633 741 714 intelligi
895 650 900 669 ι

356 719 441 781 Idem
463 717 504 778 ad
525 717 670 778 Basilium
692 717 817 778 dicatur.

354 805 402 865 De
432 802 527 862 verbo
553 800 705 861 Johannis
732 801 895 880 Bapistae,
928 800 1003 862 dicit
1030 803 1169 866 evanidam

272 972 399 1032 tentiam
422 968 543 1044 docere,
565 967 648 1027 aliud
670 968 817 1048 incipere.
854 967 1058 1048 Respondent
1099 969 1172 1031 ilalvu

273 1053 464 1129 reverentia,
486 1051 629 1131 egregius
650 1051 688 1113 D.
712 1051 748 1110 D.
772 1069 834 1110 non
857 1051 979 1110 videtur
1002 1051 1123 1112 Paulum
1141 1055 1171 1113 in-

1156 890 1162 902 .
1198 782 1209 919 l

274 907 344 949 esse
368 887 578 964 solutionem,
608 883 691 962 quod
715 883 859 961 dixerim,
873 883 970 945 ¹alind
994 903 1062 946 esse
1085 904 1169 966 poen·
1202 930 1206 935 -

272 1137 421 1216 telligere,
442 1153 501 1194 nec
521 1134 663 1193 virtutem
686 1133 776 1213 Lagis
799 1135 996 1214 cognorisso.
1028 1134 1090 1195 Lex
1110 1137 1171 1197 enin
1196 1140 1210 1151 ”

275 1221 368 1281 docet
388 1217 511 1296 quidem
534 1222 651 1294 sancta,
673 1217 768 1295 iusta,
790 1223 822 1277 et
843 1216 937 1295 bona,
960 1216 1016 1277 sad
1039 1218 1104 1278 sola
1122 1238 1170 1298 gra-

274 1304 317 1363 tia
337 1303 454 1380 incipit,
476 1301 549 1360 facit
570 1306 601 1359 et
622 1298 741 1378 perficit
762 1319 807 1360 ea.
829 1299 914 1380 Ergo
938 1302 1059 1361 etiamsi
1079 1300 1170 1362 Johan

274 1405 329 1446 nes
363 1386 503 1446 timorem
533 1382 690 1443 docuisset
716 1401 786 1443 esse
816 1384 936 1444 initium
972 1385 1171 1467 poenitentias,

274 1487 340 1529 non
359 1467 432 1527 ideo
455 1467 609 1544 sequitur,
631 1467 852 1544 poenitentiam
873 1467 1012 1546 incipere
1033 1486 1052 1527 a
1073 1468 1170 1531 timore.

275 1551 359 1613 Sicut
381 1551 406 1610 si
417 1550 568 1609 insinuem
584 1546 744 1626 quodlibet
765 1548 879 1609 bonnm
894 1568 973 1629 opns
985 1568 1042 1630 par
1062 1557 1170 1611 terrores

274 1634 441 1709 etminas,
478 1651 542 1691 non
563 1631 633 1691 ideo
656 1632 764 1711 incipit
785 1650 862 1711 opus
894 1632 1011 1693 bonnm
1033 1651 1053 1693 a
1074 1640 1170 1695 terrore

276 1723 308 1777 at
329 1717 428 1790 minis,
451 1714 506 1775 sed
527 1734 546 1774 c
569 1715 706 1774 cantata.
794 1731 796 1735 ·

357 1798 552 1878 Indignatur,
583 1796 665 1875 quod
688 1796 886 1856 Aristotelem
922 1799 951 1856 ei
975 1750 1155 1859 obiecerim
1149 1820 1171 1860 n

276 1882 391 1942 scholis
418 1880 617 1959 theologicis,
653 1898 744 1958 quem
774 1886 876 1940 tamen
905 1899 969 1940 non
1001 1883 1172 1961 acceptarin.

275 1965 403 2041 Fateor,
441 1964 540 2023 minor
567 1969 629 2041 est,
659 1981 750 2041 qnam
779 1968 812 2022 ut
833 1961 972 2022 valeat
964 1982 996 2022 ιιι
1019 1963 1172 2044 theologica

276 2047 404 2127 schola,
437 2065 506 2106 cum
528 2045 673 2106 seductor
693 2045 784 2105 fuerit
812 2044 1068 2107 scholasticorum
1088 2046 1171 2108 docto

276 2150 351 2190 rum.
375 2129 435 2192 Sed
454 2128 631 2189 satisfacere
653 2127 738 2189 volui
760 2128 952 2189 conclusioni
975 2148 1088 2205 meae,
1110 2131 1172 2210 quod

278 2220 386 2274 contra
407 2230 526 2272 aeorum
548 2227 636 2271 snum
646 2210 845 2272 Aristotelem
864 2210 1029 2291 desipiunt,
1051 2215 1099 2292 qni
1118 2232 1173 2293 poe·
1208 2216 1212 2254 ·'

277 2297 438 2356 nitentium
460 2315 479 2354 a
506 2295 631 2372 timore,
667 2300 699 2354 et
727 2313 790 2354 non
809 2294 914 2354 >libera
934 2295 1095 2357 voluntate
1114 2297 1172 2355 inci·
1206 2322 1208 2327 ·

276 2380 372 2460 piunt.
402 2379 480 2438 Nam
504 2377 733 2438 distinctionem
755 2376 795 2436 de
817 2374 914 2437 libero
937 2377 1062 2438 arbitrio
1084 2385 1172 2441 coacto

278 2469 309 2522 et
330 2461 456 2522 inducto
478 2468 610 2520 transeo
650 2460 721 2520 Non
743 2460 824 2519 enim
847 2477 952 2520 verium
974 2467 1033 2541 est,
1053 2461 1173 2540 quodli-

164 2630 166 2637 .
202 2602 207 2608 ,
276 2545 381 2605 berum
408 2543 563 2604 arbitrium
592 2561 727 2621 unquam
760 2549 888 2623 cogatur
909 2542 949 2602 ad
977 2544 1108 2642 bonnm,
1135 2549 1173 2604 ιιι

277 2629 347 2707 cogi
376 2628 467 2687 etiam
499 2627 606 2705 possit.
586 2625 682 2687 tSi
714 2632 817 2685 autem
850 2627 988 2707 cogitur,
1021 2628 1173 2688 indiverso

276 2711 406 2790 rapitur,
437 2716 469 2770 et
488 2711 682 2769 coactionem
705 2709 751 2768 sui
776 2706 850 2772 odit
873 2708 1022 2770 Solet
969 2715 1022 2770 aut
1023 2730 1072 2771 em
1094 2710 1173 2790 gratia

191 2810 195 2819 ·
278 2794 414 2872 trahitur,
436 2792 567 2852 hoct
519 2798 575 2868 est,
592 2811 665 2852 vere
687 2791 815 2851 liberum
838 2790 977 2869 efficitur,
1000 2799 1034 2853 ut
1053 2793 1213 2874 Augusti

277 2896 333 2937 nna
356 2895 415 2936 con
418 2882 465 2935 tra
418 2837 640 2935 siutia’num
661 2874 713 2937 lib.
730 2877 758 2937 2.
782 2874 842 2933 et
834 2892 865 2933 ιιι
888 2874 990 2936 multis
1013 2876 1100 2937 locis.

360 2959 418 3019 Ubi
447 2958 600 3019 Christum
629 2958 692 3017 dixi
714 2975 845 3017 vocasse
877 2959 1038 3039 apostolos
1061 2967 1091 3020 et
1111 2959 1174 3036 blag-

278 3042 419 3103 dalenam
440 3039 554 3101 blando
579 3047 688 3116 tractu,
712 3046 820 3100 contra
841 3041 980 3120 opponit,
992 3041 1118 3103 Paulum
1136 3059 1175 3100 vo·

277 3132 378 3186 catum
400 3143 469 3184 esse
492 3123 604 3201 durius,
628 3124 711 3183 etin
734 3122 904 3204 Evangelio
922 3122 959 3201 *J
989 3124 1104 3185 iussum
1124 3142 1176 3186 esse

278 3228 414 3285 servum,
450 3213 482 3267 ut
504 3206 704 3286 compelleret
724 3207 847 3267 intrare.
894 3206 1026 3267 Primum
1049 3209 1120 3269 satis
1138 3205 1176 3265 ad·

279 3291 380 3369 miror,
403 3288 485 3370 quod
509 3308 576 3350 cum
599 3307 657 3349 nos
670 3287 845 3368 exemplum
858 3288 942 3349 Pauli
966 3290 1120 3352 soleamus
1138 3287 1177 3349 ad-

210 3412 215 3424 ·
279 3373 391 3435 ducere
410 3393 466 3453 pro
489 3371 683 3433 defendenda
704 3372 820 3452 gratia,
841 3373 899 3450 ipsi
922 3373 1012 3433 nobis
1035 3374 1178 3435 elabuntur

279 3455 426 3534 dicentes,
448 3457 510 3516 hoc
532 3474 601 3516 esse
623 3455 838 3515 miraculosum
860 3454 991 3533 iactum,
1015 3463 1047 3518 at
1069 3476 1128 3518 non
1146 3455 1178 3514 ia·

202 3571 206 3581 ,
280 3559 350 3600 cere
370 3539 519 3620 regulam.
542 3539 599 3598 Hic
621 3546 720 3598 tamen
745 3538 886 3618 egregins
908 3539 944 3600 D.
963 3538 1109 3620 D..quasi
1130 3557 1180 3598 non

243 3637 248 3648 ’
279 3641 334 3703 pro
357 3623 504 3683 miraculo
530 3621 656 3720 habens,
677 3641 734 3700 pro
756 3621 864 3702 regula
885 3621 1011 3686 inducit.
1048 3622 1108 3685 Sed
1132 3623 1181 3682 hoc

504 3763 720 3773 --—-—--—-

302 3817 333 3890 *ι
349 3820 456 3913 Lucae.
481 3820 525 3877 14.

1210 2868 1213 2925 l
