2709 4417
259 342 324 411 490
559 347 711 402 Dxmnetio
730 347 788 404 [οὲ.
807 345 882 402 Eceii

261 534 391 613 imputet
412 532 488 609 sibi,
510 553 563 594 cur
586 553 648 596 non
672 534 781 596 attulit.
824 533 951 594 Certum
974 537 1032 607 est,
1054 532 1164 596 Bernar-

262 616 333 676 dum
356 616 510 677 adversari
533 637 588 696 per
609 619 712 677 omnia
734 618 907 677 sententiae
930 615 1127 678 Lutherdnae.

344 704 381 776 7)
406 699 453 759 De
474 700 528 760 illo
551 700 714 760 Matthaei:
747 699 793 758 Tu
823 719 856 760 es
879 700 1004 773 Petrus,
1034 706 1065 758 et
1092 719 1166 777 super

262 781 342 842 hano
363 789 480 861 petram
503 790 561 845 etc.
585 803 657 842 vere
685 784 832 862 proponit
858 783 1047 842 sententiam
1069 781 1104 841 D.
1123 782 1166 841 Ln-

262 865 341 924 theri
357 864 493 944 pluribus
516 866 701 925 coniecturis
724 871 937 926 monstratam.
982 862 1046 925 sed
1067 864 1167 940 reticet,

262 946 344 1027 quod
367 947 447 1007 hanc
469 954 585 1026 petram
607 967 677 1007 esse
698 949 820 1008 Petrum
843 967 883 1008 ex
905 947 1094 1028 Augustino,
1113 946 1168 1006 Hie

261 1048 405 1108 ronymn,
427 1029 603 1107 Ambrosio,
625 1031 739 1108 Leone,
761 1031 874 1090 etaliis
893 1029 1040 1110 produxi.
1063 1027 1108 1088 'At
1122 1029 1169 1089 hoc
1209 1069 1212 1074 -

261 1111 301 1171 ad
316 1111 442 1172 iudices.
476 1112 536 1172 sed
553 1113 615 1172 hoc
637 1115 754 1185 mirum,
770 1112 859 1191 quod
883 1113 998 1172 nedum
1023 1111 1107 1186 mihi,
1126 1112 1168 1170 sed

262 1201 293 1253 et
314 1193 349 1255 D.
372 1193 504 1255 Luthero
526 1194 635 1255 falsum
659 1197 798 1274 imponit,
821 1215 889 1254 eum
912 1196 1036 1255 scilicet
1058 1212 1169 1271 respon·

160 1302 164 1315 ·
261 1275 360 1352 disse,
388 1276 557 1355 Christum,
586 1277 656 1337 dum
685 1279 776 1338 Petro
804 1277 949 1338 dixisset:
987 1277 1087 1335 Pasce
1109 1294 1169 1336 oves

261 1377 361 1435 meas,
391 1366 465 1436 post
491 1360 552 1420 hoc
580 1361 731 1439 apostolis
752 1381 856 1440 parem
880 1366 1074 1439 potestatem
1096 1358 1169 1417 tradi·

261 1446 339 1500 tam:
363 1440 501 1520 Accipite
522 1442 666 1521 Spiritum
690 1438 835 1503 Sanctum
859 1450 929 1520 etc,
952 1460 1024 1501 cnm
1036 1441 1170 1500 Martinus

260 1540 316 1601 pro
336 1542 392 1582 sua
413 1525 671 1586 eruditione‘non
694 1534 756 1586 tarn
777 1524 869 1585 foede
892 1526 997 1604 lapsus
1022 1543 1092 1583 esse
1113 1543 1170 1602 pos-

261 1605 307 1665 sit.
341 1604 401 1665 sed
423 1608 466 1667 ita
488 1609 601 1684 evenit,
622 1609 694 1668 dum
716 1618 801 1668 sutor
822 1608 902 1667 ultra
924 1605 1085 1686 crepidam
1106 1605 1170 1664 iudi-

260 1694 319 1747 cat.
357 1687 425 1749 Hoc
447 1689 517 1750 loco
541 1709 656 1751 excuso
679 1691 717 1750 D.
739 1690 911 1768 Martinam,
936 1707 1075 1750 errorem
1096 1688 1171 1748 illum

259 1788 315 1849 por
336 1790 406 1830 eum
428 1791 490 1832 non
513 1772 690 1836 admissum.

342 1850 379 1934 8)
404 1854 525 1935 pungit,
544 1856 627 1934 qnod
643 1856 796 1931 haereses,
821 1855 1008 1915 Bohemicae
1020 1854 1171 1929 factiones,

260 1941 292 1994 et
312 1934 342 1994 id
364 1955 462 2016 genus
484 1938 545 1997 alia
567 1939 696 1998 crimina
717 1939 829 1998 fuerint
843 1938 879 1996 D.
897 1937 1031 1997 Martino
1051 1935 1171 1996 obiecta.

260 2016 320 2077 sed
353 2021 476 2098 reticet,
510 2020 590 2097 quod
630 2040 687 2100 pro
720 2020 781 2080 lide
810 2019 985 2080 Christiana
1018 2019 1051 2078 id
1079 2018 1172 2078 lacere

260 2119 326 2159 sum
355 2107 496 2178 coactus,
524 2103 594 2162 dum
623 2105 689 2182 ipse
717 2109 868 2163 assereret
890 2103 1012 2180 aliquos
1035 2101 1171 2161 articulos

258 2181 403 2243 Iohannis
424 2183 671 2246 Huss‘haeretici
687 2186 915 2247 Constantiensi
940 2183 1074 2249 concilio
1096 2183 1170 2242 dam·
1192 2226 1195 2234 .

259 2271 349 2326 natos
379 2286 446 2326 esse
470 2266 745 2329 Christianissimos
775 2275 806 2327 et
834 2266 1044 2346 evangelicos.
1087 2265 1171 2340 Quod

259 2365 350 2425 quarn
381 2348 545 2427 prudenter
572 2351 692 2427 fecerit,
725 2360 758 2410 nt
784 2350 942 2430 Philippus
970 2350 1030 2424 ait,
1061 2348 1170 2408 iudices

258 2435 402 2492 statuent.

341 2511 377 2596 9)
402 2513 535 2593 imponit
545 2516 628 2596 mihi,
641 2522 673 2575 ut
682 2514 708 2597 ¹)
726 2515 886 2594 apostolos
899 2514 1047 2592 aequales
1058 2513 1090 2572 in
1104 2532 1169 2591 apc-

259 2596 372 2655 stolatu
396 2596 535 2674 dixerim,
558 2597 612 2658 sed
635 2616 696 2658 non
720 2597 865 2676 aequales
889 2597 1066 2676 episcopos.
1108 2595 1169 2654 Hoc

259 2684 361 2738 autem
382 2686 430 2739 est
451 2682 603 2740 somnium
626 2681 826 2760 grammatici,
849 2698 911 2738 non
934 2679 1049 2738 dictum
1070 2677 1169 2736 Eccia-

258 2780 340 2820 num.
366 2760 436 2821 Dixi
453 2764 597 2840 aequales
620 2764 714 2824 luisse
736 2762 923 2842 apostolatu,
946 2759 1055 2838 prdine
1078 2778 1170 2819 sacer-

258 2841 333 2903 dotii
347 2850 377 2902 et
395 2847 602 2924 episcopatus,
624 2846 679 2906 sed
697 2865 760 2905 non
778 2846 809 2903 in
831 2844 1052 2904 commissione
1075 2848 1106 2902 et
1126 2842 1171 2900 ad·

259 2926 481 2987 ministratione
503 2930 669 3008 regiminis.
712 2927 747 2988 ld
769 2927 850 3006 quod
873 2927 903 2988 S.
926 2926 1007 3004 Leo,
1027 2925 1170 3003 Hierony-

259 3027 325 3066 mus
343 3016 374 3069 et
386 3008 557 3088 Cyprianus
580 3012 752 3091 voluerunt,
776 3009 855 3069 unde
879 3008 1044 3068 literatorie
1066 3009 1171 3067 ratiun-

259 3089 357 3149 culam
381 3093 594 3170 parvipendo.x

342 3171 398 3253 10)
424 3173 549 3252 Opinari
583 3195 632 3234 me
665 3175 784 3250 scribit,
817 3195 836 3233 a
866 3173 987 3232 Christo
1017 3173 1171 3252 apostolos

257 3254 355 3314 lectos
378 3274 456 3332 esse,
478 3257 532 3316 sed
556 3276 575 3317 a
595 3258 685 3318 Petro
709 3257 866 3318 ordinatos
891 3256 1068 3335 episcopos.
1112 3255 1173 3314 Hoc

258 3337 379 3396 eradius
402 3341 556 3417 proponit,
578 3358 669 3417 quam
691 3359 749 3420 ego
772 3339 985 3418 expresserim.
1018 3338 1173 3399 Sententia

258 3437 328 3478 mea
349 3420 406 3479 luit
426 3423 495 3498 ista,
517 3441 579 3482 non
603 3425 726 3481 memini
749 3440 798 3481 me
819 3421 943 3501 legisse,
965 3419 1018 3480 ubi
1041 3420 1171 3500 apostoli

171 3521 175 3525 ·
256 3501 368 3561 fuerint
382 3503 514 3563 ordinati
535 3506 684 3584 episcopi,
704 3513 805 3564 tamen
830 3503 1000 3563 communia
1024 3503 1174 3561 sententia

256 3582 363 3660 habet,
388 3604 442 3646 eos
467 3586 625 3647 ordinatos
645 3589 677 3647 in
700 3586 878 3647 sacerdotes
900 3587 931 3644 in
953 3603 1055 3645 coena
1078 3587 1173 3646 novis·

156 3695 163 3709 x
256 3667 341 3726 sima.
387 3666 488 3742 Quare
517 3689 640 3747 possem
667 3671 779 3730 referre
802 3668 1028 3729 ordinationem
1052 3676 1173 3746 aposto·

256 3786 318 3795 -uc-

310 3862 340 3929 l)
360 3861 394 3916 ln
417 3859 461 3919 cd.
482 3861 563 3916 len-2
584 3858 673 3928 qnod.
