<?xml version="1.0" encoding="UTF-8"?>
<!DOCTYPE html PUBLIC "-//W3C//DTD XHTML 1.0 Transitional//EN"
    "http://www.w3.org/TR/xhtml1/DTD/xhtml1-transitional.dtd">
<html xmlns="http://www.w3.org/1999/xhtml" xml:lang="en" lang="en">
 <head>
  <title>
</title>
<meta http-equiv="Content-Type" content="text/html;charset=utf-8" />
  <meta name='ocr-system' content='tesseract 3.04.00' />
  <meta name='ocr-capabilities' content='ocr_page ocr_carea ocr_par ocr_line ocrx_word'/>
</head>
<body>
  <div class='ocr_page' id='page_1' title='image "./operalatinavari00schmgoog_0271.png"; bbox 0 0 2709 4417; ppageno 0'>
   <div class='ocr_carea' id='block_1_1' title="bbox 432 319 1119 395">
    <p class='ocr_par' dir='ltr' id='par_1_1' title="bbox 432 319 1119 395">
     <span class='ocr_line' id='line_1_1' title="bbox 432 319 1119 395; baseline 0.006 -21"><span class='ocrx_word' id='word_1_1' title='bbox 432 322 490 375; x_wconf 85' lang='lat' dir='ltr'>suis</span> <span class='ocrx_word' id='word_1_2' title='bbox 508 320 616 393; x_wconf 77' lang='lat' dir='ltr'>Lipsiae</span> <span class='ocrx_word' id='word_1_3' title='bbox 634 320 777 391; x_wconf 76' lang='lat' dir='ltr'>disputetis</span> <span class='ocrx_word' id='word_1_4' title='bbox 796 338 818 377; x_wconf 85' lang='lat' dir='ltr'>s.</span> <span class='ocrx_word' id='word_1_5' title='bbox 840 323 910 377; x_wconf 78' lang='lat' dir='ltr'><strong>XIX.</strong></span> <span class='ocrx_word' id='word_1_6' title='bbox 1056 319 1119 395; x_wconf 78' lang='grc'>259</span> 
     </span>
    </p>
   </div>
   <div class='ocr_carea' id='block_1_2' title="bbox 199 505 1199 3905">
    <p class='ocr_par' dir='ltr' id='par_1_2' title="bbox 199 505 1199 3905">
     <span class='ocr_line' id='line_1_2' title="bbox 199 505 1118 587; baseline 0 -18"><span class='ocrx_word' id='word_1_7' title='bbox 199 515 320 587; x_wconf 83' lang='lat' dir='ltr'>peooet.</span> <span class='ocrx_word' id='word_1_8' title='bbox 363 509 443 571; x_wconf 85' lang='lat' dir='ltr'>Nem</span> <span class='ocrx_word' id='word_1_9' title='bbox 465 506 536 579; x_wconf 77' lang='lat' dir='ltr'>dum</span> <span class='ocrx_word' id='word_1_10' title='bbox 559 505 598 575; x_wconf 85' lang='lat' dir='ltr'>de</span> <span class='ocrx_word' id='word_1_11' title='bbox 619 507 762 587; x_wconf 86' lang='lat' dir='ltr'>operibus</span> <span class='ocrx_word' id='word_1_12' title='bbox 784 517 871 571; x_wconf 80' lang='lat' dir='ltr'>extre</span> <span class='ocrx_word' id='word_1_13' title='bbox 893 508 1054 569; x_wconf 82' lang='lat' dir='ltr'>benefsoto</span> <span class='ocrx_word' id='word_1_14' title='bbox 1074 509 1118 569; x_wconf 94' lang='lat' dir='ltr'>lo-</span> 
     </span>
     <span class='ocr_line' id='line_1_3' title="bbox 199 584 1118 677; baseline 0.003 -27"><span class='ocrx_word' id='word_1_15' title='bbox 199 592 310 670; x_wconf 82' lang='lat' dir='ltr'>quitur,</span> <span class='ocrx_word' id='word_1_16' title='bbox 334 593 380 651; x_wconf 90' lang='lat' dir='ltr'>sio</span> <span class='ocrx_word' id='word_1_17' title='bbox 401 584 490 652; x_wconf 86' lang='lat' dir='ltr'>dieit:</span> <span class='ocrx_word' id='word_1_18' title='bbox 512 588 631 677; x_wconf 84' lang='lat' dir='ltr'>Septies</span> <span class='ocrx_word' id='word_1_19' title='bbox 641 592 673 649; x_wconf 90' lang='lat' dir='ltr'>in</span> <span class='ocrx_word' id='word_1_20' title='bbox 696 590 746 651; x_wconf 90' lang='lat' dir='ltr'>die</span> <span class='ocrx_word' id='word_1_21' title='bbox 756 590 838 653; x_wconf 82' lang='lat' dir='ltr'>osdit</span> <span class='ocrx_word' id='word_1_22' title='bbox 847 593 954 669; x_wconf 82' lang='lat' dir='ltr'>iustus,</span> <span class='ocrx_word' id='word_1_23' title='bbox 975 598 1006 663; x_wconf 89' lang='lat' dir='ltr'>et</span> <span class='ocrx_word' id='word_1_24' title='bbox 1027 592 1118 653; x_wconf 89' lang='lat' dir='ltr'>toties</span> 
     </span>
     <span class='ocr_line' id='line_1_4' title="bbox 199 668 1018 754; baseline 0.005 -22"><span class='ocrx_word' id='word_1_25' title='bbox 199 692 283 737; x_wconf 82' lang='lat' dir='ltr'>resur</span> <span class='ocrx_word' id='word_1_26' title='bbox 306 676 341 735; x_wconf 91' lang='lat' dir='ltr'>it.</span> <span class='ocrx_word' id='word_1_27' title='bbox 383 674 443 735; x_wconf 85' lang='lat' dir='ltr'>Hie</span> <span class='ocrx_word' id='word_1_28' title='bbox 464 691 527 733; x_wconf 90' lang='lat' dir='ltr'>non</span> <span class='ocrx_word' id='word_1_29' title='bbox 550 671 645 751; x_wconf 87' lang='lat' dir='ltr'>oddit,</span> <span class='ocrx_word' id='word_1_30' title='bbox 667 675 763 741; x_wconf 83' lang='lat' dir='ltr'>iustus</span> <span class='ocrx_word' id='word_1_31' title='bbox 786 668 836 754; x_wconf 86' lang='lat' dir='ltr'>qui</span> <span class='ocrx_word' id='word_1_32' title='bbox 857 674 1018 736; x_wconf 77' lang='lat' dir='ltr'>benefacit.</span> 
     </span>
     <span class='ocr_line' id='line_1_5' title="bbox 283 694 1117 837; baseline 0.001 -21"><span class='ocrx_word' id='word_1_33' title='bbox 283 694 408 837; x_wconf 42' lang='lat' dir='ltr'>{emim</span> <span class='ocrx_word' id='word_1_34' title='bbox 429 754 505 819; x_wconf 91' lang='lat' dir='ltr'>illud</span> <span class='ocrx_word' id='word_1_35' title='bbox 526 754 614 817; x_wconf 86' lang='lat' dir='ltr'>Rom.</span> <span class='ocrx_word' id='word_1_36' title='bbox 637 760 671 821; x_wconf 83' lang='lat'>7:</span> <span class='ocrx_word' id='word_1_37' title='bbox 696 754 786 831; x_wconf 78' lang='lat' dir='ltr'>Quod</span> <span class='ocrx_word' id='word_1_38' title='bbox 806 758 880 818; x_wconf 92' lang='lat' dir='ltr'>nolo</span> <span class='ocrx_word' id='word_1_39' title='bbox 905 756 1034 834; x_wconf 84' lang='lat' dir='ltr'>melum,</span> <span class='ocrx_word' id='word_1_40' title='bbox 1056 756 1117 818; x_wconf 89' lang='lat' dir='ltr'>hoo</span> 
     </span>
     <span class='ocr_line' id='line_1_6' title="bbox 199 838 1121 919; baseline 0.003 -22"><span class='ocrx_word' id='word_1_41' title='bbox 199 839 289 918; x_wconf 79' lang='lat' dir='ltr'>isoio,</span> <span class='ocrx_word' id='word_1_42' title='bbox 312 838 398 919; x_wconf 86' lang='lat' dir='ltr'>quod</span> <span class='ocrx_word' id='word_1_43' title='bbox 419 841 493 899; x_wconf 90' lang='lat' dir='ltr'>volo</span> <span class='ocrx_word' id='word_1_44' title='bbox 516 838 641 917; x_wconf 80' lang='lat' dir='ltr'>bonum,</span> <span class='ocrx_word' id='word_1_45' title='bbox 662 838 724 899; x_wconf 89' lang='lat' dir='ltr'>hoo</span> <span class='ocrx_word' id='word_1_46' title='bbox 746 858 809 900; x_wconf 90' lang='lat' dir='ltr'>non</span> <span class='ocrx_word' id='word_1_47' title='bbox 832 840 920 903; x_wconf 83' lang='lat' dir='ltr'>feoio.</span> <span class='ocrx_word' id='word_1_48' title='bbox 962 839 1004 899; x_wconf 82' lang='lat' dir='ltr'>nt</span> <span class='ocrx_word' id='word_1_49' title='bbox 1025 839 1121 900; x_wconf 82' lang='lat' dir='ltr'>infre:</span> 
     </span>
     <span class='ocr_line' id='line_1_7' title="bbox 199 918 1115 1003; baseline 0 -20"><span class='ocrx_word' id='word_1_50' title='bbox 199 921 408 989; x_wconf 69' lang='lat' dir='ltr'>condelector</span> <span class='ocrx_word' id='word_1_51' title='bbox 429 923 510 982; x_wconf 90' lang='lat' dir='ltr'>enim</span> <span class='ocrx_word' id='word_1_52' title='bbox 531 921 592 1003; x_wconf 84' lang='lat' dir='ltr'>legi</span> <span class='ocrx_word' id='word_1_53' title='bbox 609 920 672 981; x_wconf 81' lang='lat' dir='ltr'>Dei</span> <span class='ocrx_word' id='word_1_54' title='bbox 694 922 859 983; x_wconf 87' lang='lat' dir='ltr'>seeundum</span> <span class='ocrx_word' id='word_1_55' title='bbox 871 918 1046 985; x_wconf 84' lang='lat' dir='ltr'>interiorem</span> <span class='ocrx_word' id='word_1_56' title='bbox 1060 921 1115 983; x_wconf 91' lang='lat' dir='ltr'>ho·</span> 
     </span>
     <span class='ocr_line' id='line_1_8' title="bbox 199 1003 1115 1085; baseline 0 -20"><span class='ocrx_word' id='word_1_57' title='bbox 199 1006 324 1083; x_wconf 81' lang='lat' dir='ltr'><strong>minem,</strong></span> <span class='ocrx_word' id='word_1_58' title='bbox 346 1005 438 1065; x_wconf 88' lang='lat' dir='ltr'>video</span> <span class='ocrx_word' id='word_1_59' title='bbox 460 1012 562 1065; x_wconf 82' lang='lat' dir='ltr'>nutem</span> <span class='ocrx_word' id='word_1_60' title='bbox 581 1003 673 1064; x_wconf 81' lang='lat' dir='ltr'>eliam</span> <span class='ocrx_word' id='word_1_61' title='bbox 695 1004 795 1085; x_wconf 84' lang='lat' dir='ltr'>legem</span> <span class='ocrx_word' id='word_1_62' title='bbox 810 1008 841 1067; x_wconf 92' lang='lat' dir='ltr'>in</span> <span class='ocrx_word' id='word_1_63' title='bbox 865 1004 1008 1067; x_wconf 84' lang='lat' dir='ltr'>membris</span> <span class='ocrx_word' id='word_1_64' title='bbox 1030 1007 1115 1079; x_wconf 89' lang='lat' dir='ltr'>meis,</span> 
     </span>
     <span class='ocr_line' id='line_1_9' title="bbox 199 1087 1116 1168; baseline 0.002 -21"><span class='ocrx_word' id='word_1_65' title='bbox 199 1095 423 1168; x_wconf 78' lang='lat' dir='ltr'>repugnantem</span> <span class='ocrx_word' id='word_1_66' title='bbox 447 1087 508 1167; x_wconf 86' lang='lat' dir='ltr'>legi</span> <span class='ocrx_word' id='word_1_67' title='bbox 530 1088 640 1147; x_wconf 92' lang='lat' dir='ltr'>mentis</span> <span class='ocrx_word' id='word_1_68' title='bbox 664 1106 751 1148; x_wconf 76' lang='lat' dir='ltr'>mese</span> <span class='ocrx_word' id='word_1_69' title='bbox 765 1097 821 1152; x_wconf 88' lang='lat' dir='ltr'>eto.</span> <span class='ocrx_word' id='word_1_70' title='bbox 844 1088 902 1149; x_wconf 85' lang='lat' dir='ltr'>Hie</span> <span class='ocrx_word' id='word_1_71' title='bbox 923 1088 1116 1149; x_wconf 80' lang='lat' dir='ltr'>advertamus</span> 
     </span>
     <span class='ocr_line' id='line_1_10' title="bbox 199 1169 1115 1250; baseline 0.001 -21"><span class='ocrx_word' id='word_1_72' title='bbox 199 1170 395 1250; x_wconf 85' lang='lat' dir='ltr'>Apostolum,</span> <span class='ocrx_word' id='word_1_73' title='bbox 417 1170 531 1231; x_wconf 82' lang='lat' dir='ltr'>cedent</span> <span class='ocrx_word' id='word_1_74' title='bbox 550 1169 621 1229; x_wconf 87' lang='lat' dir='ltr'>huie</span> <span class='ocrx_word' id='word_1_75' title='bbox 642 1172 720 1241; x_wconf 84' lang='lat' dir='ltr'>ratio</span> <span class='ocrx_word' id='word_1_76' title='bbox 743 1183 774 1233; x_wconf 87' lang='lat' dir='ltr'>et</span> <span class='ocrx_word' id='word_1_77' title='bbox 795 1173 957 1249; x_wconf 73' lang='lat' dir='ltr'>autoritas,</span> <span class='ocrx_word' id='word_1_78' title='bbox 981 1172 1045 1233; x_wconf 88' lang='lat' dir='ltr'>sive</span> <span class='ocrx_word' id='word_1_79' title='bbox 1067 1189 1115 1230; x_wconf 89' lang='lat' dir='ltr'>eo-</span> 
     </span>
     <span class='ocr_line' id='line_1_11' title="bbox 200 1253 1116 1337; baseline 0.003 -26"><span class='ocrx_word' id='word_1_80' title='bbox 200 1253 311 1323; x_wconf 84' lang='lat' dir='ltr'>elesioe</span> <span class='ocrx_word' id='word_1_81' title='bbox 334 1255 400 1314; x_wconf 86' lang='lat' dir='ltr'>sive</span> <span class='ocrx_word' id='word_1_82' title='bbox 413 1253 550 1315; x_wconf 81' lang='lat' dir='ltr'>concilii:</span> <span class='ocrx_word' id='word_1_83' title='bbox 567 1253 712 1332; x_wconf 84' lang='lat' dir='ltr'>quonium</span> <span class='ocrx_word' id='word_1_84' title='bbox 725 1253 775 1315; x_wconf 86' lang='lat' dir='ltr'>hio</span> <span class='ocrx_word' id='word_1_85' title='bbox 788 1254 923 1333; x_wconf 79' lang='lat' dir='ltr'>docetur,</span> <span class='ocrx_word' id='word_1_86' title='bbox 946 1254 1031 1337; x_wconf 85' lang='lat' dir='ltr'>ouius</span> <span class='ocrx_word' id='word_1_87' title='bbox 1046 1272 1116 1314; x_wconf 89' lang='lat' dir='ltr'>oon-</span> 
     </span>
     <span class='ocr_line' id='line_1_12' title="bbox 200 1334 1113 1481; baseline 0.001 -85"><span class='ocrx_word' id='word_1_88' title='bbox 200 1338 383 1415; x_wconf 70' lang='lat' dir='ltr'>treriumpsi</span> <span class='ocrx_word' id='word_1_89' title='bbox 403 1336 531 1417; x_wconf 79' lang='lat' dir='ltr'>angelus</span> <span class='ocrx_word' id='word_1_90' title='bbox 552 1334 591 1395; x_wconf 91' lang='lat' dir='ltr'>de</span> <span class='ocrx_word' id='word_1_91' title='bbox 612 1335 703 1395; x_wconf 90' lang='lat' dir='ltr'>ooelo</span> <span class='ocrx_word' id='word_1_92' title='bbox 726 1336 883 1481; x_wconf 59' lang='lat' dir='ltr'>docueril,J</span> <span class='ocrx_word' id='word_1_93' title='bbox 897 1357 959 1409; x_wconf 90' lang='lat' dir='ltr'>non</span> <span class='ocrx_word' id='word_1_94' title='bbox 982 1334 1113 1397; x_wconf 84' lang='lat' dir='ltr'>o&#39;redsm.</span> 
     </span>
     <span class='ocr_line' id='line_1_13' title="bbox 201 1418 1199 1501; baseline 0.004 -22"><span class='ocrx_word' id='word_1_95' title='bbox 201 1418 295 1480; x_wconf 83' lang='lat' dir='ltr'>Nemo</span> <span class='ocrx_word' id='word_1_96' title='bbox 309 1418 394 1481; x_wconf 89' lang='lat' dir='ltr'>huno</span> <span class='ocrx_word' id='word_1_97' title='bbox 405 1418 508 1481; x_wconf 90' lang='lat' dir='ltr'>looum</span> <span class='ocrx_word' id='word_1_98' title='bbox 518 1418 659 1497; x_wconf 88' lang='lat' dir='ltr'>Apostoli</span> <span class='ocrx_word' id='word_1_99' title='bbox 671 1418 862 1501; x_wconf 82' lang='lat' dir='ltr'>mihisupere</span> <span class='ocrx_word' id='word_1_100' title='bbox 884 1420 917 1499; x_wconf 91' lang='lat' dir='ltr'>it,</span> <span class='ocrx_word' id='word_1_101' title='bbox 928 1438 986 1480; x_wconf 89' lang='lat' dir='ltr'>neo</span> <span class='ocrx_word' id='word_1_102' title='bbox 997 1418 1116 1482; x_wconf 79' lang='lat' dir='ltr'>evadet.</span> <span class='ocrx_word' id='word_1_103' title='bbox 1195 1464 1199 1483; x_wconf 90' lang='lat'><strong><em>.</em></strong></span> 
     </span>
     <span class='ocr_line' id='line_1_14' title="bbox 278 1502 1115 1585; baseline 0 -22"><span class='ocrx_word' id='word_1_104' title='bbox 278 1502 429 1579; x_wconf 89' lang='lat' dir='ltr'>Primum,</span> <span class='ocrx_word' id='word_1_105' title='bbox 450 1502 511 1585; x_wconf 30' lang='lat' dir='ltr'>‘hie</span> <span class='ocrx_word' id='word_1_106' title='bbox 531 1502 612 1561; x_wconf 92' lang='lat' dir='ltr'>idem</span> <span class='ocrx_word' id='word_1_107' title='bbox 635 1521 713 1561; x_wconf 92' lang='lat' dir='ltr'>unus</span> <span class='ocrx_word' id='word_1_108' title='bbox 740 1502 834 1564; x_wconf 93' lang='lat' dir='ltr'>homo</span> <span class='ocrx_word' id='word_1_109' title='bbox 856 1504 967 1564; x_wconf 82' lang='lat' dir='ltr'>Paulus</span> <span class='ocrx_word' id='word_1_110' title='bbox 990 1503 1020 1563; x_wconf 81' lang='lat' dir='ltr'>S.</span> <span class='ocrx_word' id='word_1_111' title='bbox 1042 1521 1115 1582; x_wconf 84' lang='lat' dir='ltr'>apo-</span> 
     </span>
     <span class='ocr_line' id='line_1_15' title="bbox 202 1584 1113 1665; baseline 0 -21"><span class='ocrx_word' id='word_1_112' title='bbox 202 1584 312 1664; x_wconf 85' lang='lat' dir='ltr'>stolus,</span> <span class='ocrx_word' id='word_1_113' title='bbox 334 1584 445 1665; x_wconf 85' lang='lat' dir='ltr'>plenus</span> <span class='ocrx_word' id='word_1_114' title='bbox 467 1587 578 1665; x_wconf 78' lang='lat' dir='ltr'>grstia,</span> <span class='ocrx_word' id='word_1_115' title='bbox 602 1584 691 1645; x_wconf 90' lang='lat' dir='ltr'>simul</span> <span class='ocrx_word' id='word_1_116' title='bbox 713 1585 882 1647; x_wconf 73' lang='lat' dir='ltr'>delectetur</span> <span class='ocrx_word' id='word_1_117' title='bbox 903 1588 933 1646; x_wconf 93' lang='lat' dir='ltr'>in</span> <span class='ocrx_word' id='word_1_118' title='bbox 956 1585 1025 1665; x_wconf 87' lang='lat' dir='ltr'>lege</span> <span class='ocrx_word' id='word_1_119' title='bbox 1047 1586 1113 1664; x_wconf 86' lang='lat' dir='ltr'>Dei,</span> 
     </span>
     <span class='ocr_line' id='line_1_16' title="bbox 203 1666 1113 1749; baseline 0 -23"><span class='ocrx_word' id='word_1_120' title='bbox 203 1668 287 1729; x_wconf 89' lang='lat' dir='ltr'>simul</span> <span class='ocrx_word' id='word_1_121' title='bbox 314 1676 469 1749; x_wconf 81' lang='lat' dir='ltr'>repugnet</span> <span class='ocrx_word' id='word_1_122' title='bbox 490 1668 551 1747; x_wconf 84' lang='lat' dir='ltr'>legi</span> <span class='ocrx_word' id='word_1_123' title='bbox 572 1666 647 1747; x_wconf 88' lang='lat' dir='ltr'>Dei,</span> <span class='ocrx_word' id='word_1_124' title='bbox 675 1669 764 1743; x_wconf 88' lang='lat' dir='ltr'>simul</span> <span class='ocrx_word' id='word_1_125' title='bbox 786 1669 851 1730; x_wconf 84' lang='lat' dir='ltr'>vult</span> <span class='ocrx_word' id='word_1_126' title='bbox 872 1668 987 1729; x_wconf 88' lang='lat' dir='ltr'>bonum</span> <span class='ocrx_word' id='word_1_127' title='bbox 1008 1687 1113 1727; x_wconf 85' lang='lat' dir='ltr'>seeun-</span> 
     </span>
     <span class='ocr_line' id='line_1_17' title="bbox 205 1749 1114 1833; baseline 0.002 -24"><span class='ocrx_word' id='word_1_128' title='bbox 205 1750 267 1819; x_wconf 85' lang='lat' dir='ltr'>dum</span> <span class='ocrx_word' id='word_1_129' title='bbox 291 1752 442 1833; x_wconf 85' lang='lat' dir='ltr'>spiritum,</span> <span class='ocrx_word' id='word_1_130' title='bbox 464 1769 526 1810; x_wconf 94' lang='lat' dir='ltr'>non</span> <span class='ocrx_word' id='word_1_131' title='bbox 548 1756 650 1811; x_wconf 82' lang='lat' dir='ltr'>temen</span> <span class='ocrx_word' id='word_1_132' title='bbox 673 1770 691 1811; x_wconf 86' lang='lat' dir='ltr'>s</span> <span class='ocrx_word' id='word_1_133' title='bbox 714 1752 737 1811; x_wconf 94' lang='lat' dir='ltr'>it</span> <span class='ocrx_word' id='word_1_134' title='bbox 749 1759 875 1831; x_wconf 88' lang='lat' dir='ltr'>propter</span> <span class='ocrx_word' id='word_1_135' title='bbox 903 1770 1036 1827; x_wconf 77' lang='lat' dir='ltr'>earnem,</span> <span class='ocrx_word' id='word_1_136' title='bbox 1059 1749 1114 1811; x_wconf 85' lang='lat' dir='ltr'>sed</span> 
     </span>
     <span class='ocr_line' id='line_1_18' title="bbox 206 1770 1112 1915; baseline -0.001 -21"><span class='ocrx_word' id='word_1_137' title='bbox 206 1835 393 1895; x_wconf 76' lang='lat' dir='ltr'>eontrarium.</span> <span class='ocrx_word' id='word_1_138' title='bbox 436 1833 519 1913; x_wconf 75' lang='lat' dir='ltr'>Ergo</span> <span class='ocrx_word' id='word_1_139' title='bbox 541 1841 659 1915; x_wconf 77' lang='lat' dir='ltr'>penest,</span> <span class='ocrx_word' id='word_1_140' title='bbox 683 1770 754 1894; x_wconf 60' lang='lat' dir='ltr'>&lt;firm</span> <span class='ocrx_word' id='word_1_141' title='bbox 771 1835 848 1895; x_wconf 85' lang='lat' dir='ltr'>bene</span> <span class='ocrx_word' id='word_1_142' title='bbox 870 1834 950 1905; x_wconf 76' lang='lat' dir='ltr'>luoit.</span> <span class='ocrx_word' id='word_1_143' title='bbox 973 1832 1112 1893; x_wconf 82' lang='lat' dir='ltr'>Nsmre·</span> 
     </span>
     <span class='ocr_line' id='line_1_19' title="bbox 208 1915 1114 1997; baseline 0 -20"><span class='ocrx_word' id='word_1_144' title='bbox 208 1936 333 1997; x_wconf 81' lang='lat' dir='ltr'>pugnare</span> <span class='ocrx_word' id='word_1_145' title='bbox 356 1916 418 1996; x_wconf 86' lang='lat' dir='ltr'>legi</span> <span class='ocrx_word' id='word_1_146' title='bbox 439 1916 513 1995; x_wconf 88' lang='lat' dir='ltr'>Dei,</span> <span class='ocrx_word' id='word_1_147' title='bbox 541 1917 607 1995; x_wconf 91' lang='lat' dir='ltr'>quis</span> <span class='ocrx_word' id='word_1_148' title='bbox 630 1915 713 1977; x_wconf 82' lang='lat' dir='ltr'>aliud</span> <span class='ocrx_word' id='word_1_149' title='bbox 735 1936 827 1997; x_wconf 82' lang='lat' dir='ltr'>quem</span> <span class='ocrx_word' id='word_1_150' title='bbox 849 1935 979 1997; x_wconf 82' lang='lat' dir='ltr'>peooere</span> <span class='ocrx_word' id='word_1_151' title='bbox 995 1916 1114 1995; x_wconf 78' lang='lat' dir='ltr'>¹sudent</span> 
     </span>
     <span class='ocr_line' id='line_1_20' title="bbox 210 1998 1114 2080; baseline 0 -23"><span class='ocrx_word' id='word_1_152' title='bbox 210 1998 392 2079; x_wconf 83' lang='lat' dir='ltr'>intelligere?</span> <span class='ocrx_word' id='word_1_153' title='bbox 413 1998 483 2059; x_wconf 86' lang='lat' dir='ltr'>Non</span> <span class='ocrx_word' id='word_1_154' title='bbox 505 2017 599 2079; x_wconf 84' lang='lat' dir='ltr'>egere</span> <span class='ocrx_word' id='word_1_155' title='bbox 618 1998 744 2080; x_wconf 87' lang='lat' dir='ltr'>bonnm,</span> <span class='ocrx_word' id='word_1_156' title='bbox 767 2019 870 2061; x_wconf 88' lang='lat' dir='ltr'>nonne</span> <span class='ocrx_word' id='word_1_157' title='bbox 885 2005 992 2061; x_wconf 85' lang='lat' dir='ltr'>oontro</span> <span class='ocrx_word' id='word_1_158' title='bbox 1014 2000 1114 2079; x_wconf 83' lang='lat' dir='ltr'>legem</span> 
     </span>
     <span class='ocr_line' id='line_1_21' title="bbox 211 2080 1116 2163; baseline 0.001 -23"><span class='ocrx_word' id='word_1_159' title='bbox 211 2081 255 2141; x_wconf 88' lang='lat' dir='ltr'>Dei</span> <span class='ocrx_word' id='word_1_160' title='bbox 276 2082 342 2142; x_wconf 83' lang='lat' dir='ltr'>est?</span> <span class='ocrx_word' id='word_1_161' title='bbox 365 2083 406 2141; x_wconf 83' lang='lat' dir='ltr'>At</span> <span class='ocrx_word' id='word_1_162' title='bbox 427 2080 499 2141; x_wconf 90' lang='lat' dir='ltr'>dum</span> <span class='ocrx_word' id='word_1_163' title='bbox 518 2082 584 2141; x_wconf 88' lang='lat' dir='ltr'>vult</span> <span class='ocrx_word' id='word_1_164' title='bbox 604 2081 805 2161; x_wconf 87' lang='lat' dir='ltr'>hoobonum,</span> <span class='ocrx_word' id='word_1_165' title='bbox 828 2100 866 2143; x_wconf 93' lang='lat' dir='ltr'>eo</span> <span class='ocrx_word' id='word_1_166' title='bbox 887 2085 955 2163; x_wconf 89' lang='lat' dir='ltr'>ipso</span> <span class='ocrx_word' id='word_1_167' title='bbox 969 2102 1031 2142; x_wconf 92' lang='lat' dir='ltr'>non</span> <span class='ocrx_word' id='word_1_168' title='bbox 1044 2083 1116 2142; x_wconf 85' lang='lat' dir='ltr'>feeit</span> 
     </span>
     <span class='ocr_line' id='line_1_22' title="bbox 213 2164 1113 2245; baseline 0.001 -21"><span class='ocrx_word' id='word_1_169' title='bbox 213 2164 259 2225; x_wconf 88' lang='lat' dir='ltr'>hoo</span> <span class='ocrx_word' id='word_1_170' title='bbox 279 2165 410 2243; x_wconf 89' lang='lat' dir='ltr'>bonum,</span> <span class='ocrx_word' id='word_1_171' title='bbox 432 2164 486 2225; x_wconf 83' lang='lat' dir='ltr'>sed</span> <span class='ocrx_word' id='word_1_172' title='bbox 509 2165 622 2226; x_wconf 85' lang='lat' dir='ltr'>melum</span> <span class='ocrx_word' id='word_1_173' title='bbox 644 2167 844 2245; x_wconf 80' lang='lat' dir='ltr'>eontrarium,</span> <span class='ocrx_word' id='word_1_174' title='bbox 867 2185 934 2225; x_wconf 88' lang='lat' dir='ltr'>oum</span> <span class='ocrx_word' id='word_1_175' title='bbox 949 2183 1022 2245; x_wconf 87' lang='lat' dir='ltr'>ergo</span> <span class='ocrx_word' id='word_1_176' title='bbox 1041 2184 1113 2225; x_wconf 93' lang='lat' dir='ltr'>nun·</span> 
     </span>
     <span class='ocr_line' id='line_1_23' title="bbox 213 2247 1112 2329; baseline 0.002 -23"><span class='ocrx_word' id='word_1_177' title='bbox 213 2266 287 2326; x_wconf 79' lang='lat' dir='ltr'>quem</span> <span class='ocrx_word' id='word_1_178' title='bbox 309 2248 350 2309; x_wconf 83' lang='lat' dir='ltr'>sit</span> <span class='ocrx_word' id='word_1_179' title='bbox 371 2248 437 2307; x_wconf 86' lang='lat' dir='ltr'>sine</span> <span class='ocrx_word' id='word_1_180' title='bbox 458 2249 676 2329; x_wconf 76' lang='lat' dir='ltr'>repugnantia,</span> <span class='ocrx_word' id='word_1_181' title='bbox 699 2268 853 2329; x_wconf 80' lang='lat' dir='ltr'>nunquam</span> <span class='ocrx_word' id='word_1_182' title='bbox 868 2250 934 2311; x_wconf 90' lang='lat' dir='ltr'>sine</span> <span class='ocrx_word' id='word_1_183' title='bbox 944 2248 1017 2309; x_wconf 89' lang='lat' dir='ltr'>vitio</span> <span class='ocrx_word' id='word_1_184' title='bbox 1033 2247 1112 2309; x_wconf 90' lang='lat' dir='ltr'>bene</span> 
     </span>
     <span class='ocr_line' id='line_1_24' title="bbox 214 2328 1111 2413; baseline 0.004 -27"><span class='ocrx_word' id='word_1_185' title='bbox 214 2330 279 2407; x_wconf 84' lang='lat' dir='ltr'>ssoit,</span> <span class='ocrx_word' id='word_1_186' title='bbox 299 2349 455 2410; x_wconf 74' lang='lat' dir='ltr'>nunqnam</span> <span class='ocrx_word' id='word_1_187' title='bbox 478 2348 552 2410; x_wconf 85' lang='lat' dir='ltr'>ergo</span> <span class='ocrx_word' id='word_1_188' title='bbox 564 2331 657 2410; x_wconf 91' lang='lat' dir='ltr'>plene</span> <span class='ocrx_word' id='word_1_189' title='bbox 669 2331 777 2413; x_wconf 88' lang='lat' dir='ltr'>implet</span> <span class='ocrx_word' id='word_1_190' title='bbox 797 2332 898 2413; x_wconf 80' lang='lat' dir='ltr'>legem</span> <span class='ocrx_word' id='word_1_191' title='bbox 910 2332 976 2392; x_wconf 88' lang='lat' dir='ltr'>Dei.</span> <span class='ocrx_word' id='word_1_192' title='bbox 999 2328 1111 2409; x_wconf 78' lang='lat' dir='ltr'>Quare,</span> 
     </span>
     <span class='ocr_line' id='line_1_25' title="bbox 214 2412 1108 2495; baseline 0.002 -25"><span class='ocrx_word' id='word_1_193' title='bbox 214 2416 236 2473; x_wconf 90' lang='lat' dir='ltr'>ut</span> <span class='ocrx_word' id='word_1_194' title='bbox 251 2414 295 2473; x_wconf 87' lang='lat' dir='ltr'>sio</span> <span class='ocrx_word' id='word_1_195' title='bbox 316 2412 455 2493; x_wconf 82' lang='lat' dir='ltr'>dixerim,</span> <span class='ocrx_word' id='word_1_196' title='bbox 476 2415 620 2473; x_wconf 84' lang='lat' dir='ltr'>noluntas</span> <span class='ocrx_word' id='word_1_197' title='bbox 632 2414 685 2473; x_wconf 83' lang='lat' dir='ltr'>ille</span> <span class='ocrx_word' id='word_1_198' title='bbox 706 2414 784 2495; x_wconf 88' lang='lat' dir='ltr'>legis</span> <span class='ocrx_word' id='word_1_199' title='bbox 795 2415 852 2477; x_wconf 87' lang='lat' dir='ltr'>Dei</span> <span class='ocrx_word' id='word_1_200' title='bbox 873 2416 905 2475; x_wconf 92' lang='lat' dir='ltr'>in</span> <span class='ocrx_word' id='word_1_201' title='bbox 928 2432 1108 2475; x_wconf 83' lang='lat' dir='ltr'>eornesem-</span> 
     </span>
     <span class='ocr_line' id='line_1_26' title="bbox 212 2494 1109 2581; baseline 0.002 -26"><span class='ocrx_word' id='word_1_202' title='bbox 212 2504 335 2575; x_wconf 73' lang='lat' dir='ltr'>petest,</span> <span class='ocrx_word' id='word_1_203' title='bbox 370 2495 492 2576; x_wconf 83' lang='lat' dir='ltr'>quondo</span> <span class='ocrx_word' id='word_1_204' title='bbox 516 2496 657 2557; x_wconf 87' lang='lat' dir='ltr'>voluntes</span> <span class='ocrx_word' id='word_1_205' title='bbox 682 2506 729 2556; x_wconf 92' lang='lat' dir='ltr'>est</span> <span class='ocrx_word' id='word_1_206' title='bbox 750 2498 827 2578; x_wconf 86' lang='lat' dir='ltr'>legis</span> <span class='ocrx_word' id='word_1_207' title='bbox 849 2498 922 2581; x_wconf 90' lang='lat' dir='ltr'>Dei,</span> <span class='ocrx_word' id='word_1_208' title='bbox 955 2516 1009 2579; x_wconf 88' lang='lat' dir='ltr'>per</span> <span class='ocrx_word' id='word_1_209' title='bbox 1030 2494 1109 2557; x_wconf 82' lang='lat' dir='ltr'>hene</span> 
     </span>
     <span class='ocr_line' id='line_1_27' title="bbox 210 2577 1111 2659; baseline 0.001 -21"><span class='ocrx_word' id='word_1_210' title='bbox 210 2577 366 2657; x_wconf 72' lang='lat' dir='ltr'>benefecit,</span> <span class='ocrx_word' id='word_1_211' title='bbox 387 2578 546 2659; x_wconf 82' lang='lat' dir='ltr'>perillam</span> <span class='ocrx_word' id='word_1_212' title='bbox 569 2579 732 2642; x_wconf 81' lang='lat' dir='ltr'>malefecit.</span> <span class='ocrx_word' id='word_1_213' title='bbox 765 2580 857 2641; x_wconf 86' lang='lat' dir='ltr'>Nolle</span> <span class='ocrx_word' id='word_1_214' title='bbox 879 2587 927 2641; x_wconf 88' lang='lat' dir='ltr'>est</span> <span class='ocrx_word' id='word_1_215' title='bbox 948 2600 987 2640; x_wconf 90' lang='lat' dir='ltr'>ex</span> <span class='ocrx_word' id='word_1_216' title='bbox 1009 2597 1111 2659; x_wconf 79' lang='lat' dir='ltr'>earne,</span> 
     </span>
     <span class='ocr_line' id='line_1_28' title="bbox 207 2661 1110 2741; baseline 0.003 -20"><span class='ocrx_word' id='word_1_217' title='bbox 207 2661 275 2723; x_wconf 76' lang='lat' dir='ltr'>velle</span> <span class='ocrx_word' id='word_1_218' title='bbox 298 2681 339 2722; x_wconf 84' lang='lat' dir='ltr'>ex</span> <span class='ocrx_word' id='word_1_219' title='bbox 361 2662 477 2741; x_wconf 89' lang='lat' dir='ltr'>spiritu.</span> <span class='ocrx_word' id='word_1_220' title='bbox 518 2662 592 2723; x_wconf 92' lang='lat' dir='ltr'>Ideo</span> <span class='ocrx_word' id='word_1_221' title='bbox 610 2681 749 2741; x_wconf 85' lang='lat' dir='ltr'>oremus,</span> <span class='ocrx_word' id='word_1_222' title='bbox 772 2671 805 2723; x_wconf 91' lang='lat' dir='ltr'>ut</span> <span class='ocrx_word' id='word_1_223' title='bbox 825 2662 879 2723; x_wconf 86' lang='lat' dir='ltr'>flet</span> <span class='ocrx_word' id='word_1_224' title='bbox 900 2662 1041 2724; x_wconf 79' lang='lat' dir='ltr'>voluntas</span> <span class='ocrx_word' id='word_1_225' title='bbox 1053 2662 1110 2724; x_wconf 89' lang='lat' dir='ltr'>Dei</span> 
     </span>
     <span class='ocr_line' id='line_1_29' title="bbox 203 2741 1109 2829; baseline 0.007 -30"><span class='ocrx_word' id='word_1_226' title='bbox 203 2741 225 2803; x_wconf 87' lang='lat' dir='ltr'>iu</span> <span class='ocrx_word' id='word_1_227' title='bbox 246 2752 329 2805; x_wconf 82' lang='lat' dir='ltr'>terra</span> <span class='ocrx_word' id='word_1_228' title='bbox 353 2751 494 2823; x_wconf 79' lang='lat' dir='ltr'>(earne),</span> <span class='ocrx_word' id='word_1_229' title='bbox 516 2746 594 2805; x_wconf 91' lang='lat' dir='ltr'>siout</span> <span class='ocrx_word' id='word_1_230' title='bbox 622 2744 653 2805; x_wconf 89' lang='lat' dir='ltr'>id</span> <span class='ocrx_word' id='word_1_231' title='bbox 675 2746 706 2807; x_wconf 91' lang='lat' dir='ltr'>in</span> <span class='ocrx_word' id='word_1_232' title='bbox 730 2746 819 2807; x_wconf 88' lang='lat' dir='ltr'>ooelo</span> <span class='ocrx_word' id='word_1_233' title='bbox 846 2746 893 2825; x_wconf 89' lang='lat' dir='ltr'>(id</span> <span class='ocrx_word' id='word_1_234' title='bbox 916 2755 963 2807; x_wconf 90' lang='lat' dir='ltr'>est</span> <span class='ocrx_word' id='word_1_235' title='bbox 984 2746 1109 2829; x_wconf 86' lang='lat' dir='ltr'>spiritu)</span> 
     </span>
     <span class='ocr_line' id='line_1_30' title="bbox 199 2820 1109 2909; baseline 0.005 -26"><span class='ocrx_word' id='word_1_236' title='bbox 199 2820 233 2889; x_wconf 81' lang='lat' dir='ltr'>lt.</span> <span class='ocrx_word' id='word_1_237' title='bbox 278 2827 332 2889; x_wconf 79' lang='lat' dir='ltr'>sis</span> <span class='ocrx_word' id='word_1_238' title='bbox 362 2826 452 2887; x_wconf 80' lang='lat' dir='ltr'>dicit:</span> <span class='ocrx_word' id='word_1_239' title='bbox 475 2827 563 2889; x_wconf 88' lang='lat' dir='ltr'>Velle</span> <span class='ocrx_word' id='word_1_240' title='bbox 592 2829 665 2888; x_wconf 92' lang='lat' dir='ltr'>mihi</span> <span class='ocrx_word' id='word_1_241' title='bbox 700 2828 835 2909; x_wconf 81' lang='lat' dir='ltr'>adiacet,</span> <span class='ocrx_word' id='word_1_242' title='bbox 869 2828 1017 2908; x_wconf 79' lang='lat' dir='ltr'>periinere</span> <span class='ocrx_word' id='word_1_243' title='bbox 1046 2847 1109 2889; x_wconf 90' lang='lat' dir='ltr'>nou</span> 
     </span>
     <span class='ocr_line' id='line_1_31' title="bbox 199 2904 1110 2992; baseline 0.001 -21"><span class='ocrx_word' id='word_1_244' title='bbox 199 2904 328 2971; x_wconf 82' lang='lat' dir='ltr'>invenio.</span> <span class='ocrx_word' id='word_1_245' title='bbox 362 2910 429 2971; x_wconf 88' lang='lat' dir='ltr'>Hoo</span> <span class='ocrx_word' id='word_1_246' title='bbox 451 2918 482 2971; x_wconf 89' lang='lat' dir='ltr'>et</span> <span class='ocrx_word' id='word_1_247' title='bbox 503 2910 685 2972; x_wconf 80' lang='lat' dir='ltr'>Soholestioi</span> <span class='ocrx_word' id='word_1_248' title='bbox 707 2910 827 2990; x_wconf 84' lang='lat' dir='ltr'>dieunt,</span> <span class='ocrx_word' id='word_1_249' title='bbox 850 2911 931 2992; x_wconf 92' lang='lat' dir='ltr'>quod</span> <span class='ocrx_word' id='word_1_250' title='bbox 953 2912 1048 2972; x_wconf 89' lang='lat' dir='ltr'>homo</span> <span class='ocrx_word' id='word_1_251' title='bbox 1071 2913 1110 2972; x_wconf 85' lang='lat' dir='ltr'>sit</span> 
     </span>
     <span class='ocr_line' id='line_1_32' title="bbox 199 2988 1107 3073; baseline 0.006 -25"><span class='ocrx_word' id='word_1_252' title='bbox 199 2988 326 3053; x_wconf 86' lang='lat' dir='ltr'>liffioilis</span> <span class='ocrx_word' id='word_1_253' title='bbox 349 2992 388 3052; x_wconf 84' lang='lat' dir='ltr'>od</span> <span class='ocrx_word' id='word_1_254' title='bbox 409 2993 533 3070; x_wconf 90' lang='lat' dir='ltr'>bonum,</span> <span class='ocrx_word' id='word_1_255' title='bbox 556 3000 587 3053; x_wconf 92' lang='lat' dir='ltr'>et</span> <span class='ocrx_word' id='word_1_256' title='bbox 607 3013 722 3073; x_wconf 87' lang='lat' dir='ltr'>pronus</span> <span class='ocrx_word' id='word_1_257' title='bbox 745 2994 784 3055; x_wconf 82' lang='lat' dir='ltr'>ed</span> <span class='ocrx_word' id='word_1_258' title='bbox 807 2994 931 3071; x_wconf 87' lang='lat' dir='ltr'>molum,</span> <span class='ocrx_word' id='word_1_259' title='bbox 953 3000 1107 3055; x_wconf 79' lang='lat' dir='ltr'>ettamen</span> 
     </span>
     <span class='ocr_line' id='line_1_33' title="bbox 199 3075 1108 3157; baseline 0.003 -24"><span class='ocrx_word' id='word_1_260' title='bbox 199 3076 309 3137; x_wconf 74' lang='lat' dir='ltr'>rudent</span> <span class='ocrx_word' id='word_1_261' title='bbox 332 3075 451 3154; x_wconf 89' lang='lat' dir='ltr'>dioere,</span> <span class='ocrx_word' id='word_1_262' title='bbox 482 3096 544 3136; x_wconf 93' lang='lat' dir='ltr'>non</span> <span class='ocrx_word' id='word_1_263' title='bbox 569 3096 638 3157; x_wconf 80' lang='lat' dir='ltr'>esse</span> <span class='ocrx_word' id='word_1_264' title='bbox 659 3086 820 3156; x_wconf 83' lang='lat' dir='ltr'>peooetum</span> <span class='ocrx_word' id='word_1_265' title='bbox 841 3079 873 3138; x_wconf 92' lang='lat' dir='ltr'>in</span> <span class='ocrx_word' id='word_1_266' title='bbox 895 3096 990 3157; x_wconf 90' lang='lat' dir='ltr'>opere</span> <span class='ocrx_word' id='word_1_267' title='bbox 1013 3077 1108 3153; x_wconf 91' lang='lat' dir='ltr'>bono,</span> 
     </span>
     <span class='ocr_line' id='line_1_34' title="bbox 199 3157 1108 3240; baseline -0.002 -20"><span class='ocrx_word' id='word_1_268' title='bbox 199 3161 280 3238; x_wconf 70' lang='lat' dir='ltr'>{nesi</span> <span class='ocrx_word' id='word_1_269' title='bbox 302 3157 482 3236; x_wconf 76' lang='lat' dir='ltr'>difficultas,</span> <span class='ocrx_word' id='word_1_270' title='bbox 513 3178 592 3239; x_wconf 83' lang='lat' dir='ltr'>quse</span> <span class='ocrx_word' id='word_1_271' title='bbox 614 3160 742 3240; x_wconf 88' lang='lat' dir='ltr'>impedit</span> <span class='ocrx_word' id='word_1_272' title='bbox 762 3161 889 3221; x_wconf 86' lang='lat' dir='ltr'>hilarem</span> <span class='ocrx_word' id='word_1_273' title='bbox 921 3168 952 3220; x_wconf 87' lang='lat' dir='ltr'>et</span> <span class='ocrx_word' id='word_1_274' title='bbox 982 3159 1108 3219; x_wconf 84' lang='lat' dir='ltr'>liberem</span> 
     </span>
     <span class='ocr_line' id='line_1_35' title="bbox 199 3241 1108 3325; baseline 0.002 -25"><span class='ocrx_word' id='word_1_275' title='bbox 199 3244 270 3325; x_wconf 81' lang='lat' dir='ltr'>egis</span> <span class='ocrx_word' id='word_1_276' title='bbox 292 3241 507 3317; x_wconf 80' lang='lat' dir='ltr'>dilectionem,</span> <span class='ocrx_word' id='word_1_277' title='bbox 530 3262 593 3303; x_wconf 92' lang='lat' dir='ltr'>non</span> <span class='ocrx_word' id='word_1_278' title='bbox 616 3241 744 3325; x_wconf 80' lang='lat' dir='ltr'>officiet,</span> <span class='ocrx_word' id='word_1_279' title='bbox 768 3244 948 3324; x_wconf 88' lang='lat' dir='ltr'>quominus</span> <span class='ocrx_word' id='word_1_280' title='bbox 971 3242 1032 3323; x_wconf 84' lang='lat' dir='ltr'>legi</span> <span class='ocrx_word' id='word_1_281' title='bbox 1054 3243 1108 3302; x_wconf 86' lang='lat' dir='ltr'>Dei</span> 
     </span>
     <span class='ocr_line' id='line_1_36' title="bbox 199 3323 1109 3406; baseline -0.003 -19"><span class='ocrx_word' id='word_1_282' title='bbox 199 3323 338 3402; x_wconf 69' lang='lat' dir='ltr'>›atisflot,</span> <span class='ocrx_word' id='word_1_283' title='bbox 361 3345 440 3405; x_wconf 81' lang='lat' dir='ltr'>quse</span> <span class='ocrx_word' id='word_1_284' title='bbox 461 3346 523 3387; x_wconf 90' lang='lat' dir='ltr'>non</span> <span class='ocrx_word' id='word_1_285' title='bbox 543 3326 601 3386; x_wconf 90' lang='lat' dir='ltr'>nisi</span> <span class='ocrx_word' id='word_1_286' title='bbox 617 3346 694 3406; x_wconf 88' lang='lat' dir='ltr'>puro</span> <span class='ocrx_word' id='word_1_287' title='bbox 712 3338 743 3387; x_wconf 87' lang='lat' dir='ltr'>et</span> <span class='ocrx_word' id='word_1_288' title='bbox 761 3325 857 3389; x_wconf 86' lang='lat' dir='ltr'>libero</span> <span class='ocrx_word' id='word_1_289' title='bbox 880 3343 985 3387; x_wconf 85' lang='lat' dir='ltr'>amore</span> <span class='ocrx_word' id='word_1_290' title='bbox 1004 3326 1109 3405; x_wconf 89' lang='lat' dir='ltr'>imple·</span> 
     </span>
     <span class='ocr_line' id='line_1_37' title="bbox 199 3407 1111 3489; baseline 0 -20"><span class='ocrx_word' id='word_1_291' title='bbox 199 3429 245 3469; x_wconf 89' lang='lat' dir='ltr'>ur.</span> <span class='ocrx_word' id='word_1_292' title='bbox 272 3407 353 3469; x_wconf 82' lang='lat' dir='ltr'>Psel.</span> <span class='ocrx_word' id='word_1_293' title='bbox 377 3414 410 3473; x_wconf 84' lang='lat' dir='ltr'>l:</span> <span class='ocrx_word' id='word_1_294' title='bbox 432 3409 466 3469; x_wconf 95' lang='lat' dir='ltr'>ln</span> <span class='ocrx_word' id='word_1_295' title='bbox 488 3410 558 3489; x_wconf 83' lang='lat' dir='ltr'>lege</span> <span class='ocrx_word' id='word_1_296' title='bbox 579 3408 702 3469; x_wconf 90' lang='lat' dir='ltr'>Domini</span> <span class='ocrx_word' id='word_1_297' title='bbox 738 3409 880 3471; x_wconf 76' lang='lat' dir='ltr'>voluntas</span> <span class='ocrx_word' id='word_1_298' title='bbox 903 3409 986 3487; x_wconf 91' lang='lat' dir='ltr'>eius,</span> <span class='ocrx_word' id='word_1_299' title='bbox 1027 3419 1058 3467; x_wconf 86' lang='lat' dir='ltr'>et</span> <span class='ocrx_word' id='word_1_300' title='bbox 1085 3413 1111 3471; x_wconf 86' lang='lat' dir='ltr'>l.</span> 
     </span>
     <span class='ocr_line' id='line_1_38' title="bbox 199 3490 1108 3572; baseline 0.001 -22"><span class='ocrx_word' id='word_1_301' title='bbox 199 3490 328 3553; x_wconf 84' lang='lat' dir='ltr'>limoth.</span> <span class='ocrx_word' id='word_1_302' title='bbox 352 3494 383 3553; x_wconf 85' lang='lat' dir='ltr'>l:</span> <span class='ocrx_word' id='word_1_303' title='bbox 406 3492 488 3552; x_wconf 84' lang='lat' dir='ltr'>Finis</span> <span class='ocrx_word' id='word_1_304' title='bbox 511 3492 587 3572; x_wconf 85' lang='lat' dir='ltr'>legis</span> <span class='ocrx_word' id='word_1_305' title='bbox 609 3493 737 3572; x_wconf 78' lang='lat' dir='ltr'>sorites,</span> <span class='ocrx_word' id='word_1_306' title='bbox 760 3494 802 3553; x_wconf 88' lang='lat' dir='ltr'>ito</span> <span class='ocrx_word' id='word_1_307' title='bbox 823 3491 863 3553; x_wconf 90' lang='lat' dir='ltr'>de</span> <span class='ocrx_word' id='word_1_308' title='bbox 886 3491 1006 3553; x_wconf 82' lang='lat' dir='ltr'>Christo</span> <span class='ocrx_word' id='word_1_309' title='bbox 1031 3491 1108 3551; x_wconf 83' lang='lat' dir='ltr'>Psol.</span> 
     </span>
     <span class='ocr_line' id='line_1_39' title="bbox 199 3574 985 3654; baseline -0.005 -18"><span class='ocrx_word' id='word_1_310' title='bbox 199 3576 251 3639; x_wconf 68' lang='lat'>15:</span> <span class='ocrx_word' id='word_1_311' title='bbox 272 3574 417 3637; x_wconf 86' lang='lat' dir='ltr'>Dilexisti</span> <span class='ocrx_word' id='word_1_312' title='bbox 437 3576 594 3654; x_wconf 80' lang='lat' dir='ltr'>iustitiam,</span> <span class='ocrx_word' id='word_1_313' title='bbox 616 3585 646 3635; x_wconf 88' lang='lat' dir='ltr'>et</span> <span class='ocrx_word' id='word_1_314' title='bbox 668 3574 758 3636; x_wconf 88' lang='lat' dir='ltr'>odisti</span> <span class='ocrx_word' id='word_1_315' title='bbox 782 3575 985 3654; x_wconf 77' lang='lat' dir='ltr'>iniquitatem.</span> 
     </span>
     <span class='ocr_line' id='line_1_40' title="bbox 274 3656 1109 3739; baseline 0.001 -22"><span class='ocrx_word' id='word_1_316' title='bbox 274 3656 441 3719; x_wconf 87' lang='lat' dir='ltr'>Oonoludit</span> <span class='ocrx_word' id='word_1_317' title='bbox 472 3677 545 3739; x_wconf 85' lang='lat' dir='ltr'>ergo</span> <span class='ocrx_word' id='word_1_318' title='bbox 574 3656 700 3719; x_wconf 78' lang='lat' dir='ltr'>Paulus:</span> <span class='ocrx_word' id='word_1_319' title='bbox 739 3658 830 3738; x_wconf 79' lang='lat' dir='ltr'>igitur</span> <span class='ocrx_word' id='word_1_320' title='bbox 863 3666 965 3717; x_wconf 89' lang='lat' dir='ltr'>mente</span> <span class='ocrx_word' id='word_1_321' title='bbox 1008 3659 1109 3719; x_wconf 89' lang='lat' dir='ltr'>servio</span> 
     </span>
     <span class='ocr_line' id='line_1_41' title="bbox 199 3739 1120 3824; baseline -0.001 -24"><span class='ocrx_word' id='word_1_322' title='bbox 199 3746 250 3818; x_wconf 79' lang='lat' dir='ltr'>egi</span> <span class='ocrx_word' id='word_1_323' title='bbox 275 3742 346 3816; x_wconf 84' lang='lat' dir='ltr'>Dei,</span> <span class='ocrx_word' id='word_1_324' title='bbox 376 3760 468 3801; x_wconf 81' lang='lat' dir='ltr'>oerne</span> <span class='ocrx_word' id='word_1_325' title='bbox 491 3751 595 3801; x_wconf 83' lang='lat' dir='ltr'>eutem</span> <span class='ocrx_word' id='word_1_326' title='bbox 620 3742 684 3824; x_wconf 82' lang='lat' dir='ltr'>legi</span> <span class='ocrx_word' id='word_1_327' title='bbox 707 3743 842 3824; x_wconf 83' lang='lat' dir='ltr'>peoooti.</span> <span class='ocrx_word' id='word_1_328' title='bbox 883 3739 969 3819; x_wconf 64' lang='lat' dir='ltr'>Quin</span> <span class='ocrx_word' id='word_1_329' title='bbox 995 3760 1120 3822; x_wconf 68' lang='lat' dir='ltr'>expres-</span> 
     </span>
     <span class='ocr_line' id='line_1_42' title="bbox 199 3824 1142 3905; baseline 0.011 -29"><span class='ocrx_word' id='word_1_330' title='bbox 199 3842 237 3877; x_wconf 74' lang='grc' dir='ltr'>ηε</span> <span class='ocrx_word' id='word_1_331' title='bbox 259 3824 323 3879; x_wconf 79' lang='lat' dir='ltr'>diei</span> <span class='ocrx_word' id='word_1_332' title='bbox 340 3829 463 3899; x_wconf 85' lang='lat' dir='ltr'>potest,</span> <span class='ocrx_word' id='word_1_333' title='bbox 494 3824 579 3886; x_wconf 85' lang='lat' dir='ltr'>idem</span> <span class='ocrx_word' id='word_1_334' title='bbox 604 3848 719 3891; x_wconf 89' lang='lat' dir='ltr'>servus</span> <span class='ocrx_word' id='word_1_335' title='bbox 745 3830 863 3897; x_wconf 80' lang='lat' dir='ltr'>eudem</span> <span class='ocrx_word' id='word_1_336' title='bbox 887 3830 1045 3893; x_wconf 78' lang='lat' dir='ltr'>seruitute</span> <span class='ocrx_word' id='word_1_337' title='bbox 1069 3825 1142 3905; x_wconf 59' lang='lat' dir='ltr'>tergi</span> 
     </span>
    </p>
   </div>
   <div class='ocr_carea' id='block_1_3' title="bbox 854 3915 928 3983">
    <p class='ocr_par' dir='ltr' id='par_1_3' title="bbox 854 3915 928 3983">
     <span class='ocr_line' id='line_1_43' title="bbox 854 3915 928 3983; baseline 0 0"><span class='ocrx_word' id='word_1_338' title='bbox 854 3918 895 3983; x_wconf 66' lang='lat' dir='ltr'>li</span> <span class='ocrx_word' id='word_1_339' title='bbox 910 3915 928 3952; x_wconf 75' lang='lat'>⁸</span> 
     </span>
    </p>
   </div>
   <div class='ocr_carea' id='block_1_4' title="bbox 0 0 1372 4417">
    <p class='ocr_par' dir='ltr' id='par_1_4' title="bbox 0 0 1372 4417">
     <span class='ocr_line' id='line_1_44' title="bbox 0 0 1372 4417; baseline 0 0"><span class='ocrx_word' id='word_1_340' title='bbox 0 0 1372 4417; x_wconf 95' lang='lat' dir='ltr'> </span> 
     </span>
    </p>
   </div>
  </div>
 </body>
</html>
