2709 4417
520 360 539 398 a
555 345 675 403 historiis
695 350 819 414 excepta.
866 402 871 421 x
1082 340 1123 408 81

224 533 308 594 stolici
328 531 454 593 honoris
475 532 634 594 consulitis
645 532 811 615 fastigium,
833 532 970 611 honoris,¹
991 533 1125 612 inquam,

147 622 162 683 l
222 616 303 693 illius,
330 616 479 695 quoniam
499 622 622 696 praeter
642 616 713 694 illa,
743 635 822 696 quae
851 621 922 676 sunt
942 617 1125 694 extrinseca,

146 708 166 779 ,p
222 698 378 760 sollicitudo
410 705 516 759 manet
547 701 681 761 omnium
715 699 928 778 ecclesiarum,
961 718 1052 778 snper
1073 718 1125 759 an·

146 786 161 863 p'
220 782 269 841 xiis
286 780 375 842 rebus
411 801 491 862 quae
513 783 553 842 sit
573 781 707 843 tenenda
728 783 880 843 sententia
904 784 1047 861 antiquae
1068 783 1124 842 sci·

150 870 164 961 p
220 865 281 924 licet
303 864 431 946 regulae
451 867 581 926 formam
611 865 716 926 secuti.
759 864 838 940 Quid
869 866 1041 946 expressius
1064 865 1125 926 dici

152 966 160 981 ·
220 948 303 1027 possit
324 955 465 1029 tempore
487 948 657 1029 Augustini,
680 966 791 1028 papam
813 947 957 1009 habuisse
979 949 1125 1009 sollieitu-

146 1022 165 1111 ξ·
220 1029 308 1090 dinem
332 1030 371 1091 dc
393 1030 536 1092 omnibus
558 1032 711 1110 ecclesiis,
739 1038 769 1091 et
798 1032 881 1111 quod
903 1038 975 1093 tunc
997 1050 1059 1092 non
1081 1033 1124 1091 in·

150 1126 156 1167 ε
220 1115 296 1193 cepit,
318 1112 374 1174 sed
396 1115 438 1174 sit
459 1114 557 1174 forma
579 1115 723 1194 antiquae
744 1114 879 1194 regulae.

287 1196 407 1257 Deinde
428 1198 514 1257 venit
533 1197 719 1258 reverendus
741 1198 832 1257 Pater
867 1215 934 1256 cum
968 1215 1024 1257 suo
1046 1196 1125 1256 Her-

219 1278 284 1357 cule,
306 1279 367 1340 hoc
388 1286 446 1359 est,
467 1280 587 1340 ratione
607 1280 661 1340 illa
682 1281 788 1360 viginti
811 1299 971 1341 annorum:
988 1278 1047 1340 Ubi
1068 1278 1124 1339 ilc

146 1372 167 1431 J
219 1362 300 1422 alesia
308 1360 400 1423 suerit
410 1369 482 1424 ante
493 1356 687 1424 Romanam?
708 1363 908 1443 Respondeo:
921 1363 1034 1423 Verum
1056 1381 1124 1423 esse

219 1443 357 1505 Christum
388 1447 420 1505 in
451 1446 613 1526 evangelio
641 1464 704 1506 non
740 1447 930 1526 expressisse
952 1446 1123 1506 Romanam

148 1578 160 1608 Ι.
219 1527 386 1607 ecclesiam,
409 1528 464 1588 sed
486 1530 607 1589 Petrum
629 1530 799 1609 principem
822 1528 1030 1610 apostolorum
1054 1546 1125 1589 con·

146 1620 155 1671 i
219 1609 351 1674 stitutum.
387 1610 476 1672 Unde
497 1613 569 1691 quia
589 1612 713 1691 Petrus,
745 1613 829 1671 cuius
852 1618 918 1673 erat
937 1613 1124 1692 principatus

147 1696 153 1739 ἓ
218 1692 327 1754 iubente
348 1694 502 1772 Domino,
531 1694 684 1755 transtulit
713 1695 817 1755 sedem
839 1695 877 1756 ab
901 1695 1064 1755 Antiochia
1084 1693 1123 1754 ed

149 1800 153 1815 =
219 1776 356 1855 Romam,
391 1796 485 1857 quare
511 1784 583 1837 tunc
610 1797 673 1839 non
705 1779 770 1839 iure
791 1777 941 1856 humano,
964 1777 1018 1838 sed
1039 1779 1124 1837 iussu

220 1859 264 1920 llsi
282 1850 364 1921 'facta
387 1867 435 1921 est
450 1861 563 1941 prima,
590 1862 655 1921 iure
686 1862 770 1941 prius
800 1881 818 1921 a
841 1862 875 1921 B.
897 1861 987 1921 Petro
1008 1859 1123 1947 hpbito,

153 1954 157 1999 ;
220 1948 246 2003 ut
266 1949 396 2003 testatur
428 1943 588 2004 Marcellus
621 1951 745 2004 sanctus
779 1950 894 2025 martyr
920 1952 950 2004 et
976 1962 1056 2024 papa
1077 1962 1121 2004 ca.

146 2078 153 2085 .
220 2026 303 2106 Rogo.
332 2027 384 2090 24.
414 2044 444 2106 q.
468 2030 502 2090 1:
542 2026 627 2087 Licet
653 2028 752 2108 prima
782 2027 871 2087 sedes
900 2028 931 2086 in
961 2026 1124 2088 Antiochia

146 2144 154 2168 .·
221 2109 294 2169 inerit
339 2110 495 2189 posterius
523 2108 647 2170 iubente
668 2110 801 2170 Domino
823 2111 953 2171 Romam
976 2109 1124 2171 translata

149 2246 155 2251 .
221 2200 263 2252 cst.
303 2154 379 2268 Quis
403 2193 483 2253 enim
505 2193 549 2253 ita
569 2192 690 2273 desipit,
713 2200 745 2253 ut
766 2195 927 2273 primatum
956 2192 1031 2254 velit
1051 2194 1121 2255 loco

146 2300 154 2353 ;-
222 2273 340 2357 affigere.
385 2275 448 2337 Sed
476 2275 553 2337 haec
581 2283 628 2337 est
649 2275 680 2336 Β.
702 2276 824 2337 Petrum
856 2278 1022 2354 sententia,
1051 2277 1123 2355 quia

146 2380 168 2435 ·.;
221 2359 271 2418 ihre
303 2358 408 2420 divino
432 2359 537 2420 Petrus
564 2360 745 2420 constitutus
778 2361 816 2420 sit
843 2360 953 2420 Christi
982 2360 1122 2436 vicarius,

146 2482 157 2520 ἢ
222 2447 243 2500 et
261 2461 365 2502 omnes
394 2460 597 2520 successores,
629 2441 736 2521 quales
756 2449 826 2502 sunt
845 2443 976 2504 Romani
999 2440 1122 2503 Pontid-

146 2546 159 2581 :n
223 2542 273 2604 oss,
294 2525 344 2586 nbi
367 2525 506 2586 locorum
527 2526 656 2603 fuerint,
679 2533 750 2585 sunt
771 2527 875 2586 vicarii
897 2525 1018 2590 Christi.
1062 2525 1121 2586 Ro-

146 2625 158 2664 :
223 2625 311 2667 nanus
333 2628 389 2668 rex
411 2608 460 2668 vel
481 2609 647 2689 imperator
668 2628 731 2668 non
762 2616 809 2669 est
837 2609 887 2669 vel
919 2609 958 2670 ob
980 2610 1040 2670 hoc
1061 2609 1121 2669 Ro-

223 2708 282 2753 nae.
304 2691 351 2751 Ita
371 2691 492 2752 videtur
513 2693 647 2768 sensisse
668 2692 702 2751 Β.
722 2692 910 2773 Augustinus
933 2701 1039 2753 contra
1059 2692 1121 2752 Ma-

146 2793 176 2845 ng
223 2773 360 2852 nichaeos,
381 2774 487 2834 Palam
510 2780 571 2855 est,
600 2776 717 2854 inquit,
750 2775 833 2855 quod
854 2777 886 2835 in
907 2796 940 2835 re
969 2773 1060 2835 dubia
1081 2774 1120 2835 ad

146 2856 177 2913 ³.'
224 2856 417 2917 certitudinem
439 2856 511 2917 fidei
532 2858 636 2918 valeat
656 2861 805 2919 autoritas
828 2859 978 2919 eeclesiae
995 2857 1121 2918 catholi-

146 2954 160 2994 :
222 2956 272 3016 cas,
294 2957 374 3019 quae
398 2940 435 3001 ab
455 2941 529 3021 ipsis
551 2940 770 3002 fundatissimis
803 2942 1012 3021 apostolorum
1043 2940 1120 3000 sedi·

147 3040 162 3076 ι·
222 3019 263 3081 lus
282 3041 378 3102 usque
401 3022 442 3083 ad
463 3022 641 3084 hodiernam
664 3024 763 3105 diem,
793 3024 1021 3086 succedentium
1051 3023 1120 3083 sibi-

146 3122 164 3160 ·.·-
222 3112 269 3165 net
288 3112 319 3166 et
341 3105 566 3186 Episcoporum
597 3109 676 3167 serie
699 3114 731 3168 et
750 3109 857 3189 populi
881 3127 1050 3184 consensu,
1072 3104 1120 3166 fir·

146 3207 184 3263 22,
221 3195 313 3268 matur,
336 3208 430 3268 quare
451 3189 641 3271 inEpistolis
666 3191 839 3271 catalogum
863 3191 954 3251 refert
967 3191 1001 3251 B.
1019 3191 1119 3272 Augu-

146 3280 175 3359 ιε’
220 3271 299 3333 stinus
307 3272 516 3333 Romanorum
529 3272 723 3337 Pontificum.
745 3273 830 3341 Haec
851 3271 1119 3355 depraeambulis.

485 3448 573 3517 Nunc
593 3424 634 3518 ad
653 3430 833 3538 principale.

158 3618 166 3689 t'
286 3620 500 3701 Responsums
523 3621 708 3683 reverendus
722 3623 811 3683 Pater
831 3622 961 3682 inductis
983 3641 1039 3703 per
1059 3640 1117 3699 mc,

211 3700 266 3756 diri
275 3705 355 3758 enim
370 3703 494 3760 Petrum
513 3705 581 3764 iure
601 3704 709 3769 divino
734 3709 845 3772 ceteris
868 3707 1023 3795 apostolis
1040 3725 1129 3792 pm·

192 3775 297 3849 losum,
324 3779 430 3836 Mctth.
457 3784 507 3843 16.
533 3784 685 3870 Allegavi
716 3794 979 3884 Hieronymum,
1004 3798 1145 3863 Bernar-

180 3847 250 3927 dom,
271 3854 407 3913 Leonem
430 3866 465 3959 et
485 3862 698 3947 Cyprianum.
725 3882 782 3948 Ad
808 3907 898 3972 quos
910 3888 999 3954 nihil
1020 3901 1161 3971 respuu-

181 3954 273 3998 nanas
283 3971 334 4010 vnn·
353 3967 378 4008 ν,
390 3969 422 4012 A.
437 3975 470 4015 aa
481 3981 528 4047 top
543 3984 602 4033 sm„
620 3997 636 4038 ι
652 4009 680 4051 ρ,
699 4005 757 4051 Vol.
774 4011 824 4056 m·
966 3993 990 4065 ᾗ
