2709 4417
412 349 470 401 erus
489 347 597 416 lipsiae
614 345 764 416 disputatis
783 362 809 400 a.
827 346 899 400 xlx.
1043 342 1106 408 ‘289

192 529 298 592 babere
309 531 427 594 debere
443 534 624 613 episcopum
637 534 793 613 proprium
810 535 875 592 iure
885 532 1000 608 divino,
1022 532 1104 611 quod

194 632 226 674 cx
245 615 344 676 Paulo
365 615 426 678 Tit.
452 620 479 678 1.
503 615 634 676 ostendo
659 616 797 676 dicente:
825 616 920 675 Huius
942 617 986 675 rei
1007 617 1106 694 gratia

193 698 292 777 reliqui
313 705 347 759 te
368 696 495 777 Cretae,
516 705 550 758 ut
570 716 650 777 quae
672 698 784 758 desunt
811 699 946 778 corrigas
974 704 1005 757 et
1033 715 1103 757 eon-

194 781 294 840 stituas
318 780 516 860 presbyteros
533 800 590 860 per
612 782 762 858 civitates,
785 782 863 840 sicut
885 799 944 860 ego
968 780 1105 860 disposui

192 862 247 925 tibi.
291 863 358 924 Hos
384 872 486 924 autem
500 863 698 943 presbyteros
721 883 789 924 esse
812 865 988 943 episcopos,
1010 869 1103 922 testa-

188 954 234 1005 tur
254 944 462 1026 Hieronymus
490 954 521 1006 et
542 952 645 1006 textus
667 965 800 1025 sequens
823 947 958 1007 ostendit
981 945 1103 1006 dicens:

187 1027 318 1108 Oportet
353 1030 433 1088 enim
467 1029 646 1108 episcopum
676 1049 745 1088 esse
766 1026 1102 1109 irreprehensibilem¹t

184 1118 242 1173 etc.
286 1110 350 1173 Sed
372 1117 403 1173 et
424 1112 459 1175 B.
481 1111 671 1191 Augustinus
701 1111 842 1190 Epistola
864 1114 912 1175 29.
938 1110 976 1170 ad
999 1111 1103 1169 Hiero·

184 1213 313 1273 nymum
345 1195 524 1274 episcopum
553 1193 760 1273 descripturus
789 1196 939 1254 rationem
968 1193 1053 1252 addit
1074 1200 1105 1252 et

182 1276 275 1336 dicit:
318 1276 393 1336 Erat
414 1279 496 1336 enim
524 1277 649 1353 civitas,
683 1277 769 1355 quasi
793 1277 923 1353 diceret,
956 1295 1018 1336 non
1041 1285 1106 1334 erat

182 1358 324 1441 simplex
347 1359 527 1440 presbyter,
559 1358 614 1418 sed
636 1360 817 1438 episeopus,
839 1359 877 1419 de
900 1377 961 1437 quo
985 1358 1105 1437 loquor,

183 1442 260 1520 quia
282 1450 349 1502 erat
370 1443 488 1520 civitas,
510 1443 558 1501 cui
581 1448 731 1520 praeerat.

492 1523 635 1584 Secundo
659 1542 811 1602 suppono.

271 1605 425 1667 Christum
454 1606 568 1667 habere
597 1612 650 1666 aut
669 1605 834 1684 aliquando
857 1603 1000 1664 habuisse
1023 1603 1106 1663 Chri·

184 1690 307 1749 stianos
330 1691 361 1749 in
384 1691 469 1749 omni
483 1689 613 1749 termino
628 1696 737 1763 terrae,
760 1695 793 1748 ut
813 1689 844 1746 in
860 1693 998 1747 extrema
1021 1692 1107 1766 parte

183 1771 292 1832 Indiae
315 1780 345 1832 et
366 1771 558 1851 Aethiopas,
581 1782 612 1830 et
633 1771 702 1830 aliis
724 1769 834 1830 finibus
856 1770 942 1830 iuxta
963 1769 1043 1830 Psal.
1067 1772 1104 1832 2:

186 1854 424 1915 Possessionem
446 1863 529 1914 tuam
562 1855 710 1914 terminos
744 1861 858 1929 terrae,
891 1862 923 1912 et
944 1852 1024 1913 Psal.
1050 1854 1105 1916 72:

191 1936 404 1998 Dominabitur
432 1956 451 1996 a
473 1937 667 2015 mariusque
690 1935 728 1995 ad
752 1954 853 2012 mare,
890 1942 921 1996 et
941 1955 960 1994 a
981 1933 1105 1995 flumine

191 2018 348 2099 usquead
372 2020 517 2080 terminos
540 2018 622 2078 orbis
645 2027 803 2080 terrarum.

502 2100 607 2162 Tertio
630 2120 784 2181 suppono.

270 2185 395 2246 Fideles
417 2183 647 2258 Christianos2)
671 2202 766 2263 posse
788 2202 856 2243 esse
884 2182 1037 2263 perfectos
1070 2190 1102 2243 et

195 2288 358 2348 pauperes,
382 2268 497 2327 relictis
520 2266 661 2327 omnibus
684 2269 746 2326 suis
777 2267 884 2343 rebus,
912 2267 955 2326 ita
976 2276 1010 2324 ut
1031 2264 1105 2323 nilril

196 2352 305 2430 proprii
326 2350 470 2412 habeant.

542 2430 629 2492 Tunc
651 2450 756 2510 arguo.

274 2517 392 2577 Dentur
414 2513 485 2589 hii)
511 2513 618 2575 fldeles
640 2516 670 2573 in
689 2520 827 2573 extremo
850 2512 953 2590 aliquo
977 2512 1106 2571 termino

197 2607 298 2676 terrae,
320 2597 448 2679 perfecti
471 2602 502 2656 et
518 2615 684 2676 pauperes,
708 2596 847 2655 credisne
870 2594 1033 2671 Christum,
1056 2595 1106 2672 qui

195 2682 292 2762 legem
327 2699 413 2742 suam
438 2678 535 2739 voluit
557 2698 625 2740 esse
647 2698 790 2754 suavem,
825 2678 975 2752 voluisse,
1000 2684 1033 2736 ut
1054 2695 1108 2755 per

196 2772 306 2824 tantum
330 2765 388 2824 iter
409 2762 502 2822 tantis
529 2762 699 2842 sumptibus
722 2760 829 2821 fideles
852 2762 898 2820 sui
929 2761 1106 2839 episcopum

196 2848 323 2907 eRoma
343 2845 502 2926 palliatum
526 2851 557 2905 et
579 2844 789 2905 confirma-lum
813 2841 1008 2922 acciperent?
1029 2841 1107 2901 Nam

196 2930 262 2990 irinc
285 2947 358 2989 vere
392 2927 462 3007 plus
488 2929 686 3007 imposuisset
718 2928 820 2987 oneris
842 2926 992 2986 ccclesiae
1025 2943 1109 2996 suae,

194 3030 282 3092 quarn
319 3030 454 3091 unquam
486 3011 632 3090 imposuit
654 3029 842 3090 synagogae.
886 3008 966 3082 Quin
992 3008 1109 3088 coegis-

194 3104 237 3155 set
258 3114 314 3156 eos
338 3094 512 3174 paupertati
534 3093 733 3173 evangelicae
756 3092 951 3165 renunciare,
985 3099 1016 3150 et
1037 3108 1108 3149 con-

195 3184 311 3258 tempto
342 3181 510 3256 praecepto
538 3176 603 3235 eius
632 3195 734 3236 curam
756 3175 870 3235 habere
902 3180 933 3234 et
959 3172 1109 3233 sollicitos

193 3281 279 3339 esse,
316 3257 475 3340 quomodo
491 3257 613 3318 divitias
636 3265 667 3317 et
690 3265 828 3337 sumptus
864 3263 1108 3325 coarcervarent,

194 3365 253 3424 quo
293 3343 390 3424 pallia
423 3349 455 3401 et
492 3340 741 3402 confirmationes
778 3342 941 3420 impetrare
976 3343 1112 3420 possent.

192 3428 270 3488 Nam
293 3428 321 3487 si
342 3434 391 3487 est
409 3424 458 3484 ius
480 3423 632 3501 divinum,
655 3426 820 3503 episcopos
843 3443 950 3484 omnes
973 3443 990 3482 e
1012 3423 1110 3482 Roma

191 3513 345 3591 accipere,
367 3526 430 3568 non
453 3507 525 3568 lieet
538 3506 598 3567 hoe
610 3507 673 3568 ullo
696 3507 744 3567 vel
769 3506 827 3567 loci
850 3504 899 3565 vel
922 3525 1019 3565 rerum
1036 3522 1110 3565 casu

191 3596 377 3674 intringere,
406 3609 444 3650 ac
465 3608 520 3670 per
548 3591 608 3650 hoo
629 3590 794 3669 infringere
816 3595 939 3668 oportet
959 3587 1040 3647 aliud
1063 3589 1109 3646 ius

219 3782 255 3847 1)
274 3782 305 3830 ln
334 3778 501 3831 editionibus
528 3780 651 3849 origin:
684 3779 953 3851 reprehensibilem.
985 3779 1021 3840 ‘a
1040 3776 1132 3831 illiba

178 3849 336 3901 Christiani.
375 3848 407 3909 3)
424 3847 515 3923 ibid:
535 3851 574 3907 lrii

190 3943 287 3982 ΜΒΡῙ
299 3954 351 3992 θΡΡι
369 3946 392 3988 V.
406 3952 435 3991 A.
451 3955 483 3993 ad
497 3955 541 3996 ref.
557 3958 612 4000 hist.
630 3961 647 4002 i.
664 3975 689 4015 p.
704 3965 764 4008 Vol,
779 3966 829 4006 lll.
941 3930 988 3993 m
