2709 4417
468 379 536 431 Xlll.
557 378 590 431 de
609 386 746 446 potestate
764 381 863 446 Papae.
981 338 984 342 Δ
1068 377 1128 443 341

206 563 299 636 stum,
325 563 378 638 qui
401 579 468 620 cum
489 563 591 622 ovium
614 583 735 623 suarum
758 581 861 623 curam
878 563 969 622 Petro
994 565 1130 625 commit-

207 647 303 719 teret,
329 643 538 705 conditionem
562 647 723 726 apposuit,
747 645 865 705 dicens:
890 646 921 706 Si
945 645 1046 726 diligis
1069 667 1128 725 me,

208 741 305 802 pasce
329 744 405 787 ovea
435 746 519 787 meas
552 736 611 787 etc.
654 727 744 789 Adeo
774 729 905 807 perculsi
934 736 1004 788 sunt
1025 729 1129 808 Papae

208 811 241 865 et
262 806 426 869 Romanae
448 811 550 870 curiae
571 830 716 889 proceres
751 813 839 870 unius
867 811 955 871 huius
989 813 1126 892 episcopi

208 888 472 970 interrogatione,
495 900 543 972 ut,
572 893 642 971 quid
665 895 903 973 responderent,
927 914 988 954 non
1011 896 1129 954 inveni·

209 978 295 1047 rent,
325 973 426 1033 donec
448 973 576 1053 Spiritus
598 977 721 1036 Domini
753 996 808 1037 eos
830 977 890 1035 huc
917 983 1045 1054 rotaret,
1076 977 1126 1037 ubi

211 1054 355 1116 omnibus
389 1057 603 1134 ostenderent,
638 1059 668 1118 in
698 1060 766 1138 lege
788 1060 912 1121 Domini
941 1079 999 1119 nec
1020 1060 1126 1120 volun—

211 1141 316 1216 tatem,
341 1158 399 1199 uec
420 1140 649 1201 meditationem
673 1143 716 1202 eis
738 1142 840 1204 fuisse.
885 1144 983 1222 Agam
1005 1143 1125 1202 interim

212 1226 316 1299 partes
338 1221 572 1303 archiepiscopi,

252 1301 284 1362 Si
295 1305 470 1384 exemplum
483 1305 592 1368 Christi
605 1307 716 1386 placet,
738 1306 860 1365 etvalet
873 1307 954 1385 apud
977 1314 1016 1385 te,
1039 1327 1057 1367 o
1072 1308 1126 1367 Pa·

213 1385 334 1462 schalis,
358 1406 411 1447 cur
425 1407 488 1448 uon
505 1390 651 1449 imitaris?
674 1389 706 1449 Si
719 1408 781 1448 non
794 1389 904 1468 placet,
925 1409 978 1449 cur
989 1390 1126 1469 adducis,

213 1474 305 1527 cortu
316 1487 439 1549 quoque
452 1491 513 1532 non
527 1480 689 1532 contentus
702 1491 858 1550 quaerere,
872 1492 911 1531 au
925 1472 1033 1553 diligat
1044 1473 1126 1533 Chri·

214 1557 308 1629 stum,
331 1553 397 1612 sine
419 1555 590 1615 iuramento
612 1555 776 1616 committis
799 1573 874 1614 oves
897 1555 1028 1615 Christi?
1050 1556 1125 1616 (lum

213 1633 333 1713 placeat
352 1637 538 1716 exemplum,
561 1657 614 1698 our
635 1657 696 1698 non
712 1636 825 1697 sufficit
846 1645 877 1697 et
899 1638 1054 1699 conditio?
1078 1640 1127 1698 An

216 1717 320 1777 melior
351 1724 382 1778 et
418 1720 553 1780 sanctior
586 1728 632 1780 est
673 1720 808 1780 conditio
842 1721 1003 1780 iuramenti
1034 1740 1125 1800 quam

215 1799 345 1860 amoris?
367 1801 415 1860 An
440 1802 528 1881 plura
550 1822 654 1882 speras
677 1823 746 1863 eum
770 1803 935 1880 fact-urum,
967 1805 1017 1882 qui
1039 1822 1126 1864 coac·

216 1889 256 1940 tus
277 1884 374 1961 iurat,
407 1903 496 1962 quam
524 1888 576 1964 qui
599 1893 711 1966 sponte
733 1885 839 1946 amat?
873 1885 1010 1945 Christus
1032 1886 1126 1946 solvit

154 1976 169 1984 ·
201 1963 329 2025 'Petrum
368 1967 478 2046 alege
509 1978 539 2027 et
572 1990 589 2028 a
622 1970 784 2028 coactione
815 1970 879 2029 voti
902 1975 933 2028 et
949 1969 1126 2047 juramenti,

213 2047 307 2108 solam
333 2047 481 2110 libertatis
505 2057 537 2110 et
558 2052 692 2111 caritatis
717 2052 747 2110 in
772 2071 809 2112 eo
823 2053 941 2129 quaerit
962 2050 1063 2111 fidem.
1086 2051 1127 2111 Et

212 2136 235 2189 tu
259 2130 435 2191 libertatem
459 2134 580 2212 tollens,
603 2135 673 2214 lege
695 2135 854 2193 iuramenti
870 2134 977 2213 cogis?
999 2134 1056 2202 Ubi
1080 2141 1128 2195 est

209 2213 385 2293 exemplum
410 2215 544 2275 Christi?
578 2217 627 2276 ubi
651 2216 837 2276 conditionis
860 2217 1047 2277 similitudo?
1070 2216 1127 2277 Est

205 2315 257 2372 per
282 2295 422 2373 verbum,
447 2299 582 2378 diligere,
605 2298 836 2379 intelligendum
860 2299 1084 2360 iuramentum?

288 2379 445 2458 Numquid
470 2381 606 2442 Christus
636 2401 655 2441 e
677 2382 766 2442 Petro
797 2384 999 2442 iuramentum
1021 2382 1127 2461 exegit

200 2481 259 2541 pro
285 2462 430 2523 Romana
452 2465 606 2524 ecclesia?
639 2464 719 2539 Quid
748 2465 808 2525 hoc
836 2464 874 2523 ad
908 2484 983 2525 oves
1005 2464 1125 2539 Christi,

199 2543 290 2624 quod
313 2543 368 2605 tibi
391 2547 506 2606 iuratur
527 2547 824 2608 eteoclesiaetuae?
846 2547 931 2607 'luae
949 2555 1020 2606 sunt
1041 2566 1126 2624 oves,

197 2648 240 2687 an
268 2627 405 2687 Christi?
435 2630 476 2688 At
497 2636 545 2710 tu,
583 2631 698 2709 optime
719 2629 825 2706 Peter,
847 2649 885 2689 an
909 2631 1060 2689 Christum
1084 2629 1125 2688 di-

199 2710 293 2790 ligat,
316 2728 442 2789 prorsus
465 2712 538 2771 nihil
560 2732 657 2788 curas,
681 2711 786 2772 sordet
806 2712 884 2772 haec
907 2713 970 2790 tibi,
993 2720 1026 2771 ut
1048 2713 1125 2771 vilis·

199 2795 285 2853 sima
301 2791 449 2871 conditio,
471 2795 525 2854 tibi
541 2806 573 2853 nt
584 2794 683 2854 fidelis
707 2796 755 2864 sit,
768 2795 938 2855 iuramento
952 2795 1127 2875 adstringis3

199 2875 309 2935 adhuc
322 2882 383 2935 stst
400 2877 599 2957 interrogatio
615 2877 851 2957 archiepiccopi,
863 2898 924 2939 nou
941 2877 1125 2939 satisfecisti.

292 2957 404 3019 Adhuc
434 2962 601 3038 quaeritur:
638 2960 706 3033 Quo
740 2961 805 3020 iure
837 2960 916 3020 hanc
947 2959 1125 3020 fidelitatem

204 3042 420 3120 extorqueas?
444 3042 509 3102 Tua
531 3044 692 3121 responsio
711 3043 890 3124 profundius
913 3050 943 3103 te
965 3043 1074 3122 mergit
1096 3051 1128 3102 et

206 3124 302 3204 capit.
346 3123 484 3203 Deinde,
512 3127 575 3202 cui,
606 3144 737 3203 quaeso,
770 3134 801 3186 tu
823 3128 904 3185 iuras
926 3124 1127 3186 fidelitatem?

207 3210 270 3268 Cur
299 3207 375 3267 facis
399 3215 430 3268 ct
450 3209 583 3287 imponis
605 3208 693 3268 alteri
715 3228 807 3286 onus,
840 3208 921 3286 quod
945 3208 1041 3288 digito
1064 3227 1126 3267 non

209 3293 254 3350 vis
278 3308 414 3366 movere,
438 3298 546 3351 contra
567 3298 599 3351 et
620 3292 775 3352 ceritatem
800 3299 831 3350 et
853 3291 961 3371 legem¹
976 3290 1126 3351 naturae?

291 3371 430 3450 Deinde,
469 3372 569 3432 adhuc
600 3375 739 3451 quaestio
773 3375 864 3433 etiam
895 3374 948 3432 illa
969 3380 1044 3432 stat:
1067 3372 1127 3432 Gur

209 3455 431 3535 praecedentes
444 3455 606 3535 pontifices
628 3475 699 3535 non
713 3466 881 3536 exegerunt
904 3455 1126 3515 iuramentum?

211 3540 271 3600 Cur
294 3539 347 3598 alii
369 3557 431 3599 non
454 3539 693 3618 praestiterunt?
717 3539 959 3598 undenovaiste
983 3538 1126 3599 exactio?

211 3622 263 3680 Vis
287 3621 408 3682 dicem?
432 3620 479 3680 Ex
499 3622 599 3682 malae
621 3620 692 3682 fidei
714 3641 860 3701 possessa
880 3626 1033 3700 potestate
1055 3640 1126 3682 cou-

212 3705 339 3764 scientia
361 3705 477 3781 metuit,
499 3705 614 3764 iustitia
626 3724 688 3765 non
700 3704 892 3784 suffragatur.
940 3705 1012 3765 ideo
1036 3724 1125 3783 quae·

201 3789 277 3842 ntur
298 3794 450 3861 utcunque
472 3787 619 3848 solatium
644 3796 676 3849 et
698 3787 942 3851 firmamentum.

272 3863 381 3940 Itaque
400 3865 496 3929 hodie
517 3872 706 3950 pontificari
740 3896 810 3941 nou
841 3874 942 3958 licet,
969 3873 1038 3936 max
1064 3871 1158 3930 'iures
