2709 4417
499 369 518 408 ι
533 301 656 411 notariis
674 359 799 424 excepta
1035 351 1097 425 167
1136 334 1140 345 ⁸

202 555 243 614 m,
267 536 359 614 quod
381 539 553 618 praecipiat
565 537 774 620 indulgentias
787 538 948 616 redimere,
970 557 1029 601 uec
1049 548 1097 601 est

202 637 264 697 que
288 618 411 700 hodie,
445 620 527 700 quod
547 620 805 703 indulgentiarum
828 621 965 684 valorem
991 631 1096 702 aperte

202 701 392 765 claraverit.

248 784 388 863 Ultimo,
411 785 451 847 de
472 786 609 847 moderni
630 786 789 847 Pontificis
810 785 1006 882 delinitione,
1029 806 1098 849 esse

202 866 322 928 lelicet
347 868 437 929 utiles
459 869 674 955 indulgentias,
697 876 728 930 et
750 868 789 931 de
812 871 921 931 merito
935 869 1046 931 Christi
1069 876 1101 930 et

202 957 361 1012 actorum
383 959 550 1032 acceptas,
570 949 762 1032 respondeo:
783 952 878 1013 Neo
870 972 937 1032 ipse
959 954 1033 1014 setis
1047 973 1098 1013 ex·

200 1034 285 1110 imit,
309 1052 371 1095 nec
380 1033 505 1131 probat
525 1035 575 1097 vel
597 1055 658 1095 una
680 1035 816 1115 syllaba,
839 1054 919 1114 quaa
941 1035 1030 1097 dicit:
1061 1035 1100 1095 de
1160 1090 1162 1097 .

201 1136 227 1177 ,ι
251 1137 289 1177 re
314 1119 475 1197 copiosius
497 1119 528 1178 in
552 1119 630 1179 sctis
652 1119 728 1179 meis
750 1117 995 1198 Augustensibus
1024 1117 1096 1181 dixi.

201 1216 238 1261 >n
263 1201 411 1279 sequitur
431 1219 506 1280 ergc
529 1208 626 1265 totum
648 1201 764 1261 clerum
792 1202 822 1261 in
851 1201 984 1261 ecclesia
1012 1209 1098 1262 teuto

201 1301 319 1362 mpore
349 1284 548 1362 insanivisse,
581 1302 649 1343 cum
676 1285 797 1344 interim
828 1302 950 1362 semper
978 1283 1100 1361 fuerint,

201 1365 285 1427 ribus
305 1373 341 1426 et
361 1365 582 1447 displicuerint,
604 1367 656 1447 qui
677 1373 709 1427 et
729 1366 971 1427 contradixerint
992 1366 1100 1431 saltem
1204 1374 1206 1379 '

201 1448 319 1508 ιιιιιιιι
342 1448 551 1530 indulgentiis,
574 1456 607 1511 ut
628 1449 1011 1529 testaturvulgetissimum
1032 1467 1100 1528 pro-

200 1531 341 1592 rrbium:
363 1529 577 1612 Indulgentiae
598 1539 670 1593 sunt
690 1532 761 1611 pise
784 1530 993 1612 deceptiones.

564 1664 718 1728 Eccius

261 1782 383 1861 Accepi
404 1781 563 1841 reverendi
585 1782 683 1843 Patris
705 1784 908 1861 sententiam,
940 1784 972 1843 in
1002 1780 1104 1843 multis

199 1866 334 1926 ritiorem
358 1870 389 1925 et
410 1863 668 1942 aequabiliorem,
693 1885 784 1944 quam
807 1865 901 1927 verba
922 1864 1103 1927 Conclusio·
1200 1874 1204 1883 '

199 1969 249 2009 ιιιι
273 1945 529 2027 praetenderent,
559 1955 612 2007 aut
632 1947 693 2009 alie
715 1968 771 2009 ιιι
792 1949 907 2044 scripte
928 1947 1001 2009 milri
1022 1946 1104 2009 vide·

199 2038 292 2093 entur
314 2028 498 2111 significare.
522 2029 631 2109 Neque
652 2031 712 2091 mei
729 2040 777 2091 est
797 2031 938 2107 instituti,
959 2029 1103 2091 indiscre-

199 2133 228 2174 ιι
257 2112 519 2193 indulgentiarum
540 2113 800 2192 proclamationes
836 2119 890 2173 aut
918 2113 1031 2175 abusus
1054 2112 1104 2173 de·

199 2195 326 2272 andere,
344 2194 400 2255 sed
422 2196 582 2256 veritatem
605 2204 636 2256 et
657 2203 805 2275 quantum
827 2194 1036 2275 indulgentiae
1058 2190 1103 2255 ιι·

199 2241 373 2341 ionebiliter
399 2277 491 2341 datae
512 2288 643 2357 possunt
664 2279 834 2359 prodesse,
867 2279 967 2340 tutari.
1011 2278 1106 2339 litut

199 2364 240 2423 ιιι
261 2362 383 2440 brevis,
404 2379 467 2421 non
489 2360 621 2422 discutio
645 2361 685 2422 de
706 2363 907 2423 excusatione
929 2380 1005 2421 suae
1027 2361 1105 2421 Con·

198 2445 341 2508 lusionis
386 2443 428 2503 At
460 2462 547 2507 cnm.
557 2446 687 2505 assumit
708 2442 914 2524 indulgentias
936 2463 998 2504 non
1021 2462 1107 2523 prae·

198 2535 304 2609 reptas,
325 2544 389 2587 non
411 2528 604 2587 necessarias
625 2547 705 2602 esse,
725 2527 866 2590 fatemur
911 2525 1001 2588 Sed
994 2545 1026 2587 ιιι
1047 2526 1109 2587 hoc

198 2620 252 2673 tcto
280 2627 353 2671 mec
384 2608 458 2669 exili
486 2607 599 2670 iudicio
620 2616 751 2689 apparet
778 2630 848 2671 esse
870 2608 1033 2670 difficultas
1055 2628 1107 2669 no

198 2701 271 2755 strae
292 2691 496 2753 dissensionis
517 2692 736 2772 principaliter,
759 2693 831 2772 quia
851 2691 1037 2753 reverendus
1055 2692 1109 2751 Pa·

198 2784 235 2837 ter
255 2775 346 2850 dicit,
378 2772 585 2854 indulgentias
616 2794 680 2835 non
704 2792 795 2850 esse,
832 2776 890 2834 nisi
913 2776 1110 2835 remissiones

198 2860 339 2921 bonorum
363 2875 502 2936 operum,
522 2875 613 2936 quam
634 2858 919 2938 interpretationem
941 2857 1022 2936 apud
1045 2856 1110 2917 nul-

199 2942 251 3005 lum
273 2938 483 3020 indulgentias
504 2940 554 3001 vel
578 2939 702 3001 dantem
736 2940 786 3001 ιιι
814 2940 1026 3001 admittentem
1049 2959 1110 2999 me·

199 3025 261 3087 mini
284 3042 335 3085 me
351 3023 513 3101 reperisse,
536 3024 683 3102 quoniam
705 3024 751 3083 sic
773 3023 983 3103 indulgentiae
1005 3029 1112 3083 essent

200 3127 263 3168 vere
286 3107 419 3183 noxiae,
446 3106 640 3184 periculosae
669 3105 922 3170 et'demnabilas.
967 3105 1043 3166 (lum
1066 3105 1111 3167 sic

201 3189 332 3253 coucilia
352 3198 386 3251 et
406 3189 514 3249 summi
532 3188 698 3249 Pontifices
719 3191 910 3251 remitterent
930 3189 1008 3249 haec
1030 3188 1112 3249 bona

201 3291 297 3353 opera,
319 3275 354 3331 ut
375 3270 426 3331 ιιι
447 3270 606 3332 sichomo
628 3290 692 3333 non
715 3284 880 3334 mereretur
904 3279 1020 3333 tantam
1042 3270 1112 3333 bee-

201 3354 365 3432 titudinam,
388 3352 472 3433 quod
495 3363 542 3413 est
563 3360 674 3416 contra
695 3356 863 3416 animarum
887 3355 1036 3427 salutem,
1065 3352 1114 3413 vel

201 3437 335 3500 homines
365 3435 488 3532 decepti
514 3437 696 3507 remissione
726 3438 876 3499 bonorum
911 3456 1038 3517 operum
1074 3434 1114 3497 ad

201 3519 406 3602 purgatorium
430 3519 627 3594 mitterentur,
650 3527 822 3600 utpoenas
844 3521 977 3581 hicnon
1001 3518 1113 3580 dilutas

201 3602 307 3665 ibidem
321 3602 517 3678 sustinerent,
541 3600 623 3680 quod
644 3622 753 3664 revera
761 3602 934 3663 damnabile
951 3609 1007 3662 est.
1024 3601 1113 3663 Unde

202 3687 334 3759 omnium
355 3684 405 3745 rel
429 3683 564 3745 dantium
589 3683 637 3747 vel
659 3684 887 3749 admittentium
907 3683 1116 3767 indulgentias

195 3785 265 3833 runs
285 3783 460 3827 consensus
481 3777 537 3841 est,
562 3768 780 3854 indulgentias
804 3792 871 3835 ιιι
885 3790 956 3835 esse
973 3769 1136 3833 tenuram

195 3863 305 3924 Wl'ffl
322 3847 547 3957 W³⁸¹⁰¹1⁶⁸,
578 3855 640 3921 sed
664 3861 903 3927 remissionem
923 3877 1003 3925 esse
1023 3868 1157 3938 ιιιιιιι
