2709 4417
399 336 471 391 1111.
490 336 525 391 da
542 338 678 406 potestate
697 334 798 405 Papae.
867 325 869 329 ’
1010 328 1072 400 297

201 523 354 602 temporis
363 528 395 582 et
406 522 641 602 oooupntionum
666 540 799 583 mearum
813 522 907 583 ratio:
928 523 972 582 ita
992 522 1072 582 enim

199 622 249 685 por
269 623 372 686 paene
392 606 576 686 imperatus,
598 607 733 685 pessimo
748 606 874 685 nomini,
897 604 978 685 quod
1001 604 1074 665 mihi

199 687 305 748 multis
333 689 516 767 intentatur,
550 707 718 750 ooourrere.
749 688 833 763 Quos
863 708 932 749 oum
955 688 1074 748 videam

202 770 271 830 iore
295 770 396 832 studio
425 772 504 851 peti,
537 789 626 850 quam
660 790 873 851 speraveram,
907 773 1003 832 visum
1027 777 1075 831 est

199 873 205 911 s
230 853 288 912 sub
309 853 451 914 incudem
475 860 637 915 revocatas
660 873 789 935 augere,
825 855 875 914 vel
911 853 1076 915 emendare

200 944 280 1015 tem,
314 938 338 996 si
371 956 431 1016 qua
459 936 600 1018 digniore
628 937 715 998 faeie·
738 939 768 996 in
792 938 947 1017 publioum
970 938 1075 997 venire

199 1019 285 1079 saint.
826 1046 829 1053 ·

241 1102 276 1161 ln
299 1119 360 1179 qua
380 1120 423 1177 re,
447 1102 564 1182 optime
586 1101 711 1181 Lector,
735 1112 765 1162 te
786 1103 916 1182 primum
939 1121 1010 1179 or0,
1035 1122 1074 1162 oe

199 1184 217 1244 li
243 1185 304 1244 mei
326 1186 505 1245 varietatem
531 1185 662 1245 mireris:
701 1204 766 1245 sum
797 1186 889 1265 plane
911 1185 1076 1264 aliquando

199 1266 330 1344 rdidior,
374 1269 557 1347 penitusque
579 1270 638 1328 mei
662 1267 833 1348 dissimilis,
869 1268 950 1347 quod
974 1267 1012 1327 de
1034 1270 1076 1328 iu·

199 1351 273 1410 stria
305 1349 403 1428 facio,
436 1350 519 1429 quod
552 1350 623 1410 mihi
653 1369 715 1410 non
738 1353 776 1411 sit
798 1370 868 1431 spes
890 1351 1024 1411 nominis
1047 1357 1077 1411 et

199 1434 326 1492 >moriae
360 1432 536 1510 diuturnae,
572 1453 631 1494 nee
661 1434 723 1493 tale
751 1435 906 1515 quippiam
938 1452 1073 1513 unquam

200 1517 307 1575 aesivi.
352 1515 413 1576 sed
443 1517 523 1577 siout
551 1517 582 1576 vi
612 1518 643 1576 in
665 1516 822 1596 publioum
850 1523 963 1577 traetus
998 1536 1075 1596 sum,

215 1600 320 1680 cogito
341 1617 463 1678 semper
476 1617 565 1677 quam
578 1601 695 1678 possim
710 1601 796 1660 eitius
808 1600 907 1660 redire
929 1602 959 1659 in
976 1619 1075 1660 meum

198 1682 325 1761 gulam,
357 1680 445 1741 salvo
475 1682 647 1742 Christiano
684 1702 752 1743 meo
780 1685 912 1743 nomine.
957 1682 1078 1744 Habere

198 1767 337 1842 imputo
366 1764 518 1824 theatrum
554 1783 653 1824 meum
687 1784 773 1824 suam
795 1766 912 1842 horam,
934 1772 1006 1845 post
1029 1785 1077 1825 me

201 1867 236 1906 us
268 1856 425 1926 sequetur,
453 1848 478 1907 si
507 1847 657 1907 Dominus
686 1848 787 1926 volet,
822 1847 919 1928 eg01)
945 1850 1074 1927 tempori

199 1948 228 1989 so
253 1930 464 1990 satisfeoerim.

243 2010 359 2072 Videor
380 2018 411 2072 et
443 2011 545 2077 multis
567 2012 660 2091 paulo
689 2010 792 2073 durior
820 2015 850 2072 in
873 2011 1078 2088 adversarios,

213 2094 299 2155 velut
322 2095 492 2155 modestiae
506 2095 701 2174 theologicae
715 2095 834 2157 oblitos.
878 2095 945 2169 Hie,
969 2095 993 2154 si
1017 2114 1076 2173 qua

213 2178 276 2237 alia
299 2178 374 2236 vitia.
394 2196 463 2237 mea
490 2178 698 2252 inveniantur,
728 2196 790 2237 nou
813 2196 1002 2258 magnopere
1024 2177 1074 2237 de-

199 2279 272 2319 eeor
294 2258 433 2339 eulpam,
472 2259 554 2338 quod
590 2259 651 2320 hoo
682 2279 731 2319 me
764 2260 825 2319 alia
853 2279 946 2320 eausa
974 2261 1076 2320 faeere

200 2363 219 2400 n
243 2360 310 2402 sum
333 2342 406 2401 mihi
428 2343 586 2419 conscius,
609 2361 698 2421 quam
722 2343 816 2402 nimio
839 2342 951 2421 publiei
973 2342 1096 2403 taedio

211 2425 303 2502 odio,
328 2426 359 2484 in
382 2422 464 2504 quod
485 2445 536 2484 ure
558 2435 698 2503 mergunt
719 2425 781 2503 illi,
812 2424 973 2505 plurimum
1004 2424 1075 2485 mihi

199 2507 372 2567 otiosissimi
402 2509 549 2586 temporis
583 2507 775 2568 suffurantes.
824 2507 958 2587 Deinde,
994 2508 1075 2587 quod

199 2611 216 2650 n
254 2591 446 2670 praehaotos
476 2596 505 2650 et
533 2590 704 2651 obstinatos
735 2590 936 2651 oblatratores
966 2591 1076 2671 patior,

209 2692 229 2732 e
251 2674 361 2752 quavis
377 2672 498 2752 syllaba
520 2672 592 2732 mihi
604 2674 814 2754 ignominiam,
838 2672 893 2734 sibi
915 2674 1075 2734 victoriam

200 2756 296 2815 minis
319 2752 484 2817 Christiani
508 2755 742 2816 insidiosissime
774 2765 805 2816 et
836 2758 1076 2835 pertinacissima

199 2846 325 2916 nerant,
356 2845 390 2898 ut
410 2838 493 2898 malo
517 2838 600 2898 nodo
622 2840 721 2898 malus
743 2839 814 2899 mihi
836 2858 950 2899 anneus
972 2858 1077 2901 neees-

199 2923 257 2981 ius
283 2920 430 2981 videatur.
475 2919 667 2999 Quamquam
692 2921 799 2982 videor
822 2923 894 2981 mihi
916 2922 1076 2982 stomacho

199 3024 228 3064 eo
255 3003 381 3063 multam
406 3022 528 3082 semper
549 3005 659 3065 ieoisse
683 3005 759 3076 vim,
783 3023 822 3064 ne
845 3005 975 3064 facerem
999 3024 1078 3084 quae

200 3082 297 3147 sueni.
340 3086 381 3145 Et
392 3087 507 3163 neseio,
530 3087 554 3146 si
569 3087 702 3147 molliter
715 3087 804 3147 simul
826 3095 857 3146 et
868 3088 980 3147 utiliter
992 3089 1075 3168 tangi

354 3209 416 3216 ⁰0-

229 3258 274 3311 Ita
293 3263 357 3310 sunt
374 3259 444 3310 istae
464 3273 542 3310 meae
562 3257 694 3308 adversus
712 3255 813 3309 Johan.
836 3257 946 3308 Ecoiurn
972 3260 1078 3324 positae

199 3331 378 3398 >positiones
399 3330 521 3381 maxime
540 3331 621 3381 tertia
640 3327 749 3381 decimo
768 3328 802 3380 de
821 3335 957 3396 potestate
976 3327 1076 3396 Pupee,

207 3402 369 3469 superbiam
389 3400 587 3451 invidissimum
612 3401 681 3451 lucie
701 3416 752 3451 sue
769 3399 890 3459 luderet,
915 3402 1076 3468 praesertim

199 3491 221 3525 m
243 3473 311 3525 mihi
331 3472 469 3538 remfl'ore
488 3488 548 3523 cum
570 3471 678 3524 lubrico
693 3471 870 3523 colluctatore
883 3470 1076 3538 intelligerem.

199 3561 254 3597 are
264 3551 300 3607 te,
318 3543 415 3607 lector,
434 3543 551 3596 iudicem
565 3543 648 3611 eligo,
669 3545 793 3611 quisquis
804 3545 898 3610 tueris,
919 3543 988 3594 adeo
1009 3541 1077 3593 nihil

206 3615 260 3668 hac
280 3616 472 3682 propositione
492 3614 604 3682 periculi
627 3614 693 3667 mihi
713 3616 805 3679 timeo,
826 3621 958 3682 quantum
980 3612 1014 3664 ad
1033 3628 1077 3666 ve·

199 3695 271 3741 ntem
298 3688 402 3738 attinet.
441 3686 564 3738 Ceterum
592 3685 615 3737 si
640 3677 746 3737 invidia
765 3685 841 3737 alind
859 3686 969 3749 leserit,
996 3700 1075 3736 suurn
1151 3731 1153 3736 .

199 3759 345 3819 refecerit,
366 3763 394 3806 tu
414 3755 501 3810 modo
523 3757 644 3813 candide
664 3765 692 3814 et
710 3759 802 3814 libers
818 3757 924 3812 ludina.
958 3755 1043 3809 lohe.

199 3823 233 3885 2)
251 3823 285 3874 In
304 3825 347 3876 ed.
364 3825 427 3880 Jeu.
448 3827 577 3900 legitur:
596 3832 647 3889 ubi
669 3833 755 3908 ego.'
