<?xml version="1.0" encoding="UTF-8"?>
<!DOCTYPE html PUBLIC "-//W3C//DTD XHTML 1.0 Transitional//EN"
    "http://www.w3.org/TR/xhtml1/DTD/xhtml1-transitional.dtd">
<html xmlns="http://www.w3.org/1999/xhtml" xml:lang="en" lang="en">
 <head>
  <title>
</title>
<meta http-equiv="Content-Type" content="text/html;charset=utf-8" />
  <meta name='ocr-system' content='tesseract 3.04.00' />
  <meta name='ocr-capabilities' content='ocr_page ocr_carea ocr_par ocr_line ocrx_word'/>
</head>
<body>
  <div class='ocr_page' id='page_1' title='image "./operalatinavari00schmgoog_0229.png"; bbox 0 0 2709 4417; ppageno 0'>
   <div class='ocr_carea' id='block_1_1' title="bbox 491 314 1107 416">
    <p class='ocr_par' dir='ltr' id='par_1_1' title="bbox 491 314 1107 416">
     <span class='ocr_line' id='line_1_1' title="bbox 491 314 1107 416; baseline 0.005 -17"><span class='ocrx_word' id='word_1_1' title='bbox 491 346 646 400; x_wconf 75' lang='lat' dir='ltr'>allatariis</span> <span class='ocrx_word' id='word_1_2' title='bbox 665 352 788 416; x_wconf 83' lang='lat' dir='ltr'>excepta.</span> <span class='ocrx_word' id='word_1_3' title='bbox 844 314 846 319; x_wconf 28' lang='grc' dir='ltr'>Ι</span> <span class='ocrx_word' id='word_1_4' title='bbox 1044 346 1107 415; x_wconf 79' lang='grc'>217</span> 
     </span>
    </p>
   </div>
   <div class='ocr_carea' id='block_1_2' title="bbox 216 529 1191 1024">
    <p class='ocr_par' dir='ltr' id='par_1_2' title="bbox 216 529 1108 615">
     <span class='ocr_line' id='line_1_2' title="bbox 216 529 1108 615; baseline 0.004 -22"><span class='ocrx_word' id='word_1_5' title='bbox 216 532 285 593; x_wconf 88' lang='lat' dir='ltr'>nales</span> <span class='ocrx_word' id='word_1_6' title='bbox 303 550 357 610; x_wconf 93' lang='lat' dir='ltr'>pro</span> <span class='ocrx_word' id='word_1_7' title='bbox 379 537 511 611; x_wconf 89' lang='lat' dir='ltr'>peccato</span> <span class='ocrx_word' id='word_1_8' title='bbox 478 529 651 593; x_wconf 88' lang='lat' dir='ltr'>tdebitas</span> <span class='ocrx_word' id='word_1_9' title='bbox 674 551 736 593; x_wconf 92' lang='lat' dir='ltr'>non</span> <span class='ocrx_word' id='word_1_10' title='bbox 760 552 829 594; x_wconf 89' lang='lat' dir='ltr'>esse</span> <span class='ocrx_word' id='word_1_11' title='bbox 851 553 871 594; x_wconf 94' lang='lat' dir='ltr'>a</span> <span class='ocrx_word' id='word_1_12' title='bbox 887 553 969 615; x_wconf 89' lang='lat' dir='ltr'>papa</span> <span class='ocrx_word' id='word_1_13' title='bbox 990 535 1040 595; x_wconf 88' lang='lat' dir='ltr'>vel</span> <span class='ocrx_word' id='word_1_14' title='bbox 1061 556 1108 597; x_wconf 90' lang='lat' dir='ltr'>sa-</span> 
     </span>
    </p>

    <p class='ocr_par' dir='ltr' id='par_1_3' title="bbox 217 614 1108 680">
     <span class='ocr_line' id='line_1_3' title="bbox 217 614 1108 680; baseline 0.005 -4"><span class='ocrx_word' id='word_1_15' title='bbox 217 614 319 676; x_wconf 87' lang='lat' dir='ltr'>cerdote</span> <span class='ocrx_word' id='word_1_16' title='bbox 339 614 547 676; x_wconf 81' lang='lat' dir='ltr'>remissibiles</span> <span class='ocrx_word' id='word_1_17' title='bbox 589 615 669 676; x_wconf 89' lang='lat' dir='ltr'>At</span> <span class='ocrx_word' id='word_1_18' title='bbox 661 636 692 675; x_wconf 87' lang='grc' dir='ltr'>ιιι</span> <span class='ocrx_word' id='word_1_19' title='bbox 721 616 768 675; x_wconf 90' lang='lat' dir='ltr'>his</span> <span class='ocrx_word' id='word_1_20' title='bbox 789 618 922 678; x_wconf 65' lang='lat' dir='ltr'>remitto</span> <span class='ocrx_word' id='word_1_21' title='bbox 934 638 983 679; x_wconf 92' lang='lat' dir='ltr'>me</span> <span class='ocrx_word' id='word_1_22' title='bbox 1005 619 1073 679; x_wconf 92' lang='lat' dir='ltr'>ad</span> <span class='ocrx_word' id='word_1_23' title='bbox 1065 640 1108 680; x_wconf 86' lang='grc' dir='ltr'>ιιι-</span> 
     </span>
    </p>

    <p class='ocr_par' dir='ltr' id='par_1_4' title="bbox 218 698 1191 779">
     <span class='ocr_line' id='line_1_4' title="bbox 218 698 1191 779; baseline 0.005 -20"><span class='ocrx_word' id='word_1_24' title='bbox 218 698 313 775; x_wconf 73' lang='lat' dir='ltr'>dices,</span> <span class='ocrx_word' id='word_1_25' title='bbox 321 705 445 776; x_wconf 88' lang='lat' dir='ltr'>paratus</span> <span class='ocrx_word' id='word_1_26' title='bbox 469 705 586 759; x_wconf 88' lang='lat' dir='ltr'>mutare</span> <span class='ocrx_word' id='word_1_27' title='bbox 608 700 808 773; x_wconf 84' lang='lat' dir='ltr'>sententiam</span> <span class='ocrx_word' id='word_1_28' title='bbox 840 701 866 760; x_wconf 91' lang='lat' dir='ltr'>si</span> <span class='ocrx_word' id='word_1_29' title='bbox 889 720 937 761; x_wconf 92' lang='lat' dir='ltr'>me</span> <span class='ocrx_word' id='word_1_30' title='bbox 958 702 1046 763; x_wconf 91' lang='lat' dir='ltr'>aliter</span> <span class='ocrx_word' id='word_1_31' title='bbox 1068 702 1108 763; x_wconf 87' lang='lat' dir='ltr'>ad</span> <span class='ocrx_word' id='word_1_32' title='bbox 1186 770 1191 779; x_wconf 12' lang='lat' dir='ltr'>q</span> 
     </span>
    </p>

    <p class='ocr_par' dir='ltr' id='par_1_5' title="bbox 218 780 497 842">
     <span class='ocr_line' id='line_1_5' title="bbox 218 780 497 842; baseline 0.004 -1"><span class='ocrx_word' id='word_1_33' title='bbox 218 782 304 842; x_wconf 90' lang='lat' dir='ltr'>melius</span> <span class='ocrx_word' id='word_1_34' title='bbox 325 780 497 842; x_wconf 78' lang='lat' dir='ltr'>docuerint.</span> 
     </span>
    </p>

    <p class='ocr_par' dir='ltr' id='par_1_6' title="bbox 219 863 1108 1024">
     <span class='ocr_line' id='line_1_6' title="bbox 219 863 1108 948; baseline 0.002 -22"><span class='ocrx_word' id='word_1_35' title='bbox 219 867 295 926; x_wconf 84' lang='lat' dir='ltr'>linita</span> <span class='ocrx_word' id='word_1_36' title='bbox 314 871 384 924; x_wconf 90' lang='lat' dir='ltr'>sunt</span> <span class='ocrx_word' id='word_1_37' title='bbox 404 864 484 924; x_wconf 89' lang='lat' dir='ltr'>haec</span> <span class='ocrx_word' id='word_1_38' title='bbox 506 863 585 927; x_wconf 87' lang='lat' dir='ltr'><strong>XIV.</strong></span> <span class='ocrx_word' id='word_1_39' title='bbox 607 863 657 924; x_wconf 91' lang='lat' dir='ltr'>die</span> <span class='ocrx_word' id='word_1_40' title='bbox 681 865 777 943; x_wconf 83' lang='lat' dir='ltr'>1ulii‚.</span> <span class='ocrx_word' id='word_1_41' title='bbox 792 865 870 926; x_wconf 89' lang='lat' dir='ltr'>hora</span> <span class='ocrx_word' id='word_1_42' title='bbox 891 875 1002 928; x_wconf 85' lang='lat' dir='ltr'>octava</span> <span class='ocrx_word' id='word_1_43' title='bbox 1022 887 1108 948; x_wconf 90' lang='lat' dir='ltr'>prae-</span> 
     </span>
     <span class='ocr_line' id='line_1_7' title="bbox 327 948 973 1024; baseline 0.008 -18"><span class='ocrx_word' id='word_1_44' title='bbox 327 954 415 1007; x_wconf 84' lang='lat' dir='ltr'>sente</span> <span class='ocrx_word' id='word_1_45' title='bbox 436 948 588 1024; x_wconf 79' lang='lat' dir='ltr'>frequenti</span> <span class='ocrx_word' id='word_1_46' title='bbox 611 948 764 1008; x_wconf 80' lang='lat' dir='ltr'>concione</span> <span class='ocrx_word' id='word_1_47' title='bbox 788 948 973 1012; x_wconf 88' lang='lat' dir='ltr'>auditorum.</span> 
     </span>
    </p>
   </div>
   <div class='ocr_carea' id='block_1_3' title="bbox 180 1029 1029 1114">
    <p class='ocr_par' dir='ltr' id='par_1_7' title="bbox 180 1029 1029 1114">
     <span class='ocr_line' id='line_1_8' title="bbox 180 1029 1029 1114; baseline 0.007 -24"><span class='ocrx_word' id='word_1_48' title='bbox 180 1105 186 1114; x_wconf 28' lang='grc' dir='ltr'>Ι</span> <span class='ocrx_word' id='word_1_49' title='bbox 279 1029 335 1091; x_wconf 87' lang='lat' dir='ltr'>Soli</span> <span class='ocrx_word' id='word_1_50' title='bbox 356 1031 424 1091; x_wconf 89' lang='lat' dir='ltr'>Deo</span> <span class='ocrx_word' id='word_1_51' title='bbox 447 1030 549 1113; x_wconf 81' lang='lat' dir='ltr'>honor</span> <span class='ocrx_word' id='word_1_52' title='bbox 570 1037 601 1090; x_wconf 84' lang='lat' dir='ltr'>et</span> <span class='ocrx_word' id='word_1_53' title='bbox 623 1031 731 1110; x_wconf 86' lang='lat' dir='ltr'>gloria.</span> <span class='ocrx_word' id='word_1_54' title='bbox 776 1030 868 1093; x_wconf 88' lang='lat' dir='ltr'>Anno</span> <span class='ocrx_word' id='word_1_55' title='bbox 891 1033 1029 1098; x_wconf 85' lang='lat' dir='ltr'>MDXlX.</span> 
     </span>
    </p>
   </div>
   <div class='ocr_carea' id='block_1_4' title="bbox 475 1459 828 1555">
    <p class='ocr_par' dir='ltr' id='par_1_8' title="bbox 475 1459 828 1555">
     <span class='ocr_line' id='line_1_9' title="bbox 475 1459 828 1555; baseline 0.006 -2"><span class='ocrx_word' id='word_1_56' title='bbox 475 1461 618 1554; x_wconf 85' lang='lat' dir='ltr'>Sermo</span> <span class='ocrx_word' id='word_1_57' title='bbox 646 1459 828 1555; x_wconf 87' lang='lat' dir='ltr'>Lutheri</span> 
     </span>
    </p>
   </div>
   <div class='ocr_carea' id='block_1_5' title="bbox 221 1612 1109 1923">
    <p class='ocr_par' dir='ltr' id='par_1_9' title="bbox 222 1612 1109 1691">
     <span class='ocr_line' id='line_1_10' title="bbox 222 1612 1109 1691; baseline 0.005 -21"><span class='ocrx_word' id='word_1_58' title='bbox 222 1613 314 1691; x_wconf 75' lang='lat' dir='ltr'>Lipsiae</span> <span class='ocrx_word' id='word_1_59' title='bbox 344 1614 374 1672; x_wconf 92' lang='lat' dir='ltr'>in</span> <span class='ocrx_word' id='word_1_60' title='bbox 407 1631 478 1691; x_wconf 89' lang='lat' dir='ltr'>arce</span> <span class='ocrx_word' id='word_1_61' title='bbox 512 1612 704 1690; x_wconf 88' lang='lat' dir='ltr'>praedicatus</span> <span class='ocrx_word' id='word_1_62' title='bbox 718 1612 751 1688; x_wconf 73' lang='lat' dir='ltr'>*p</span> <span class='ocrx_word' id='word_1_63' title='bbox 787 1614 819 1672; x_wconf 92' lang='lat' dir='ltr'>in</span> <span class='ocrx_word' id='word_1_64' title='bbox 850 1614 932 1673; x_wconf 85' lang='lat' dir='ltr'>feriis</span> <span class='ocrx_word' id='word_1_65' title='bbox 965 1614 1045 1674; x_wconf 90' lang='lat' dir='ltr'>Petri</span> <span class='ocrx_word' id='word_1_66' title='bbox 1078 1621 1109 1674; x_wconf 89' lang='lat' dir='ltr'>et</span> 
     </span>
    </p>

    <p class='ocr_par' dir='ltr' id='par_1_10' title="bbox 225 1695 1109 1776">
     <span class='ocr_line' id='line_1_11' title="bbox 225 1695 1109 1776; baseline 0.003 -23"><span class='ocrx_word' id='word_1_67' title='bbox 225 1696 300 1772; x_wconf 72' lang='lat' dir='ltr'>Pauli,</span> <span class='ocrx_word' id='word_1_68' title='bbox 331 1715 414 1756; x_wconf 90' lang='lat' dir='ltr'>anno</span> <span class='ocrx_word' id='word_1_69' title='bbox 449 1695 586 1760; x_wconf 88' lang='lat' dir='ltr'>MDXlX.</span> <span class='ocrx_word' id='word_1_70' title='bbox 619 1703 758 1776; x_wconf 89' lang='lat' dir='ltr'>tempore</span> <span class='ocrx_word' id='word_1_71' title='bbox 798 1695 1012 1775; x_wconf 77' lang='lat' dir='ltr'>disputationis</span> <span class='ocrx_word' id='word_1_72' title='bbox 1046 1696 1109 1756; x_wconf 91' lang='lat' dir='ltr'>illic</span> 
     </span>
    </p>

    <p class='ocr_par' dir='ltr' id='par_1_11' title="bbox 221 1778 1108 1923">
     <span class='ocr_line' id='line_1_12' title="bbox 221 1778 1108 1857; baseline 0.002 -21"><span class='ocrx_word' id='word_1_73' title='bbox 221 1778 329 1856; x_wconf 86' lang='lat' dir='ltr'>habitae,</span> <span class='ocrx_word' id='word_1_74' title='bbox 353 1798 413 1838; x_wconf 92' lang='lat' dir='ltr'>una</span> <span class='ocrx_word' id='word_1_75' title='bbox 437 1797 504 1838; x_wconf 90' lang='lat' dir='ltr'>cum</span> <span class='ocrx_word' id='word_1_76' title='bbox 528 1781 730 1840; x_wconf 89' lang='lat' dir='ltr'>excusatione</span> <span class='ocrx_word' id='word_1_77' title='bbox 757 1779 875 1857; x_wconf 80' lang='lat' dir='ltr'>aliquot</span> <span class='ocrx_word' id='word_1_78' title='bbox 901 1778 1108 1857; x_wconf 86' lang='lat' dir='ltr'>articulorum,</span> 
     </span>
     <span class='ocr_line' id='line_1_13' title="bbox 375 1861 930 1923; baseline 0.004 -3"><span class='ocrx_word' id='word_1_79' title='bbox 375 1881 393 1921; x_wconf 87' lang='lat' dir='ltr'>a</span> <span class='ocrx_word' id='word_1_80' title='bbox 416 1861 577 1921; x_wconf 79' lang='lat' dir='ltr'>malevolis</span> <span class='ocrx_word' id='word_1_81' title='bbox 599 1862 677 1923; x_wconf 86' lang='lat' dir='ltr'>falso</span> <span class='ocrx_word' id='word_1_82' title='bbox 701 1864 930 1922; x_wconf 81' lang='lat' dir='ltr'>intentatorum.</span> 
     </span>
    </p>
   </div>
   <div class='ocr_carea' id='block_1_6' title="bbox 213 1977 1109 3713">
    <p class='ocr_par' dir='ltr' id='par_1_12' title="bbox 213 1977 1109 3384">
     <span class='ocr_line' id='line_1_14' title="bbox 279 1977 1108 2058; baseline 0.001 -22"><span class='ocrx_word' id='word_1_83' title='bbox 279 1977 362 2037; x_wconf 88' lang='lat' dir='ltr'>Haud</span> <span class='ocrx_word' id='word_1_84' title='bbox 385 1977 476 2039; x_wconf 92' lang='lat' dir='ltr'>dubie</span> <span class='ocrx_word' id='word_1_85' title='bbox 498 1978 652 2058; x_wconf 86' lang='lat' dir='ltr'>plerisque</span> <span class='ocrx_word' id='word_1_86' title='bbox 665 1978 807 2039; x_wconf 81' lang='lat' dir='ltr'>omnibus</span> <span class='ocrx_word' id='word_1_87' title='bbox 829 1984 935 2038; x_wconf 91' lang='lat' dir='ltr'>notum</span> <span class='ocrx_word' id='word_1_88' title='bbox 959 1984 1013 2054; x_wconf 89' lang='lat' dir='ltr'>est,</span> <span class='ocrx_word' id='word_1_89' title='bbox 1035 1996 1108 2055; x_wconf 91' lang='lat' dir='ltr'>quo·</span> 
     </span>
     <span class='ocr_line' id='line_1_15' title="bbox 220 2059 1108 2149; baseline 0.003 -31"><span class='ocrx_word' id='word_1_90' title='bbox 220 2059 287 2119; x_wconf 88' lang='lat' dir='ltr'>nodo</span> <span class='ocrx_word' id='word_1_91' title='bbox 312 2080 370 2141; x_wconf 84' lang='lat' dir='ltr'>ego</span> <span class='ocrx_word' id='word_1_92' title='bbox 399 2062 544 2121; x_wconf 87' lang='lat' dir='ltr'>Martinus</span> <span class='ocrx_word' id='word_1_93' title='bbox 572 2061 720 2122; x_wconf 88' lang='lat' dir='ltr'>Lutherus</span> <span class='ocrx_word' id='word_1_94' title='bbox 744 2061 871 2149; x_wconf 86' lang='lat' dir='ltr'>abusum</span> <span class='ocrx_word' id='word_1_95' title='bbox 900 2061 1108 2121; x_wconf 88' lang='lat' dir='ltr'>Romanarum</span> 
     </span>
     <span class='ocr_line' id='line_1_16' title="bbox 219 2136 1109 2225; baseline 0.003 -25"><span class='ocrx_word' id='word_1_96' title='bbox 219 2142 452 2224; x_wconf 84' lang='lat' dir='ltr'>indulgentiarum</span> <span class='ocrx_word' id='word_1_97' title='bbox 474 2146 623 2217; x_wconf 85' lang='lat' dir='ltr'>taxarim</span> <span class='ocrx_word' id='word_1_98' title='bbox 655 2153 783 2225; x_wconf 90' lang='lat' dir='ltr'>urgente</span> <span class='ocrx_word' id='word_1_99' title='bbox 813 2136 862 2204; x_wconf 86' lang='lat' dir='ltr'>me</span> <span class='ocrx_word' id='word_1_100' title='bbox 891 2144 929 2204; x_wconf 92' lang='lat' dir='ltr'>ad</span> <span class='ocrx_word' id='word_1_101' title='bbox 951 2143 1032 2204; x_wconf 89' lang='lat' dir='ltr'>hanc</span> <span class='ocrx_word' id='word_1_102' title='bbox 1054 2144 1109 2203; x_wconf 88' lang='lat' dir='ltr'>ler-</span> 
     </span>
     <span class='ocr_line' id='line_1_17' title="bbox 217 2226 1109 2322; baseline 0.003 -40"><span class='ocrx_word' id='word_1_103' title='bbox 217 2244 267 2284; x_wconf 90' lang='lat' dir='ltr'>nam</span> <span class='ocrx_word' id='word_1_104' title='bbox 296 2226 535 2322; x_wconf 83' lang='lat' dir='ltr'>aggrediendam</span> <span class='ocrx_word' id='word_1_105' title='bbox 569 2227 742 2288; x_wconf 86' lang='lat' dir='ltr'>Christiano</span> <span class='ocrx_word' id='word_1_106' title='bbox 780 2226 882 2287; x_wconf 90' lang='lat' dir='ltr'>studio</span> <span class='ocrx_word' id='word_1_107' title='bbox 914 2234 945 2288; x_wconf 87' lang='lat' dir='ltr'>et</span> <span class='ocrx_word' id='word_1_108' title='bbox 974 2245 1109 2287; x_wconf 91' lang='lat' dir='ltr'>commo·</span> 
     </span>
     <span class='ocr_line' id='line_1_18' title="bbox 218 2306 1107 2388; baseline 0.005 -23"><span class='ocrx_word' id='word_1_109' title='bbox 218 2306 288 2367; x_wconf 89' lang='lat' dir='ltr'>dandi</span> <span class='ocrx_word' id='word_1_110' title='bbox 306 2310 365 2388; x_wconf 92' lang='lat' dir='ltr'>piis</span> <span class='ocrx_word' id='word_1_111' title='bbox 388 2328 504 2383; x_wconf 89' lang='lat' dir='ltr'>amore</span> <span class='ocrx_word' id='word_1_112' title='bbox 527 2328 594 2369; x_wconf 87' lang='lat' dir='ltr'>cum</span> <span class='ocrx_word' id='word_1_113' title='bbox 617 2311 787 2371; x_wconf 89' lang='lat' dir='ltr'>videremt</span> <span class='ocrx_word' id='word_1_114' title='bbox 775 2318 837 2370; x_wconf 88' lang='lat' dir='ltr'>tam</span> <span class='ocrx_word' id='word_1_115' title='bbox 861 2311 971 2370; x_wconf 91' lang='lat' dir='ltr'>misere</span> <span class='ocrx_word' id='word_1_116' title='bbox 992 2309 1107 2388; x_wconf 89' lang='lat' dir='ltr'>aliquo·</span> 
     </span>
     <span class='ocr_line' id='line_1_19' title="bbox 217 2393 1109 2473; baseline 0.006 -27"><span class='ocrx_word' id='word_1_117' title='bbox 217 2409 263 2447; x_wconf 83' lang='lat' dir='ltr'>rurn</span> <span class='ocrx_word' id='word_1_118' title='bbox 296 2393 549 2453; x_wconf 86' lang='lat' dir='ltr'>concionatorum</span> <span class='ocrx_word' id='word_1_119' title='bbox 586 2394 696 2452; x_wconf 89' lang='lat' dir='ltr'>insano</span> <span class='ocrx_word' id='word_1_120' title='bbox 735 2393 873 2463; x_wconf 84' lang='lat' dir='ltr'>instituto</span> <span class='ocrx_word' id='word_1_121' title='bbox 914 2393 1109 2473; x_wconf 77' lang='lat' dir='ltr'>promiscuae</span> 
     </span>
     <span class='ocr_line' id='line_1_20' title="bbox 217 2473 1106 2555; baseline 0.001 -23"><span class='ocrx_word' id='word_1_122' title='bbox 217 2473 299 2552; x_wconf 91' lang='lat' dir='ltr'>populi</span> <span class='ocrx_word' id='word_1_123' title='bbox 333 2474 518 2534; x_wconf 87' lang='lat' dir='ltr'>multitudini</span> <span class='ocrx_word' id='word_1_124' title='bbox 557 2477 695 2554; x_wconf 77' lang='lat' dir='ltr'>imponi,</span> <span class='ocrx_word' id='word_1_125' title='bbox 728 2477 812 2535; x_wconf 87' lang='lat' dir='ltr'>euius</span> <span class='ocrx_word' id='word_1_126' title='bbox 845 2476 1043 2555; x_wconf 89' lang='lat' dir='ltr'>simplicitati</span> <span class='ocrx_word' id='word_1_127' title='bbox 1062 2474 1106 2534; x_wconf 92' lang='lat' dir='ltr'>illi</span> 
     </span>
     <span class='ocr_line' id='line_1_21' title="bbox 216 2553 1107 2653; baseline 0.003 -40"><span class='ocrx_word' id='word_1_128' title='bbox 216 2558 351 2633; x_wconf 80' lang='lat' dir='ltr'>praetextu</span> <span class='ocrx_word' id='word_1_129' title='bbox 374 2557 631 2653; x_wconf 86' lang='lat' dir='ltr'>indulgentiarum</span> <span class='ocrx_word' id='word_1_130' title='bbox 653 2558 772 2638; x_wconf 90' lang='lat' dir='ltr'>perdite</span> <span class='ocrx_word' id='word_1_131' title='bbox 789 2553 1021 2636; x_wconf 74' lang='lat' dir='ltr'>insidiabantur,</span> <span class='ocrx_word' id='word_1_132' title='bbox 1045 2576 1107 2616; x_wconf 91' lang='lat' dir='ltr'>non</span> 
     </span>
     <span class='ocr_line' id='line_1_22' title="bbox 215 2637 1107 2738; baseline 0.007 -43"><span class='ocrx_word' id='word_1_133' title='bbox 215 2637 290 2697; x_wconf 85' lang='lat' dir='ltr'>solum</span> <span class='ocrx_word' id='word_1_134' title='bbox 322 2659 390 2698; x_wconf 87' lang='lat' dir='ltr'>cum</span> <span class='ocrx_word' id='word_1_135' title='bbox 416 2642 583 2700; x_wconf 89' lang='lat' dir='ltr'>animarum</span> <span class='ocrx_word' id='word_1_136' title='bbox 607 2640 783 2738; x_wconf 81' lang='lat' dir='ltr'>dispendio,</span> <span class='ocrx_word' id='word_1_137' title='bbox 823 2640 877 2700; x_wconf 91' lang='lat' dir='ltr'>sed</span> <span class='ocrx_word' id='word_1_138' title='bbox 900 2641 990 2701; x_wconf 90' lang='lat' dir='ltr'>etiam</span> <span class='ocrx_word' id='word_1_139' title='bbox 1014 2641 1107 2701; x_wconf 88' lang='lat' dir='ltr'>victui</span> 
     </span>
     <span class='ocr_line' id='line_1_23' title="bbox 216 2723 1107 2804; baseline 0.006 -27"><span class='ocrx_word' id='word_1_140' title='bbox 216 2724 364 2781; x_wconf 88' lang='lat' dir='ltr'>necessaria</span> <span class='ocrx_word' id='word_1_141' title='bbox 387 2724 449 2783; x_wconf 92' lang='lat' dir='ltr'>suis</span> <span class='ocrx_word' id='word_1_142' title='bbox 471 2725 646 2804; x_wconf 84' lang='lat' dir='ltr'>praestigiis</span> <span class='ocrx_word' id='word_1_143' title='bbox 669 2726 788 2783; x_wconf 90' lang='lat' dir='ltr'>miseris</span> <span class='ocrx_word' id='word_1_144' title='bbox 811 2723 1028 2785; x_wconf 88' lang='lat' dir='ltr'>subtrahendo.</span> <span class='ocrx_word' id='word_1_145' title='bbox 1059 2723 1107 2782; x_wconf 85' lang='lat' dir='ltr'>Ex</span> 
     </span>
     <span class='ocr_line' id='line_1_24' title="bbox 216 2805 1107 2884; baseline 0.002 -22"><span class='ocrx_word' id='word_1_146' title='bbox 216 2819 258 2879; x_wconf 88' lang='lat' dir='ltr'>quo</span> <span class='ocrx_word' id='word_1_147' title='bbox 277 2824 430 2884; x_wconf 90' lang='lat' dir='ltr'>propenso</span> <span class='ocrx_word' id='word_1_148' title='bbox 453 2824 522 2864; x_wconf 90' lang='lat' dir='ltr'>meo</span> <span class='ocrx_word' id='word_1_149' title='bbox 544 2807 754 2867; x_wconf 87' lang='lat' dir='ltr'>incommune</span> <span class='ocrx_word' id='word_1_150' title='bbox 776 2807 876 2867; x_wconf 90' lang='lat' dir='ltr'>studio</span> <span class='ocrx_word' id='word_1_151' title='bbox 896 2807 970 2867; x_wconf 90' lang='lat' dir='ltr'>mult</span> <span class='ocrx_word' id='word_1_152' title='bbox 959 2814 1021 2867; x_wconf 88' lang='lat' dir='ltr'>tum</span> <span class='ocrx_word' id='word_1_153' title='bbox 1045 2805 1107 2865; x_wconf 92' lang='lat' dir='ltr'>odii</span> 
     </span>
     <span class='ocr_line' id='line_1_25' title="bbox 215 2887 1105 2966; baseline 0.006 -24"><span class='ocrx_word' id='word_1_154' title='bbox 215 2893 236 2942; x_wconf 88' lang='lat' dir='ltr'>et</span> <span class='ocrx_word' id='word_1_155' title='bbox 251 2887 368 2966; x_wconf 86' lang='lat' dir='ltr'>p‘ericuli</span> <span class='ocrx_word' id='word_1_156' title='bbox 393 2888 464 2948; x_wconf 92' lang='lat' dir='ltr'>mihi</span> <span class='ocrx_word' id='word_1_157' title='bbox 487 2891 646 2965; x_wconf 86' lang='lat' dir='ltr'>contraxi</span> <span class='ocrx_word' id='word_1_158' title='bbox 680 2890 793 2950; x_wconf 90' lang='lat' dir='ltr'>multos</span> <span class='ocrx_word' id='word_1_159' title='bbox 824 2890 944 2950; x_wconf 89' lang='lat' dir='ltr'>labores</span> <span class='ocrx_word' id='word_1_160' title='bbox 967 2889 1105 2961; x_wconf 88' lang='lat' dir='ltr'>sustinui,</span> 
     </span>
     <span class='ocr_line' id='line_1_26' title="bbox 216 2969 1107 3050; baseline 0.004 -24"><span class='ocrx_word' id='word_1_161' title='bbox 216 2969 322 3028; x_wconf 86' lang='lat' dir='ltr'>multa</span> <span class='ocrx_word' id='word_1_162' title='bbox 316 2972 472 3049; x_wconf 85' lang='lat' dir='ltr'>insumpsi</span> <span class='ocrx_word' id='word_1_163' title='bbox 517 2971 564 3030; x_wconf 86' lang='lat' dir='ltr'>Ad</span> <span class='ocrx_word' id='word_1_164' title='bbox 600 2971 678 3032; x_wconf 87' lang='lat' dir='ltr'>haec</span> <span class='ocrx_word' id='word_1_165' title='bbox 708 2974 840 3032; x_wconf 91' lang='lat' dir='ltr'>nominis</span> <span class='ocrx_word' id='word_1_166' title='bbox 873 2973 949 3050; x_wconf 90' lang='lat' dir='ltr'>mei</span> <span class='ocrx_word' id='word_1_167' title='bbox 986 2979 1017 3031; x_wconf 90' lang='lat' dir='ltr'>et</span> <span class='ocrx_word' id='word_1_168' title='bbox 1044 2990 1107 3031; x_wconf 91' lang='lat' dir='ltr'>non</span> 
     </span>
     <span class='ocr_line' id='line_1_27' title="bbox 216 3052 1106 3135; baseline 0.006 -27"><span class='ocrx_word' id='word_1_169' title='bbox 216 3052 398 3131; x_wconf 88' lang='lat' dir='ltr'>negligendae</span> <span class='ocrx_word' id='word_1_170' title='bbox 412 3053 521 3113; x_wconf 83' lang='lat' dir='ltr'>Christ</span> <span class='ocrx_word' id='word_1_171' title='bbox 500 3058 585 3114; x_wconf 87' lang='lat' dir='ltr'>trano</span> <span class='ocrx_word' id='word_1_172' title='bbox 609 3056 844 3116; x_wconf 81' lang='lat' dir='ltr'>existimationis</span> <span class='ocrx_word' id='word_1_173' title='bbox 865 3075 990 3135; x_wconf 89' lang='lat' dir='ltr'>gravem</span> <span class='ocrx_word' id='word_1_174' title='bbox 1013 3056 1106 3114; x_wconf 85' lang='lat' dir='ltr'>iactu·</span> 
     </span>
     <span class='ocr_line' id='line_1_28' title="bbox 216 3128 1105 3217; baseline 0.007 -27"><span class='ocrx_word' id='word_1_175' title='bbox 216 3152 262 3191; x_wconf 87' lang='lat' dir='ltr'>ram</span> <span class='ocrx_word' id='word_1_176' title='bbox 279 3135 352 3212; x_wconf 87' lang='lat' dir='ltr'>feci</span> <span class='ocrx_word' id='word_1_177' title='bbox 385 3155 452 3194; x_wconf 90' lang='lat' dir='ltr'>enm</span> <span class='ocrx_word' id='word_1_178' title='bbox 482 3139 632 3216; x_wconf 85' lang='lat' dir='ltr'>passimt</span> <span class='ocrx_word' id='word_1_179' title='bbox 620 3128 796 3198; x_wconf 84' lang='lat' dir='ltr'>traducerer</span> <span class='ocrx_word' id='word_1_180' title='bbox 817 3157 835 3197; x_wconf 87' lang='lat' dir='ltr'>a</span> <span class='ocrx_word' id='word_1_181' title='bbox 857 3137 1035 3217; x_wconf 85' lang='lat' dir='ltr'>quibusdam</span> <span class='ocrx_word' id='word_1_182' title='bbox 1059 3157 1105 3196; x_wconf 91' lang='lat' dir='ltr'>sa-</span> 
     </span>
     <span class='ocr_line' id='line_1_29' title="bbox 218 3216 1107 3302; baseline 0.004 -28"><span class='ocrx_word' id='word_1_183' title='bbox 218 3216 345 3292; x_wconf 76' lang='lat' dir='ltr'>pientinus</span> <span class='ocrx_word' id='word_1_184' title='bbox 385 3226 416 3278; x_wconf 89' lang='lat' dir='ltr'>et</span> <span class='ocrx_word' id='word_1_185' title='bbox 452 3220 597 3279; x_wconf 88' lang='lat' dir='ltr'>sanctulis</span> <span class='ocrx_word' id='word_1_186' title='bbox 633 3240 689 3300; x_wconf 90' lang='lat' dir='ltr'>pro</span> <span class='ocrx_word' id='word_1_187' title='bbox 719 3229 881 3302; x_wconf 86' lang='lat' dir='ltr'>suggestu,</span> <span class='ocrx_word' id='word_1_188' title='bbox 914 3223 944 3279; x_wconf 88' lang='lat' dir='ltr'>ln</span> <span class='ocrx_word' id='word_1_189' title='bbox 976 3221 1107 3300; x_wconf 83' lang='lat' dir='ltr'>angulis,</span> 
     </span>
     <span class='ocr_line' id='line_1_30' title="bbox 213 3296 1104 3384; baseline 0.009 -30"><span class='ocrx_word' id='word_1_190' title='bbox 213 3296 317 3377; x_wconf 86' lang='lat' dir='ltr'>plateis</span> <span class='ocrx_word' id='word_1_191' title='bbox 351 3307 382 3360; x_wconf 91' lang='lat' dir='ltr'>et</span> <span class='ocrx_word' id='word_1_192' title='bbox 370 3301 459 3361; x_wconf 90' lang='lat' dir='ltr'>tubi</span> <span class='ocrx_word' id='word_1_193' title='bbox 488 3302 577 3361; x_wconf 81' lang='lat' dir='ltr'>non?</span> <span class='ocrx_word' id='word_1_194' title='bbox 608 3303 701 3382; x_wconf 91' lang='lat' dir='ltr'>idque</span> <span class='ocrx_word' id='word_1_195' title='bbox 722 3305 917 3384; x_wconf 77' lang='lat' dir='ltr'>gravissime,</span> <span class='ocrx_word' id='word_1_196' title='bbox 939 3303 1052 3383; x_wconf 89' lang='lat' dir='ltr'>quod</span> <span class='ocrx_word' id='word_1_197' title='bbox 1045 3323 1104 3362; x_wconf 87' lang='lat' dir='ltr'>ram</span> 
     </span>
    </p>

    <p class='ocr_par' dir='ltr' id='par_1_13' title="bbox 218 3379 1006 3446">
     <span class='ocr_line' id='line_1_31' title="bbox 218 3379 1006 3446; baseline 0.009 -6.414"><span class='ocrx_word' id='word_1_198' title='bbox 218 3379 407 3443; x_wconf 81' lang='lat' dir='ltr'>adbiennium</span> <span class='ocrx_word' id='word_1_199' title='bbox 431 3385 505 3444; x_wconf 85' lang='lat' dir='ltr'>oltra</span> <span class='ocrx_word' id='word_1_200' title='bbox 527 3387 782 3446; x_wconf 88' lang='lat' dir='ltr'>intermissionem</span> <span class='ocrx_word' id='word_1_201' title='bbox 807 3386 932 3446; x_wconf 90' lang='lat' dir='ltr'>duravit</span> <span class='ocrx_word' id='word_1_202' title='bbox 1004 3426 1006 3430; x_wconf 94' lang='lat'>-</span> 
     </span>
    </p>

    <p class='ocr_par' dir='ltr' id='par_1_14' title="bbox 218 3463 1106 3713">
     <span class='ocr_line' id='line_1_32' title="bbox 276 3463 1106 3545; baseline 0.006 -22"><span class='ocrx_word' id='word_1_203' title='bbox 276 3463 493 3545; x_wconf 76' lang='lat' dir='ltr'>Quanquam</span> <span class='ocrx_word' id='word_1_204' title='bbox 485 3488 514 3527; x_wconf 91' lang='grc' dir='ltr'>ιιι</span> <span class='ocrx_word' id='word_1_205' title='bbox 550 3467 596 3527; x_wconf 91' lang='lat' dir='ltr'>his</span> <span class='ocrx_word' id='word_1_206' title='bbox 626 3470 767 3530; x_wconf 92' lang='lat' dir='ltr'>omnibus</span> <span class='ocrx_word' id='word_1_207' title='bbox 800 3469 873 3529; x_wconf 92' lang='lat' dir='ltr'>illud</span> <span class='ocrx_word' id='word_1_208' title='bbox 903 3471 1035 3529; x_wconf 89' lang='lat' dir='ltr'>maxime</span> <span class='ocrx_word' id='word_1_209' title='bbox 1058 3487 1106 3528; x_wconf 93' lang='lat' dir='ltr'>me</span> 
     </span>
     <span class='ocr_line' id='line_1_33' title="bbox 218 3547 1105 3644; baseline 0.011 -44"><span class='ocrx_word' id='word_1_210' title='bbox 218 3547 333 3623; x_wconf 82' lang='lat' dir='ltr'>turbavit,</span> <span class='ocrx_word' id='word_1_211' title='bbox 356 3549 438 3644; x_wconf 82' lang='lat' dir='ltr'>quod</span> <span class='ocrx_word' id='word_1_212' title='bbox 462 3570 516 3629; x_wconf 91' lang='lat' dir='ltr'>per</span> <span class='ocrx_word' id='word_1_213' title='bbox 539 3552 690 3611; x_wconf 89' lang='lat' dir='ltr'>eiusmodi</span> <span class='ocrx_word' id='word_1_214' title='bbox 713 3553 863 3612; x_wconf 88' lang='lat' dir='ltr'>clamores</span> <span class='ocrx_word' id='word_1_215' title='bbox 886 3561 917 3612; x_wconf 83' lang='lat' dir='ltr'>et</span> <span class='ocrx_word' id='word_1_216' title='bbox 939 3552 1105 3612; x_wconf 89' lang='lat' dir='ltr'>calumnias</span> 
     </span>
     <span class='ocr_line' id='line_1_34' title="bbox 218 3628 1106 3713; baseline 0.009 -28"><span class='ocrx_word' id='word_1_217' title='bbox 218 3632 253 3686; x_wconf 87' lang='lat' dir='ltr'>tot</span> <span class='ocrx_word' id='word_1_218' title='bbox 243 3628 421 3692; x_wconf 82' lang='lat' dir='ltr'>tOhristiani</span> <span class='ocrx_word' id='word_1_219' title='bbox 457 3636 603 3693; x_wconf 90' lang='lat' dir='ltr'>commoti</span> <span class='ocrx_word' id='word_1_220' title='bbox 639 3642 710 3694; x_wconf 91' lang='lat' dir='ltr'>sunt</span> <span class='ocrx_word' id='word_1_221' title='bbox 735 3637 908 3695; x_wconf 89' lang='lat' dir='ltr'>etaccensi</span> <span class='ocrx_word' id='word_1_222' title='bbox 930 3635 969 3694; x_wconf 92' lang='lat' dir='ltr'>ad</span> <span class='ocrx_word' id='word_1_223' title='bbox 992 3635 1106 3713; x_wconf 81' lang='lat' dir='ltr'>odium,</span> 
     </span>
    </p>
   </div>
   <div class='ocr_carea' id='block_1_7' title="bbox 235 3841 1021 3924">
    <p class='ocr_par' dir='ltr' id='par_1_15' title="bbox 235 3841 1021 3924">
     <span class='ocr_line' id='line_1_35' title="bbox 235 3841 1021 3924; baseline 0.034 -25"><span class='ocrx_word' id='word_1_224' title='bbox 235 3841 261 3900; x_wconf 72' lang='lat'>³)</span> <span class='ocrx_word' id='word_1_225' title='bbox 279 3844 383 3901; x_wconf 75' lang='lat' dir='ltr'>Toxlus</span> <span class='ocrx_word' id='word_1_226' title='bbox 399 3850 532 3911; x_wconf 82' lang='lat' dir='ltr'>redditus</span> <span class='ocrx_word' id='word_1_227' title='bbox 552 3864 598 3915; x_wconf 88' lang='lat' dir='ltr'>est</span> <span class='ocrx_word' id='word_1_228' title='bbox 619 3879 656 3919; x_wconf 86' lang='lat' dir='ltr'>ex</span> <span class='ocrx_word' id='word_1_229' title='bbox 680 3865 752 3923; x_wconf 74' lang='lat' dir='ltr'>edit.</span> <span class='ocrx_word' id='word_1_230' title='bbox 773 3867 839 3923; x_wconf 81' lang='lat' dir='ltr'>len.</span> <span class='ocrx_word' id='word_1_231' title='bbox 861 3883 886 3922; x_wconf 83' lang='lat' dir='ltr'>a.</span> <span class='ocrx_word' id='word_1_232' title='bbox 905 3863 994 3924; x_wconf 64' lang='lat' dir='ltr'>lata</span> <span class='ocrx_word' id='word_1_233' title='bbox 1018 3912 1021 3917; x_wconf 85' lang='lat'>.</span> 
     </span>
    </p>
   </div>
   <div class='ocr_carea' id='block_1_8' title="bbox 0 0 1360 4417">
    <p class='ocr_par' dir='ltr' id='par_1_16' title="bbox 0 0 1360 4417">
     <span class='ocr_line' id='line_1_36' title="bbox 0 0 1360 4417; baseline 0 2"><span class='ocrx_word' id='word_1_234' title='bbox 0 0 1360 4417; x_wconf 95' lang='lat' dir='ltr'> </span> 
     </span>
    </p>
   </div>
  </div>
 </body>
</html>
