2709 4417
268 352 332 420 378
498 357 592 413 soor.
612 357 637 411 i..
657 373 742 426 super
757 357 958 427 Propositioas

270 551 342 604 tum.
391 543 497 622 [Quod
521 551 569 604 est
589 544 852 605 evidentissimum
875 551 1100 624 argumentum,
1118 543 1167 603 nui-

167 663 173 671 ·
270 627 331 687 lum
349 627 560 706 apostolomm
583 627 670 688 alteri
692 629 787 687 fuisse
801 628 985 707 praelatum,
1008 626 1061 686 sed
1081 646 1098 686 a
1115 627 1169 687 soto

271 711 338 770 Deo
362 710 529 787 quemlibet
554 712 664 770 ueteris
693 711 861 789 aequaliter
883 717 1028 770 vooatum
1057 713 1085 769 et
1103 711 1170 768 insti·

152 814 158 835 .
270 799 393 868 tutum]

352 875 509 950 Secunda,
532 875 634 936 Galat.
656 881 685 939 2.
718 876 903 937 Antioohiae
924 876 1033 946 Petrus
1053 894 1071 933 a
1091 874 1170 935 Paulo

269 958 558 1038 reprehendebatur,
579 960 609 1017 in
632 977 693 1037 quo
705 966 799 1039 patet,
821 959 998 1019 Romanum
1012 956 1169 1036 pontificem

270 1041 396 1102 subesse
420 1040 545 1101 cuilibet
571 1040 680 1101 melius
703 1043 862 1102 sentienti:
896 1060 956 1102 nee
984 1040 1055 1100 ideo
1084 1059 1171 1100 vernn

270 1142 338 1183 esse
360 1123 563 1200 umbonum,
594 1126 665 1202 quia
685 1128 752 1203 ipse
778 1126 824 1184 sio
844 1125 920 1184 dioit
940 1130 996 1184 aut
1019 1123 1103 1201 iaeit,
1128 1123 1171 1183 sed
1215 1138 1217 1155 ’

268 1207 418 1266 rationem
439 1205 568 1265 reddere
591 1214 728 1282 tenetur,
760 1210 829 1281 imo,
854 1227 917 1268 non
941 1225 1065 1285 semper
1085 1213 1173 1285 potest

269 1288 407 1366 reddere,
430 1289 484 1348 sed
507 1307 575 1348 oum
597 1289 689 1350 Petro
712 1290 878 1368 aliquando
900 1297 992 1350 errat.

351 1371 469 1447 Tertia,
499 1371 710 1432 ecclesiastiea
738 1372 865 1433 historia
893 1372 945 1433 lib.
974 1378 1005 1436 b.
1038 1371 1138 1430 Viotor
1156 1371 1172 1430 l.

270 1455 427 1515 Romanus
460 1454 599 1534 pontifex
627 1456 720 1515 Asine
748 1457 913 1536 episcopos
941 1454 1042 1514 voluit
1068 1471 1173 1512 exson-

269 1539 433 1612 munioare
455 1536 635 1617 redargutus
658 1545 761 1598 autem
783 1544 831 1598 est
854 1557 917 1598 non
939 1557 958 1596 a
981 1536 1097 1613 Paulo,
1131 1535 1173 1595 sed

269 1620 307 1681 ab
330 1620 457 1681 Irenaeo
479 1619 695 1700 Lugdunensi,
723 1628 753 1680 et
778 1622 930 1681 ooeroitus
953 1621 1047 1679 etiam
1070 1639 1089 1678 a
1110 1626 1174 1678 oete

268 1703 309 1761 ris
331 1702 492 1780 omuibus,
525 1705 659 1763 monitus
691 1713 721 1764 et
742 1705 841 1764 iussus
862 1721 973 1784 paoem
996 1701 1124 1779 habere,
1153 1711 1175 1760 et

269 1784 432 1847 eoelesiam
455 1804 517 1845 uon
531 1786 724 1862 conturbare,
747 1786 865 1867 quibus,
888 1787 967 1846 sieut
990 1784 1103 1857 deouit,
1123 1803 1175 1844 ses

269 1869 316 1930 sit.
344 1868 420 1929 Item
443 1867 555 1929 ibidem
578 1871 725 1930 Anicetus
747 1887 870 1948 quoque
892 1869 989 1929 cessit
1003 1867 1175 1946 Polyourpo‚

267 1949 416 2030 Smymeo
439 1952 604 2031 episeopo,
638 1971 697 2013 neo
725 1971 794 2012 eum
823 1970 937 2032 eogere
959 1950 1063 2030 potuit
1082 1951 1112 2009 in
1133 1968 1177 2008 sua

267 2032 400 2094 decreta.
444 2036 518 2094 ttem
538 2034 668 2095 ‘historia
690 2036 805 2114 tripart
828 2034 879 2096 lib.
902 2035 931 2096 4.
960 2032 1053 2093 lulius
1075 2033 1176 2111 primus

267 2124 396 2176 bonatus
418 2117 596 2197 prohibere,
627 2137 666 2178 ne
688 2118 766 2178 eitra
787 2137 872 2178 suam
895 2117 1096 2178 autoritatem
1117 2133 1177 2175 eou-

267 2199 368 2258 oilium
398 2207 548 2282 cogerent
576 2201 742 2261 orientales
764 2201 920 2280 episcopi,
952 2199 1086 2258 inaniter
1116 2199 1178 2277 egit,

267 2282 339 2361 quia
360 2282 434 2343 nihil
456 2281 499 2342 ilii
531 2284 592 2343 hoo
614 2290 757 2344 curarunt
779 2290 810 2343 et
830 2283 1010 2343 acutissime
1033 2283 1060 2341 ei
1084 2282 1177 2341 reson·

267 2371 402 2444 pserunt.

350 2447 481 2524 Quarta,
519 2448 691 2509 Romanum
730 2446 904 2528 pontificem
940 2466 1013 2506 esse
1047 2444 1178 2507 omnibus

266 2532 454 2609 superiorem
486 2530 619 2591 humano
650 2531 776 2591 decreto
805 2531 957 2591 sancitum
985 2536 1046 2605 est,
1078 2547 1179 2607 nempe

268 2613 463 2673 Constantini
485 2613 544 2688 lv,
567 2613 755 2674 Graecorum
777 2612 991 2692 imperatoris,
1027 2618 1062 2670 ut
1083 2611 1178 2670 soribit

269 2696 388 2755 Plotina
408 2698 438 2754 in
462 2696 629 2758 Benedioto
652 2700 691 2774 2„
720 2716 778 2756 neo
800 2697 844 2755 sie
866 2700 968 2754 tamen
992 2694 1178 2755 observatum

267 2779 420 2858 episeopis
443 2779 520 2839 aliis.

351 2861 482 2939 Quinta,
515 2839 661 2940 numquid
691 2860 878 2942 cyprianum
907 2866 939 2920 et
967 2859 1178 2938 Augustinum,

268 2943 408 3023 aliosque
431 2944 552 3005 Africae
581 2946 745 3023 episeopus
776 2942 970 3004 confirmavit
991 2942 1094 3021 Papa,
1133 2945 1177 3019 qui

269 3034 369 3086 temen
403 3027 441 3087 de
470 3028 565 3087 latina
593 3028 726 3087 eeclesia
753 3026 861 3087 erant?
903 3023 1059 3102 Numquid
1083 3044 1177 3084 eorum

267 3109 399 3169 oonsilio
429 3110 607 3189 impedivit?
631 3116 683 3169 aut
712 3108 918 3169 conciliabulo
946 3107 1087 3185 fuerunt,
1118 3111 1178 3186 quia

267 3193 333 3252 sine
356 3191 487 3252 Romani
508 3191 661 3273 pontificis
684 3194 847 3252 autoritate
865 3196 954 3271 gesta
981 3199 1069 3268 sunt,
1104 3201 1135 3250 ut
1153 3193 1176 3249 in

267 3294 372 3335 eorum
397 3275 481 3336 libris
503 3277 585 3336 clare
608 3275 746 3336 habetur.
1012 3292 1015 3296 ’

350 3357 461 3434 Sexta,
497 3358 618 3439 quando
646 3357 909 3431 Alexandrinum,
947 3355 1176 3432 Antiochenum,

266 3440 595 3522 Hierosolymitanum‚
624 3449 655 3500 et
682 3442 761 3502 alios
784 3439 933 3519 Aegypti,
957 3437 1111 3513 Arabiae,
1133 3439 1176 3519 fly-

266 3525 349 3600 n'ae,
372 3523 484 3602 Asiae,
517 3526 670 3603 totiusque
693 3524 826 3585 Orientis
848 3522 1014 3601 episcopos
1036 3522 1175 3582 instituit?

265 3605 303 3665 Hi
327 3626 434 3667 omnes
457 3627 531 3688 ergo
554 3608 699 3667 haeretiei
721 3605 865 3667 fuerunt?
887 3603 1001 3672 Absit„

347 3689 494 3770 Septima
517 3709 574 3750 neo
595 3690 689 3750 hodie
711 3689 766 3748 sub
779 3690 920 3749 Romano
933 3686 1083 3766 pontifice
1105 3697 1173 3762 sunt,

261 3774 314 3856 qui
338 3775 368 3837 in
392 3774 534 3847 Perside,
554 3773 811 3852 indimbebgtia„
827 3767 1183 3842 totoquebrxamasuut„

252 3859 306 3925 An
330 3868 431 3946 putas
460 3861 573 3925 nullos
602 3857 650 3922 ibi
683 3871 758 3919 esse
776 3844 994 3914 tunsus-uso
1025 3855 1064 3899 es
1088 3861 1185 3918 regan
