2709 4417
267 351 331 418 256
499 354 592 410 Resol.
613 356 638 408 Ι..
657 359 741 425 super
757 347 937 424 Ptopostiou.

270 537 353 597 dieat
363 538 410 614 ¹J:
426 535 458 597 Si
472 557 535 598 nou
547 540 725 599 remiseritis
736 539 911 599 hominibus
922 543 1056 619 peccata
1073 554 1170 616 eorum,

270 639 329 680 nec
350 620 439 679 Pater
461 627 563 681 vester
584 623 711 682 remittit
732 621 819 682 vobis
842 628 972 702 peccata
996 626 1116 698 restra,
1138 618 1171 680 lc·

270 702 372 781 quitur
401 702 439 761 ad
462 704 623 782 apostolos
646 713 770 764 sanctos
791 703 872 764 tilius
895 704 971 783 Dei,
994 710 1026 762 et
1047 702 1096 762 ubi
1118 708 1172 763 suut

271 803 376 845 eorum
410 787 559 864 peccata?
582 787 715 847 venialia
728 786 850 865 quidem
872 793 954 866 sunt,
976 784 1033 846 sed
1054 784 1172 845 mortuis

271 877 375 945 eruut,
410 868 468 926 uisi
503 871 705 929 remittantur.
749 869 830 930 Sane
858 876 930 929 sunt
965 867 1103 949 quidem,
1132 868 1170 946 qni

270 949 350 1008 hanc
365 951 535 1010 oraticnem
548 964 609 1031 pro·
620 953 730 1032 poeuis
742 959 940 1030 peccaterum
955 950 1171 1030 orarigarrieut,

271 1050 348 1111 quos
373 1039 496 1111 oportet
509 1039 654 1112 tanquam
668 1035 753 1094 verbi
768 1034 824 1093 Dei
838 1034 1060 1114 depravatores
1071 1050 1168 1096 cavere.

269 1114 348 1174 Nam
371 1114 443 1192 quid
467 1114 570 1175 dicent
591 1115 630 1175 ed
652 1115 745 1177 illud:
783 1115 1000 1178 Sanctificetur
1022 1123 1169 1176 nomentu-

271 1217 337 1273 um,
361 1196 507 1257 adveniat
528 1218 655 1278 reguum
679 1206 773 1275 tuum,
795 1198 849 1259 iiat
871 1199 1016 1259 voluutas
1039 1196 1106 1257 tua?
1123 1197 1169 1257 hoe

271 1280 455 1339 sanctissimi
485 1281 577 1340 etiam
608 1289 713 1359 orant,
740 1290 773 1340 at
799 1280 916 1341 orando
946 1279 1124 1340 confitentur
1145 1299 1168 1338 se

272 1361 408 1423 nondum
436 1362 645 1423 sanctificasse
674 1382 787 1424 nomen
810 1364 884 1440 Dei,
923 1363 1060 1424 noudum
1085 1364 1112 1421 iu
1137 1363 1168 1420 eis

267 1442 343 1505 ‘esse
365 1463 494 1523 regnum
517 1445 584 1523 Dei,
608 1465 666 1505 nec
688 1447 832 1506 iustitiam
855 1448 943 1524 eius,
965 1447 1020 1505 sed
1043 1453 1169 1522 quaeruut

272 1527 330 1586 hac
352 1527 493 1587 oratioue
514 1546 641 1608 reguum
657 1528 724 1605 Dei,
747 1538 777 1588 et
790 1529 936 1587 iustitiam
956 1530 1032 1605 eius,
1055 1525 1168 1587 nondun

270 1626 306 1670 sc
318 1608 429 1668 iecisse
441 1609 629 1669 voluntatem
645 1610 713 1672 Dei.
736 1613 777 1670 At
787 1610 865 1670 haec
878 1611 983 1679 omnia
1003 1616 1074 1669 suut
1084 1609 1168 1669 debita

271 1690 389 1771 culpae,
412 1700 583 1770 etpeccata
595 1700 702 1752 contra
719 1693 820 1773 legem
834 1693 901 1771 Dei,
924 1694 974 1771 qui
990 1693 1056 1752 vuit
1075 1709 1169 1751 nomen
1208 1712 1212 1765 ἵ

270 1792 357 1832 suurn
371 1786 508 1833 sanetum
520 1794 598 1853 esse,
610 1777 640 1834 iu
654 1775 743 1835 nobis
749 1794 888 1855 regnare,
899 1774 1089 1835 voluntatem
1099 1793 1167 1833 suan
1211 1780 1212 1787 ’

273 1855 304 1915 in
328 1854 415 1916 nobis
438 1855 513 1917 fieri.
548 1857 615 1917 Nec
636 1857 814 1937 putandum,
836 1858 918 1936 quod
942 1856 1014 1917 iicte
1037 1864 1140 1917 oretur.

355 1937 458 2011 Quare
480 1941 624 2018 seqnitur,
647 1959 756 2000 omnes
777 1959 850 2000 vere
864 1952 964 2017 orare,
986 1948 1019 2001 et
1040 1957 1109 2000 vere
1127 1938 1169 1997 sib'

271 2021 348 2080 haec
371 2020 480 2081 deesse
495 2020 644 2083 confiteri.
668 2021 709 2082 Et
720 2023 764 2082 ita
777 2029 872 2102 patet,
895 2022 978 2101 quod
1001 2022 1069 2083 sola
1090 2022 1169 2081 cretio

272 2103 434 2164 Dominica
456 2122 513 2163 nos
537 2104 644 2183 docet,
675 2106 790 2184 primo,
821 2124 970 2165 essenos
992 2104 1170 2184 quotidianos

272 2192 452 2264 peccatores
471 2195 502 2246 et
522 2207 644 2268 semper
665 2206 810 2267 peecare,
839 2187 951 2247 deiude
978 2194 1076 2248 totam
1094 2187 1169 2245 vitan

272 2286 341 2328 esse
370 2269 592 2348 poenitentiam
621 2278 652 2328 et
680 2271 868 2348 orationem,
902 2277 933 2329 et
962 2271 1169 2330 contritionem.

271 2351 403 2430 Exque
426 2352 551 2412 ulterius
573 2354 710 2431 sequitur
736 2358 844 2412 contra
871 2353 995 2413 concilii
1018 2352 1169 2412 Constanti·

272 2434 355 2495 ensis
379 2432 675 2509 determinationem,
699 2454 821 2494 omnem
845 2441 945 2495 actum
967 2434 1100 2495 hominis
1118 2452 1170 2493 esse

272 2515 384 2574 malum
408 2523 496 2575 extra
516 2517 658 2595 gratiam,
681 2516 908 2595 quandoetiam
931 2527 1018 2577 aetus
1040 2518 1168 2576 iustorum

271 2599 301 2656 in
323 2598 423 2677 gratia
444 2617 507 2658 non
530 2607 577 2657 est
591 2597 701 2674 bonus,
725 2619 783 2659 nec
803 2601 911 2680 implet
928 2599 1104 2673 mandatum
1118 2599 1168 2658 Dei.

359 2679 472 2740 Ultimo
507 2680 546 2740 ad
567 2681 629 2740 hoc
650 2692 761 2760 urgent
788 2689 833 2742 tot
860 2680 997 2762 apostoli
1018 2682 1104 2742 Pauli
1132 2701 1168 2741 ex·

270 2761 477 2836 hortationes,
510 2770 543 2822 ut
566 2762 784 2825 mortificemus
809 2764 962 2842 membra,
996 2784 1075 2844 quae
1096 2782 1169 2844 super
1211 2820 1212 2827 ,

271 2850 382 2904 terram
405 2853 493 2921 sunt,
516 2846 583 2906 001.
607 2849 644 2923 33
680 2853 711 2907 et
731 2847 813 2907 facta
839 2850 954 2926 caruis,
976 2848 1065 2908 Rom.
1087 2850 1122 2924 ὃς
1149 2856 1170 2905 et

271 2945 456 2987 renovemur
477 2929 508 2987 iu
531 2930 671 2988 novitate
685 2949 805 3000 sensus,
825 2931 934 2992 Roma.
960 2933 1016 3009 123
1037 2938 1068 2991 et
1089 2929 1169 2989 caruis

270 3028 372 3069 euram
388 3030 449 3071 uon
462 3010 609 3072 faciamus
620 3013 651 3070 in
663 3011 823 3073 desideriis
833 3014 908 3094 eins,
921 3014 1010 3073 Rom.
1025 3015 1080 3092 133
1094 3011 1170 3073 cruci·

269 3089 399 3172 figamus
416 3112 539 3153 caruem
563 3113 631 3153 cum
650 3096 916 3174 concupiscentiis,
939 3095 1029 3156 Gala.
1051 3096 1170 3170 &Quat

190 3212 197 3227 ,
270 3177 374 3235 omnia
406 3194 444 3235 eo
478 3175 606 3236 tendunt
632 3175 682 3256 (ut
705 3178 821 3238 clarum
842 3178 924 3261 est),
946 3179 1030 3258 quod
1066 3177 1170 3240 assidue

170 3280 173 3285 ·
269 3258 490 3336 poenitendum
523 3261 580 3337 sit,
615 3262 686 3339 quia
721 3272 883 3340 peecatum
915 3263 1030 3322 fomitis
1065 3261 1169 3322 assidue

269 3347 425 3420 movetur,
461 3349 492 3401 et
513 3360 595 3401 nova
617 3341 769 3403 desideria
788 3347 920 3424 protert,
953 3365 1008 3406 eeu
1032 3347 1132 3426 spinas
1150 3349 1172 3402 et

269 3423 396 3483 tribulos
419 3431 499 3484 terra
521 3424 686 3485 maledieta
706 3426 805 3486 Geue.
828 3431 855 3489 1.
955 3473 962 3486 ,

354 3507 465 3567 Cetera
486 3507 517 3565 in
540 3508 736 3568 Resolutorio
753 3509 836 3572 Ὸοη.
860 3513 887 3571 1.
911 3514 939 3573 2.
963 3517 994 3570 et
1015 3515 1044 3577 3.
1067 3520 1098 3573 et
1117 3530 1170 3572 ocu.

269 3585 330 3647 Sed
353 3609 411 3649 uec
432 3589 533 3649 adhue
550 3590 640 3650 video
663 3591 751 3650 huius
775 3593 983 3653 conclusionis
1006 3597 1170 3657 senteutiam

268 3671 466 3733 confutatam.
510 3673 719 3752 Nequeenim
748 3682 831 3736 tacta
852 3676 909 3737 suit
930 3675 1053 3756 Lipsiae
1075 3681 1104 3738 in
1124 3695 1171 3737 uua

262 3753 396 3835 syllaba.
440 3757 561 3836 Eius2)
585 3758 778 3817 sententiam
798 3758 828 3813 ei
845 3765 960 3832 neges,
974 3778 1107 3815 necesse
1131 3765 1182 3822 eu,
