2709 4417
506 365 523 401 a
544 349 666 403 Notariis
683 353 809 431 sarapta
1085 349 1127 416 43

148 552 184 595 nr
237 531 293 614 spud
311 532 474 594 Romanos
508 535 594 597 solos
625 535 802 615 incorrupta
822 534 944 595 Patruus
971 538 1130 614 autoritas,

147 662 150 670 .
177 650 183 667 ·.
235 617 273 676 u'si
291 615 367 675 forte
389 635 429 678 eo
453 624 592 698 tempore
614 637 674 696 quo
687 619 813 696 scripsit
827 618 1043 698 Hieronymus,
1065 621 1128 682 imo

146 721 180 759 ic
233 698 334 761 tradunt
368 697 527 761 Historiae
558 701 711 762 Liberium
732 701 912 761 Romanum
948 702 1129 764 Pontificem

146 788 180 844 3³1·
231 782 404 842 concessisse
417 783 551 862 Arianis,
568 792 599 845 ct
617 784 692 844 illud
705 784 911 863 Hieronymus
922 784 954 842 in
970 787 1041 845 viris
1063 786 1129 846 illu-

146 890 176 927 n:
227 864 320 926 stribns
341 865 463 945 scribit,
494 867 577 946 quod
598 867 752 927 Achacius
775 868 983 927 Caesariensis
1012 866 1140 947 cpisco-¹

146 972 161 1013 ς,
224 964 268 1028 pne
295 947 446 1024 ananus,
472 950 598 1011 Eusebii
621 951 727 1012 Ariani
756 949 938 1030 discipulus,
965 953 1129 1012 autoritate

146 1025 171 1095 'a
224 1031 383 1091 toustantii
405 1033 602 1111 Imperatoris
631 1032 785 1094 ordinavit
804 1032 939 1093 Felicem
965 1035 996 1094 in
1016 1035 1129 1095 Roma-
1210 1080 1213 1087 .

222 1133 283 1174 num
304 1112 497 1176 Pontificem.
592 1136 595 1141 ·
1102 1162 1104 1167 -

150 1224 167 1261 ..r
293 1195 425 1273 Octavo,
446 1199 608 1259 confutans
631 1200 827 1259 autoritatem
839 1198 1019 1279 Hieronymi
1042 1219 1062 1259 a
1078 1220 1129 1263 ms

182 1315 187 1323 ·
222 1277 366 1339 inductam
380 1280 604 1361 adEvagrium
626 1281 700 1341 dicit
720 1301 755 1341 se
776 1282 905 1342 scivisse
919 1301 1027 1342 omnes
1050 1284 1127 1343 eius·
1187 1286 1205 1311 ⁰

146 1388 157 1425 u
223 1362 283 1421 dem
304 1364 414 1439 meriti,
438 1364 637 1443 eiusdemque
660 1364 822 1425 sacerdotii
841 1382 949 1425 omnes
963 1366 1129 1445 episcopos

147 1451 167 1499 ὴ
224 1445 306 1504 fuisse
334 1452 367 1505 ct
401 1466 488 1525 esse,
524 1446 578 1507 sed
606 1448 753 1527 Papatum
788 1464 856 1507 esse
887 1447 1024 1508 ordinem
1053 1449 1130 1509 ultra

224 1529 446 1606 episcopatum
482 1529 536 1590 sed
567 1548 628 1589 non
652 1531 744 1590 evicit
764 1531 997 1608 responsionem
1020 1551 1157 1610 meam,-

151 1665 155 1672 ,
226 1610 286 1688 quia
306 1610 511 1692 Hieronymus
525 1612 741 1673 sublimitatem
764 1619 795 1673 et
806 1613 1036 1673 inferioritatem
1059 1614 1129 1694 Elpi-

161 1750 164 1755 .
226 1708 378 1771 scoparum
400 1714 463 1755 non
484 1697 541 1755 iuri
564 1695 686 1774 divino,
708 1695 763 1756 sed
788 1695 1002 1757 consuetudini
1022 1692 1055 1756 et
1076 1716 1130 1776 po-

227 1776 327 1835 tentiae
350 1776 523 1838 divitiarum
545 1779 656 1840 tribuit.
701 1779 773 1839 ldeo
806 1778 905 1838 adhuc
927 1798 1037 1839 maneo
1060 1798 1130 1841 cum

157 1868 169 1891 ³·
228 1857 414 1937 Hieronymo.
733 1903 736 1909 -

146 1947 167 2001 [r
296 1941 343 2001 sd
359 1961 496 2020 nonum,
518 1963 610 2022 super
631 1943 790 2004 (fanonem
813 1945 862 2007 99.
884 1942 953 2003 dist.
977 1943 1051 2004 dicit
1071 1944 1129 2005 sibi
1215 1954 1220 1965 ‘

165 2058 170 2082 ς
228 2042 277 2107 nou
297 2038 447 2103 apparere
467 2027 499 2086 in
522 2026 653 2087 ecclesia
663 2026 817 2106 primitiva
837 2027 932 2085 fuisse
945 2027 1037 2086 talem
1057 2045 1129 2087 con-

159 2126 174 2165 τ.-
227 2104 383 2186 fusionem,
416 2115 451 2169 ut
471 2111 635 2188 episcopus
662 2109 863 2169 sarcerdote
890 2128 952 2170 non
975 2126 1130 2189 seperare·

149 2222 173 2248 ,ι
227 2195 271 2251 tur.
308 2190 520 2272 Respondes:
561 2191 642 2266 Quin
669 2191 790 2253 hosed
812 2191 887 2250 mef
916 2201 1033 2271 pugnet
1060 2211 1129 2253 oum

164 2294 173 2330 a
227 2271 401 2352 Hieronymo
424 2281 456 2334 et
477 2274 655 2346 canonibus.
698 2274 788 2348 Quod
822 2283 923 2334 autem
945 2276 1129 2354 Dionysium

159 2376 170 2395 r
227 2353 326 2415 inducit
346 2357 427 2415 inter
449 2376 554 2417 sacros
576 2357 699 2418 ordines
721 2359 933 2436 episcopatum
957 2374 1128 2434 recensere,

158 2458 176 2495 r·
228 2438 321 2515 miror,
360 2438 445 2517 quod
471 2459 534 2501 non
562 2441 653 2501 stiam
682 2440 798 2500 inducit
820 2459 859 2500 ex
890 2440 999 2500 eodem
1023 2447 1130 2502 sirtore

146 2538 183 2595 :43
227 2520 299 2596 Rom.
330 2521 483 2583 ecclesiae
505 2523 734 2599 monarchiam,
770 2542 837 2582 cum
866 2522 980 2582 habeat
1011 2530 1129 2585 tantum

227 2605 358 2663 momenti
387 2603 427 2664 ad
454 2605 674 2682 hierarchiam,
710 2613 742 2665 ut
770 2606 836 2665 sine
871 2605 929 2665 hac
962 2605 1128 2667 similitudo

159 2709 176 2745 r:
228 2686 425 2766 triumphantis
456 2689 608 2748 ccclesiae
630 2690 801 2748 consistere
835 2707 897 2748 non
921 2689 1027 2767 possit.
1069 2688 1129 2748 De·

227 2769 274 2826 cuit
308 2775 409 2828 autem
433 2771 638 2848 professorem
668 2771 850 2831 scribendae
871 2771 1060 2830 hierarchiae
1082 2790 1129 2832 ar·

146 2858 173 2912 π’·
227 2857 356 2928 gumento
378 2859 522 2932 suscepto
546 2855 724 2933 praesertim
758 2855 788 2912 in
817 2855 1040 2933 praestantiore
1064 2855 1128 2913 eius

146 2956 172 2995 n:
227 2940 297 3010 parte
318 2935 506 3013 satisfacere,
527 2942 560 2996 at
581 2937 746 3016 Dionysius
770 2954 867 3015 usque
888 2935 927 2995 ad
949 2937 1128 3015 episcopum

146 3010 182 3109 :rel
229 3015 310 3076 tolum
333 3014 467 3078 deducit.

146 3118 180 3167 nrt
294 3098 341 3158 Ad
368 3099 541 3178 decimum,
577 3100 615 3161 ad
639 3101 797 3163 Cononem
822 3103 871 3165 99.
906 3100 974 3160 dist.
1006 3101 1056 3161 uhi
1083 3098 1158 3163 res

146 3204 180 3250 ns
231 3180 332 3257 spondi,
355 3182 541 3260 prohibitum
563 3183 728 3260 fuisss‚·ne
743 3185 830 3244 Rom.
852 3183 993 3243 Pontifex
1010 3185 1129 3245 univer·

146 3277 184 3334 lei
232 3260 287 3320 salis
307 3264 463 3325 ecclesiae
486 3266 649 3345 opiscopus
667 3267 882 3346 appellaretur,
894 3260 1076 3326 'confutavit
1097 3269 1128 3327 in

146 3390 149 3402 r
171 3380 178 3415 3
232 3342 451 3406 huncmodum:
472 3347 542 3407 Non
566 3347 648 3426 quod
661 3349 750 3411 Rom.
770 3348 913 3408 Pontifex
935 3368 996 3409 non
1020 3350 1059 3408 sit
1071 3351 1129 3428 pri·

234 3445 283 3486 nus
302 3436 333 3489 et
359 3444 515 3497 summus,
546 3430 602 3491 sed
631 3432 713 3509 quod
745 3433 908 3511 episcopus
936 3430 1129 3510 peculiariter

146 3531 179 3588 nin
235 3508 303 3572 Rom.
325 3512 485 3573 Hcclesiae
507 3531 568 3573 non
590 3514 630 3572 sit
650 3516 791 3593 proprius
803 3514 964 3574 cuiuslibet
978 3515 1129 3575 ecclesiae

146 3629 178 3690 φὶ
234 3592 385 3674 episcopus.
408 3595 610 3675 Respondes:
644 3596 739 3671 Quasi
762 3597 814 3658 ulli
838 3596 1008 3657 mortalium
1031 3598 1130 3675 possit

146 3708 178 3754 Μ
235 3682 281 3732 tam
299 3676 405 3737 stultns
426 3677 562 3739 incidere
583 3677 732 3757 affectus,
768 3686 800 3739 ut
821 3699 882 3739 nna
903 3697 1036 3760 persona
1057 3679 1130 3739 velit

226 3757 346 3813 omnibus
377 3760 517 3819 ecclesiis
547 3768 580 3823 et
606 3763 740 3846 singulis
765 3785 939 3850 praeesse„
963 3767 1143 3828 attentam

146 3814 165 3883 f
207 3828 343 3891 asariam
376 3855 509 3900 necesse
547 3843 644 3909 fuerit
676 3851 869 3934 prohibere.
910 3853 1042 3921 ‘lamen
1063 3850 1160 3915 reliu-
