<?xml version="1.0" encoding="UTF-8"?>
<!DOCTYPE html PUBLIC "-//W3C//DTD XHTML 1.0 Transitional//EN"
    "http://www.w3.org/TR/xhtml1/DTD/xhtml1-transitional.dtd">
<html xmlns="http://www.w3.org/1999/xhtml" xml:lang="en" lang="en">
 <head>
  <title>
</title>
<meta http-equiv="Content-Type" content="text/html;charset=utf-8" />
  <meta name='ocr-system' content='tesseract 3.04.00' />
  <meta name='ocr-capabilities' content='ocr_page ocr_carea ocr_par ocr_line ocrx_word'/>
</head>
<body>
  <div class='ocr_page' id='page_1' title='image "./operalatinavari00schmgoog_0399.png"; bbox 0 0 2709 4417; ppageno 0'>
   <div class='ocr_carea' id='block_1_1' title="bbox 433 347 1131 415">
    <p class='ocr_par' dir='ltr' id='par_1_1' title="bbox 433 347 1131 415">
     <span class='ocr_line' id='line_1_1' title="bbox 433 347 1131 415; baseline -0.003 -7"><span class='ocrx_word' id='word_1_1' title='bbox 433 354 469 408; x_wconf 82' lang='lat' dir='ltr'><strong>(le</strong></span> <span class='ocrx_word' id='word_1_2' title='bbox 486 356 595 409; x_wconf 61' lang='lat' dir='ltr'><strong>neone</strong></span> <span class='ocrx_word' id='word_1_3' title='bbox 612 353 723 409; x_wconf 62' lang='lat' dir='ltr'><strong>avendi</strong></span> <span class='ocrx_word' id='word_1_4' title='bbox 740 352 927 408; x_wconf 60' lang='lat' dir='ltr'><strong>scardona</strong></span> <span class='ocrx_word' id='word_1_5' title='bbox 1069 347 1131 415; x_wconf 64' lang='lat'><strong>38⁶1</strong></span> 
     </span>
    </p>
   </div>
   <div class='ocr_carea' id='block_1_2' title="bbox 202 534 1132 701">
    <p class='ocr_par' dir='ltr' id='par_1_2' title="bbox 202 534 1132 701">
     <span class='ocr_line' id='line_1_2' title="bbox 202 534 1132 618; baseline 0 -23"><span class='ocrx_word' id='word_1_6' title='bbox 202 536 399 618; x_wconf 87' lang='lat' dir='ltr'><strong>intelligere:</strong></span> <span class='ocrx_word' id='word_1_7' title='bbox 432 537 472 599; x_wconf 92' lang='lat' dir='ltr'><strong>da</strong></span> <span class='ocrx_word' id='word_1_8' title='bbox 502 544 604 598; x_wconf 87' lang='lat' dir='ltr'><strong>autern</strong></span> <span class='ocrx_word' id='word_1_9' title='bbox 626 537 716 615; x_wconf 86' lang='lat' dir='ltr'><strong>mihi,</strong></span> <span class='ocrx_word' id='word_1_10' title='bbox 746 543 893 617; x_wconf 84' lang='lat' dir='ltr'><strong>quantum</strong></span> <span class='ocrx_word' id='word_1_11' title='bbox 928 537 980 596; x_wconf 88' lang='lat' dir='ltr'><strong>tibi</strong></span> <span class='ocrx_word' id='word_1_12' title='bbox 1012 534 1132 596; x_wconf 83' lang='lat' dir='ltr'><strong>videtur</strong></span> 
     </span>
     <span class='ocr_line' id='line_1_3' title="bbox 202 615 830 701; baseline 0.005 -23"><span class='ocrx_word' id='word_1_13' title='bbox 202 619 245 678; x_wconf 90' lang='lat' dir='ltr'><strong>ad</strong></span> <span class='ocrx_word' id='word_1_14' title='bbox 267 620 402 700; x_wconf 82' lang='lat' dir='ltr'><strong>gloriam</strong></span> <span class='ocrx_word' id='word_1_15' title='bbox 426 615 508 681; x_wconf 81' lang='lat' dir='ltr'><strong>luam</strong></span> <span class='ocrx_word' id='word_1_16' title='bbox 530 622 562 681; x_wconf 91' lang='lat' dir='ltr'><strong>in</strong></span> <span class='ocrx_word' id='word_1_17' title='bbox 586 640 634 681; x_wconf 92' lang='lat' dir='ltr'><strong>me</strong></span> <span class='ocrx_word' id='word_1_18' title='bbox 656 629 830 701; x_wconf 70' lang='lat' dir='ltr'><strong>peccatore.</strong></span> 
     </span>
    </p>
   </div>
   <div class='ocr_carea' id='block_1_3' title="bbox 473 790 850 862">
    <p class='ocr_par' dir='ltr' id='par_1_3' title="bbox 473 790 850 862">
     <span class='ocr_line' id='line_1_4' title="bbox 473 790 850 862; baseline 0.003 -1"><span class='ocrx_word' id='word_1_19' title='bbox 473 799 513 861; x_wconf 94' lang='lat'><strong>111</strong></span> <span class='ocrx_word' id='word_1_20' title='bbox 557 801 613 862; x_wconf 79' lang='lat' dir='ltr'><strong>‚De</strong></span> <span class='ocrx_word' id='word_1_21' title='bbox 635 790 850 862; x_wconf 83' lang='lat' dir='ltr'><strong>familiaritate.</strong></span> 
     </span>
    </p>
   </div>
   <div class='ocr_carea' id='block_1_4' title="bbox 208 952 1133 2190">
    <p class='ocr_par' dir='ltr' id='par_1_4' title="bbox 208 952 1133 2190">
     <span class='ocr_line' id='line_1_5' title="bbox 293 952 1131 1035; baseline 0 -21"><span class='ocrx_word' id='word_1_22' title='bbox 293 954 378 1014; x_wconf 85' lang='lat' dir='ltr'><strong>Rara</strong></span> <span class='ocrx_word' id='word_1_23' title='bbox 400 954 491 1014; x_wconf 86' lang='lat' dir='ltr'><strong>etiam</strong></span> <span class='ocrx_word' id='word_1_24' title='bbox 513 960 545 1013; x_wconf 86' lang='lat' dir='ltr'><strong>et</strong></span> <span class='ocrx_word' id='word_1_25' title='bbox 567 952 675 1014; x_wconf 84' lang='lat' dir='ltr'><strong>eadem</strong></span> <span class='ocrx_word' id='word_1_26' title='bbox 705 953 807 1014; x_wconf 86' lang='lat' dir='ltr'><strong>brevis</strong></span> <span class='ocrx_word' id='word_1_27' title='bbox 830 953 1018 1015; x_wconf 72' lang='lat' dir='ltr'><strong>familiaritas</strong></span> <span class='ocrx_word' id='word_1_28' title='bbox 1041 952 1131 1035; x_wconf 84' lang='lat' dir='ltr'><strong>prod·</strong></span> 
     </span>
     <span class='ocr_line' id='line_1_6' title="bbox 208 1034 1131 1117; baseline -0.001 -21"><span class='ocrx_word' id='word_1_29' title='bbox 208 1044 256 1097; x_wconf 89' lang='lat' dir='ltr'><strong>est</strong></span> <span class='ocrx_word' id='word_1_30' title='bbox 280 1035 442 1097; x_wconf 85' lang='lat' dir='ltr'><strong>sacerdoti.</strong></span> <span class='ocrx_word' id='word_1_31' title='bbox 474 1034 672 1097; x_wconf 74' lang='lat' dir='ltr'><strong>Verissimum</strong></span> <span class='ocrx_word' id='word_1_32' title='bbox 697 1038 778 1096; x_wconf 90' lang='lat' dir='ltr'><strong>enim</strong></span> <span class='ocrx_word' id='word_1_33' title='bbox 800 1035 897 1097; x_wconf 88' lang='lat' dir='ltr'><strong>estid</strong></span> <span class='ocrx_word' id='word_1_34' title='bbox 920 1037 1131 1117; x_wconf 77' lang='lat' dir='ltr'><strong>proverbium:</strong></span> 
     </span>
     <span class='ocr_line' id='line_1_7' title="bbox 209 1112 1132 1200; baseline 0 -20"><span class='ocrx_word' id='word_1_35' title='bbox 209 1119 311 1180; x_wconf 83' lang='lat' dir='ltr'><strong>Amici</strong></span> <span class='ocrx_word' id='word_1_36' title='bbox 334 1119 415 1180; x_wconf 77' lang='lat' dir='ltr'><strong>liures</strong></span> <span class='ocrx_word' id='word_1_37' title='bbox 442 1121 597 1200; x_wconf 85' lang='lat' dir='ltr'><strong>temporis.</strong></span> <span class='ocrx_word' id='word_1_38' title='bbox 648 1112 740 1194; x_wconf 81' lang='lat' dir='ltr'><strong>Quod</strong></span> <span class='ocrx_word' id='word_1_39' title='bbox 769 1121 794 1179; x_wconf 90' lang='lat' dir='ltr'><strong>si</strong></span> <span class='ocrx_word' id='word_1_40' title='bbox 827 1121 917 1180; x_wconf 86' lang='lat' dir='ltr'><strong>amici</strong></span> <span class='ocrx_word' id='word_1_41' title='bbox 951 1116 1032 1179; x_wconf 81' lang='lat' dir='ltr'><strong>iuras</strong></span> <span class='ocrx_word' id='word_1_42' title='bbox 1061 1126 1132 1180; x_wconf 86' lang='lat' dir='ltr'><strong>aunt</strong></span> 
     </span>
     <span class='ocr_line' id='line_1_8' title="bbox 210 1199 1130 1282; baseline 0.002 -22"><span class='ocrx_word' id='word_1_43' title='bbox 210 1203 380 1280; x_wconf 85' lang='lat' dir='ltr'><strong>temporis,</strong></span> <span class='ocrx_word' id='word_1_44' title='bbox 413 1200 485 1281; x_wconf 88' lang='lat' dir='ltr'><strong>quid</strong></span> <span class='ocrx_word' id='word_1_45' title='bbox 516 1208 604 1262; x_wconf 91' lang='lat' dir='ltr'><strong>erunt</strong></span> <span class='ocrx_word' id='word_1_46' title='bbox 625 1202 764 1262; x_wconf 84' lang='lat' dir='ltr'><strong>extranei</strong></span> <span class='ocrx_word' id='word_1_47' title='bbox 786 1209 817 1262; x_wconf 90' lang='lat' dir='ltr'><strong>et</strong></span> <span class='ocrx_word' id='word_1_48' title='bbox 838 1203 934 1282; x_wconf 87' lang='lat' dir='ltr'><strong>ignoti</strong></span> <span class='ocrx_word' id='word_1_49' title='bbox 958 1199 1007 1261; x_wconf 92' lang='lat' dir='ltr'><strong>vel</strong></span> <span class='ocrx_word' id='word_1_50' title='bbox 1031 1203 1130 1262; x_wconf 85' lang='lat' dir='ltr'><strong>minus</strong></span> 
     </span>
     <span class='ocr_line' id='line_1_9' title="bbox 210 1281 1131 1364; baseline 0.001 -21"><span class='ocrx_word' id='word_1_51' title='bbox 210 1283 397 1344; x_wconf 81' lang='lat' dir='ltr'><strong>familiares?</strong></span> <span class='ocrx_word' id='word_1_52' title='bbox 453 1283 565 1344; x_wconf 90' lang='lat' dir='ltr'><strong>Verum</strong></span> <span class='ocrx_word' id='word_1_53' title='bbox 598 1286 630 1344; x_wconf 90' lang='lat' dir='ltr'><strong>in</strong></span> <span class='ocrx_word' id='word_1_54' title='bbox 660 1285 707 1345; x_wconf 85' lang='lat' dir='ltr'><strong>hic</strong></span> <span class='ocrx_word' id='word_1_55' title='bbox 734 1283 895 1364; x_wconf 86' lang='lat' dir='ltr'><strong>prudentia</strong></span> <span class='ocrx_word' id='word_1_56' title='bbox 923 1303 1041 1344; x_wconf 88' lang='lat' dir='ltr'><strong>summa</strong></span> <span class='ocrx_word' id='word_1_57' title='bbox 1078 1281 1131 1345; x_wconf 90' lang='lat' dir='ltr'><strong>tibi</strong></span> 
     </span>
     <span class='ocr_line' id='line_1_10' title="bbox 211 1365 1131 1447; baseline -0.001 -21"><span class='ocrx_word' id='word_1_58' title='bbox 211 1386 288 1447; x_wconf 87' lang='lat' dir='ltr'><strong>opus</strong></span> <span class='ocrx_word' id='word_1_59' title='bbox 317 1365 423 1445; x_wconf 83' lang='lat' dir='ltr'><strong>fucrit,</strong></span> <span class='ocrx_word' id='word_1_60' title='bbox 465 1386 504 1426; x_wconf 90' lang='lat' dir='ltr'><strong>ne</strong></span> <span class='ocrx_word' id='word_1_61' title='bbox 532 1366 649 1427; x_wconf 86' lang='lat' dir='ltr'><strong>scilicet</strong></span> <span class='ocrx_word' id='word_1_62' title='bbox 677 1368 802 1426; x_wconf 89' lang='lat' dir='ltr'><strong>nimium</strong></span> <span class='ocrx_word' id='word_1_63' title='bbox 831 1367 950 1447; x_wconf 82' lang='lat' dir='ltr'><strong>fugiens</strong></span> <span class='ocrx_word' id='word_1_64' title='bbox 971 1367 1131 1427; x_wconf 90' lang='lat' dir='ltr'><strong>hominum</strong></span> 
     </span>
     <span class='ocr_line' id='line_1_11' title="bbox 211 1448 1129 1527; baseline 0 -19"><span class='ocrx_word' id='word_1_65' title='bbox 211 1451 386 1510; x_wconf 88' lang='lat' dir='ltr'><strong>convictum</strong></span> <span class='ocrx_word' id='word_1_66' title='bbox 409 1449 594 1509; x_wconf 90' lang='lat' dir='ltr'><strong>daemonum</strong></span> <span class='ocrx_word' id='word_1_67' title='bbox 618 1449 784 1512; x_wconf 77' lang='lat' dir='ltr'><strong>societates</strong></span> <span class='ocrx_word' id='word_1_68' title='bbox 807 1448 941 1510; x_wconf 90' lang='lat' dir='ltr'><strong>incidas:</strong></span> <span class='ocrx_word' id='word_1_69' title='bbox 963 1468 1081 1527; x_wconf 80' lang='lat' dir='ltr'><strong>rursus,</strong></span> <span class='ocrx_word' id='word_1_70' title='bbox 1105 1450 1129 1508; x_wconf 88' lang='lat' dir='ltr'><strong>si</strong></span> 
     </span>
     <span class='ocr_line' id='line_1_12' title="bbox 213 1532 1130 1612; baseline 0 -21"><span class='ocrx_word' id='word_1_71' title='bbox 213 1534 336 1591; x_wconf 89' lang='lat' dir='ltr'><strong>nimium</strong></span> <span class='ocrx_word' id='word_1_72' title='bbox 362 1532 501 1610; x_wconf 82' lang='lat' dir='ltr'><strong>accedas,</strong></span> <span class='ocrx_word' id='word_1_73' title='bbox 523 1552 542 1592; x_wconf 92' lang='lat' dir='ltr'><strong>a</strong></span> <span class='ocrx_word' id='word_1_74' title='bbox 563 1533 666 1612; x_wconf 88' lang='lat' dir='ltr'><strong>porcis</strong></span> <span class='ocrx_word' id='word_1_75' title='bbox 688 1532 886 1592; x_wconf 87' lang='lat' dir='ltr'><strong>conculceris.</strong></span> <span class='ocrx_word' id='word_1_76' title='bbox 923 1535 1028 1611; x_wconf 90' lang='lat' dir='ltr'><strong>ltaque</strong></span> <span class='ocrx_word' id='word_1_77' title='bbox 1050 1533 1075 1591; x_wconf 91' lang='lat' dir='ltr'><strong>si</strong></span> <span class='ocrx_word' id='word_1_78' title='bbox 1099 1539 1130 1591; x_wconf 92' lang='lat' dir='ltr'><strong>te</strong></span> 
     </span>
     <span class='ocr_line' id='line_1_13' title="bbox 213 1613 1132 1696; baseline 0 -22"><span class='ocrx_word' id='word_1_79' title='bbox 213 1617 370 1676; x_wconf 88' lang='lat' dir='ltr'><strong>vocaverit</strong></span> <span class='ocrx_word' id='word_1_80' title='bbox 392 1617 474 1675; x_wconf 86' lang='lat' dir='ltr'><strong>Deus</strong></span> <span class='ocrx_word' id='word_1_81' title='bbox 500 1613 542 1696; x_wconf 89' lang='lat' dir='ltr'><strong>(si</strong></span> <span class='ocrx_word' id='word_1_82' title='bbox 565 1617 772 1676; x_wconf 85' lang='lat' dir='ltr'><strong>necessarium</strong></span> <span class='ocrx_word' id='word_1_83' title='bbox 795 1616 884 1675; x_wconf 85' lang='lat' dir='ltr'><strong>luerit</strong></span> <span class='ocrx_word' id='word_1_84' title='bbox 906 1616 1033 1692; x_wconf 79' lang='lat' dir='ltr'><strong>servire,</strong></span> <span class='ocrx_word' id='word_1_85' title='bbox 1057 1633 1132 1674; x_wconf 89' lang='lat' dir='ltr'><strong>oon·</strong></span> 
     </span>
     <span class='ocr_line' id='line_1_14' title="bbox 214 1697 1131 1777; baseline 0 -21"><span class='ocrx_word' id='word_1_86' title='bbox 214 1698 332 1774; x_wconf 84' lang='lat' dir='ltr'><strong>sulere,</strong></span> <span class='ocrx_word' id='word_1_87' title='bbox 355 1698 490 1776; x_wconf 87' lang='lat' dir='ltr'><strong>colloqui</strong></span> <span class='ocrx_word' id='word_1_88' title='bbox 513 1698 669 1777; x_wconf 84' lang='lat' dir='ltr'><strong>proximo,</strong></span> <span class='ocrx_word' id='word_1_89' title='bbox 706 1698 754 1757; x_wconf 89' lang='lat' dir='ltr'><strong>vel</strong></span> <span class='ocrx_word' id='word_1_90' title='bbox 776 1716 831 1776; x_wconf 86' lang='lat' dir='ltr'><strong>pro</strong></span> <span class='ocrx_word' id='word_1_91' title='bbox 855 1698 972 1769; x_wconf 66' lang='lat' dir='ltr'><strong>salute,</strong></span> <span class='ocrx_word' id='word_1_92' title='bbox 995 1704 1049 1757; x_wconf 86' lang='lat' dir='ltr'><strong>aut</strong></span> <span class='ocrx_word' id='word_1_93' title='bbox 1069 1697 1131 1757; x_wconf 84' lang='lat' dir='ltr'><strong>slis</strong></span> 
     </span>
     <span class='ocr_line' id='line_1_15' title="bbox 213 1779 1133 1860; baseline 0.001 -21"><span class='ocrx_word' id='word_1_94' title='bbox 213 1783 396 1841; x_wconf 86' lang='lat' dir='ltr'><strong>necessitate</strong></span> <span class='ocrx_word' id='word_1_95' title='bbox 417 1779 456 1840; x_wconf 92' lang='lat' dir='ltr'><strong>ad</strong></span> <span class='ocrx_word' id='word_1_96' title='bbox 483 1779 513 1839; x_wconf 93' lang='lat' dir='ltr'><strong>id</strong></span> <span class='ocrx_word' id='word_1_97' title='bbox 535 1780 626 1840; x_wconf 80' lang='lat' dir='ltr'><strong>fueris</strong></span> <span class='ocrx_word' id='word_1_98' title='bbox 653 1780 826 1859; x_wconf 80' lang='lat' dir='ltr'><strong>quaesitus)</strong></span> <span class='ocrx_word' id='word_1_99' title='bbox 861 1800 986 1860; x_wconf 83' lang='lat' dir='ltr'><strong>prorsus</strong></span> <span class='ocrx_word' id='word_1_100' title='bbox 1021 1780 1070 1840; x_wconf 86' lang='lat' dir='ltr'><strong>lex</strong></span> <span class='ocrx_word' id='word_1_101' title='bbox 1101 1788 1133 1841; x_wconf 83' lang='lat' dir='ltr'><strong>et</strong></span> 
     </span>
     <span class='ocr_line' id='line_1_16' title="bbox 213 1862 1128 1942; baseline 0.001 -21"><span class='ocrx_word' id='word_1_102' title='bbox 213 1862 318 1942; x_wconf 86' lang='lat' dir='ltr'><strong>regula</strong></span> <span class='ocrx_word' id='word_1_103' title='bbox 342 1865 548 1942; x_wconf 86' lang='lat' dir='ltr'><strong>cuiuscunque</strong></span> <span class='ocrx_word' id='word_1_104' title='bbox 570 1863 699 1923; x_wconf 86' lang='lat' dir='ltr'><strong>instituti</strong></span> <span class='ocrx_word' id='word_1_105' title='bbox 721 1864 762 1922; x_wconf 89' lang='lat' dir='ltr'><strong>tui</strong></span> <span class='ocrx_word' id='word_1_106' title='bbox 785 1872 816 1923; x_wconf 89' lang='lat' dir='ltr'><strong>te</strong></span> <span class='ocrx_word' id='word_1_107' title='bbox 838 1864 984 1923; x_wconf 89' lang='lat' dir='ltr'><strong>retineat:</strong></span> <span class='ocrx_word' id='word_1_108' title='bbox 1009 1863 1128 1923; x_wconf 87' lang='lat' dir='ltr'><strong>caritati</strong></span> 
     </span>
     <span class='ocr_line' id='line_1_17' title="bbox 214 1943 1131 2022; baseline 0.001 -18"><span class='ocrx_word' id='word_1_109' title='bbox 214 1948 310 2005; x_wconf 86' lang='lat' dir='ltr'><strong>omnis</strong></span> <span class='ocrx_word' id='word_1_110' title='bbox 333 1946 387 2006; x_wconf 87' lang='lat' dir='ltr'><strong>lex</strong></span> <span class='ocrx_word' id='word_1_111' title='bbox 408 1945 500 2006; x_wconf 89' lang='lat' dir='ltr'><strong>debet</strong></span> <span class='ocrx_word' id='word_1_112' title='bbox 521 1944 631 2006; x_wconf 87' lang='lat' dir='ltr'><strong>cedere</strong></span> <span class='ocrx_word' id='word_1_113' title='bbox 642 1947 734 2005; x_wconf 88' lang='lat' dir='ltr'><strong>etiam</strong></span> <span class='ocrx_word' id='word_1_114' title='bbox 751 1945 857 2006; x_wconf 89' lang='lat' dir='ltr'><strong>orandi</strong></span> <span class='ocrx_word' id='word_1_115' title='bbox 875 1953 906 2006; x_wconf 85' lang='lat' dir='ltr'><strong>et</strong></span> <span class='ocrx_word' id='word_1_116' title='bbox 927 1943 1131 2022; x_wconf 85' lang='lat' dir='ltr'><strong>sacrificandi,</strong></span> 
     </span>
     <span class='ocr_line' id='line_1_18' title="bbox 214 2028 1132 2110; baseline 0.003 -24"><span class='ocrx_word' id='word_1_117' title='bbox 214 2028 258 2088; x_wconf 90' lang='lat' dir='ltr'><strong>ubi</strong></span> <span class='ocrx_word' id='word_1_118' title='bbox 273 2048 350 2089; x_wconf 93' lang='lat' dir='ltr'><strong>vero</strong></span> <span class='ocrx_word' id='word_1_119' title='bbox 367 2047 429 2089; x_wconf 93' lang='lat' dir='ltr'><strong>non</strong></span> <span class='ocrx_word' id='word_1_120' title='bbox 443 2029 573 2103; x_wconf 87' lang='lat' dir='ltr'><strong>vocaris,</strong></span> <span class='ocrx_word' id='word_1_121' title='bbox 597 2028 671 2088; x_wconf 90' lang='lat' dir='ltr'><strong>nulli</strong></span> <span class='ocrx_word' id='word_1_122' title='bbox 685 2036 715 2088; x_wconf 88' lang='lat' dir='ltr'><strong>te</strong></span> <span class='ocrx_word' id='word_1_123' title='bbox 736 2029 874 2108; x_wconf 81' lang='lat' dir='ltr'><strong>ingeras,</strong></span> <span class='ocrx_word' id='word_1_124' title='bbox 892 2048 931 2088; x_wconf 90' lang='lat' dir='ltr'><strong>ne</strong></span> <span class='ocrx_word' id='word_1_125' title='bbox 952 2029 1132 2110; x_wconf 88' lang='lat' dir='ltr'><strong>incipias...</strong></span> 
     </span>
     <span class='ocr_line' id='line_1_19' title="bbox 213 2110 1111 2190; baseline 0.002 -20"><span class='ocrx_word' id='word_1_126' title='bbox 213 2112 374 2174; x_wconf 88' lang='lat' dir='ltr'><strong>velle.....</strong></span> <span class='ocrx_word' id='word_1_127' title='bbox 397 2110 430 2190; x_wconf 86' lang='lat'><strong>*)</strong></span> <span class='ocrx_word' id='word_1_128' title='bbox 456 2119 487 2172; x_wconf 90' lang='lat' dir='ltr'><strong>et</strong></span> <span class='ocrx_word' id='word_1_129' title='bbox 507 2113 629 2172; x_wconf 88' lang='lat' dir='ltr'><strong>animae</strong></span> <span class='ocrx_word' id='word_1_130' title='bbox 652 2117 722 2171; x_wconf 89' lang='lat' dir='ltr'><strong>tuae</strong></span> <span class='ocrx_word' id='word_1_131' title='bbox 744 2112 868 2190; x_wconf 88' lang='lat' dir='ltr'><strong>patiaris</strong></span> <span class='ocrx_word' id='word_1_132' title='bbox 888 2111 1111 2172; x_wconf 85' lang='lat' dir='ltr'><strong>detrimentum.</strong></span> 
     </span>
    </p>
   </div>
   <div class='ocr_carea' id='block_1_5' title="bbox 522 2293 835 2354">
    <p class='ocr_par' dir='ltr' id='par_1_5' title="bbox 522 2293 835 2354">
     <span class='ocr_line' id='line_1_20' title="bbox 522 2293 835 2354; baseline 0 -2"><span class='ocrx_word' id='word_1_133' title='bbox 522 2293 573 2352; x_wconf 91' lang='lat' dir='ltr'><strong>1v.</strong></span> <span class='ocrx_word' id='word_1_134' title='bbox 617 2294 665 2354; x_wconf 87' lang='lat' dir='ltr'><strong>De</strong></span> <span class='ocrx_word' id='word_1_135' title='bbox 686 2294 835 2353; x_wconf 85' lang='lat' dir='ltr'><strong>oratione.</strong></span> 
     </span>
    </p>
   </div>
   <div class='ocr_carea' id='block_1_6' title="bbox 203 2445 1134 2921">
    <p class='ocr_par' dir='ltr' id='par_1_6' title="bbox 203 2445 1134 2921">
     <span class='ocr_line' id='line_1_21' title="bbox 292 2445 1132 2524; baseline -0.004 -17"><span class='ocrx_word' id='word_1_136' title='bbox 292 2447 413 2509; x_wconf 88' lang='lat' dir='ltr'><strong>Memor</strong></span> <span class='ocrx_word' id='word_1_137' title='bbox 433 2456 500 2507; x_wconf 89' lang='lat' dir='ltr'><strong>esto</strong></span> <span class='ocrx_word' id='word_1_138' title='bbox 525 2454 554 2506; x_wconf 88' lang='lat' dir='ltr'><strong>te</strong></span> <span class='ocrx_word' id='word_1_139' title='bbox 578 2445 770 2507; x_wconf 81' lang='lat' dir='ltr'><strong>sacerdotem</strong></span> <span class='ocrx_word' id='word_1_140' title='bbox 793 2466 881 2524; x_wconf 86' lang='lat' dir='ltr'><strong>esse,</strong></span> <span class='ocrx_word' id='word_1_141' title='bbox 903 2446 934 2506; x_wconf 90' lang='lat' dir='ltr'><strong>id</strong></span> <span class='ocrx_word' id='word_1_142' title='bbox 957 2455 1024 2521; x_wconf 85' lang='lat' dir='ltr'><strong>est,</strong></span> <span class='ocrx_word' id='word_1_143' title='bbox 1048 2445 1132 2505; x_wconf 88' lang='lat' dir='ltr'><strong>mini·</strong></span> 
     </span>
     <span class='ocr_line' id='line_1_22' title="bbox 204 2529 1132 2609; baseline 0 -21"><span class='ocrx_word' id='word_1_144' title='bbox 204 2536 307 2590; x_wconf 85' lang='lat' dir='ltr'><strong>strum</strong></span> <span class='ocrx_word' id='word_1_145' title='bbox 332 2548 529 2590; x_wconf 87' lang='lat' dir='ltr'><strong>communem</strong></span> <span class='ocrx_word' id='word_1_146' title='bbox 558 2540 589 2589; x_wconf 85' lang='lat' dir='ltr'><strong>ct</strong></span> <span class='ocrx_word' id='word_1_147' title='bbox 610 2529 781 2609; x_wconf 86' lang='lat' dir='ltr'><strong>publicum:</strong></span> <span class='ocrx_word' id='word_1_148' title='bbox 817 2529 949 2608; x_wconf 87' lang='lat' dir='ltr'><strong>ideoque</strong></span> <span class='ocrx_word' id='word_1_149' title='bbox 980 2547 1042 2588; x_wconf 91' lang='lat' dir='ltr'><strong>non</strong></span> <span class='ocrx_word' id='word_1_150' title='bbox 1077 2547 1132 2609; x_wconf 88' lang='lat' dir='ltr'><strong>pro</strong></span> 
     </span>
     <span class='ocr_line' id='line_1_23' title="bbox 205 2611 1134 2691; baseline -0.001 -19"><span class='ocrx_word' id='word_1_151' title='bbox 205 2623 237 2672; x_wconf 86' lang='lat' dir='ltr'><strong>tc</strong></span> <span class='ocrx_word' id='word_1_152' title='bbox 262 2619 395 2690; x_wconf 85' lang='lat' dir='ltr'><strong>tantum,</strong></span> <span class='ocrx_word' id='word_1_153' title='bbox 417 2618 563 2691; x_wconf 85' lang='lat' dir='ltr'><strong>quantum</strong></span> <span class='ocrx_word' id='word_1_154' title='bbox 575 2631 630 2691; x_wconf 85' lang='lat' dir='ltr'><strong>pro</strong></span> <span class='ocrx_word' id='word_1_155' title='bbox 653 2611 891 2672; x_wconf 86' lang='lat' dir='ltr'><strong>ovibusintente</strong></span> <span class='ocrx_word' id='word_1_156' title='bbox 914 2611 1025 2677; x_wconf 83' lang='lat' dir='ltr'><strong>orabis.</strong></span> <span class='ocrx_word' id='word_1_157' title='bbox 1048 2629 1134 2690; x_wconf 83' lang='lat' dir='ltr'><strong>prae·</strong></span> 
     </span>
     <span class='ocr_line' id='line_1_24' title="bbox 203 2691 1132 2774; baseline 0.001 -21"><span class='ocrx_word' id='word_1_158' title='bbox 203 2696 316 2755; x_wconf 87' lang='lat' dir='ltr'><strong>sertim</strong></span> <span class='ocrx_word' id='word_1_159' title='bbox 339 2714 395 2774; x_wconf 91' lang='lat' dir='ltr'><strong>pro</strong></span> <span class='ocrx_word' id='word_1_160' title='bbox 420 2694 584 2754; x_wconf 87' lang='lat' dir='ltr'><strong>maioribus</strong></span> <span class='ocrx_word' id='word_1_161' title='bbox 607 2694 773 2770; x_wconf 85' lang='lat' dir='ltr'><strong>ecclesiae,</strong></span> <span class='ocrx_word' id='word_1_162' title='bbox 796 2695 914 2754; x_wconf 89' lang='lat' dir='ltr'><strong>scilicet</strong></span> <span class='ocrx_word' id='word_1_163' title='bbox 937 2691 1132 2774; x_wconf 85' lang='lat' dir='ltr'><strong>pontificibus</strong></span> 
     </span>
     <span class='ocr_line' id='line_1_25' title="bbox 206 2776 1134 2856; baseline -0.001 -19"><span class='ocrx_word' id='word_1_164' title='bbox 206 2777 457 2854; x_wconf 65' lang='lat' dir='ltr'><strong>atricoloribus,</strong></span> <span class='ocrx_word' id='word_1_165' title='bbox 487 2778 631 2856; x_wconf 85' lang='lat' dir='ltr'><strong>quoniam</strong></span> <span class='ocrx_word' id='word_1_166' title='bbox 662 2776 783 2837; x_wconf 91' lang='lat' dir='ltr'><strong>illorum</strong></span> <span class='ocrx_word' id='word_1_167' title='bbox 807 2777 889 2836; x_wconf 87' lang='lat' dir='ltr'><strong>salus</strong></span> <span class='ocrx_word' id='word_1_168' title='bbox 911 2785 1047 2837; x_wconf 85' lang='lat' dir='ltr'><strong>nostrum</strong></span> <span class='ocrx_word' id='word_1_169' title='bbox 1071 2795 1134 2837; x_wconf 88' lang='lat' dir='ltr'><strong>om·</strong></span> 
     </span>
     <span class='ocr_line' id='line_1_26' title="bbox 205 2859 482 2921; baseline 0.004 -1"><span class='ocrx_word' id='word_1_170' title='bbox 205 2862 295 2920; x_wconf 87' lang='lat' dir='ltr'><strong>nium</strong></span> <span class='ocrx_word' id='word_1_171' title='bbox 320 2867 367 2921; x_wconf 85' lang='lat' dir='ltr'><strong>est</strong></span> <span class='ocrx_word' id='word_1_172' title='bbox 389 2859 482 2921; x_wconf 85' lang='lat' dir='ltr'><strong>salus.</strong></span> 
     </span>
    </p>
   </div>
   <div class='ocr_carea' id='block_1_7' title="bbox 452 3039 902 3103">
    <p class='ocr_par' dir='ltr' id='par_1_7' title="bbox 452 3039 902 3103">
     <span class='ocr_line' id='line_1_27' title="bbox 452 3039 902 3103; baseline 0.007 -3"><span class='ocrx_word' id='word_1_173' title='bbox 452 3042 487 3103; x_wconf 89' lang='lat' dir='ltr'><strong>V.</strong></span> <span class='ocrx_word' id='word_1_174' title='bbox 510 3042 556 3101; x_wconf 89' lang='lat' dir='ltr'><strong>De</strong></span> <span class='ocrx_word' id='word_1_175' title='bbox 577 3039 728 3102; x_wconf 84' lang='lat' dir='ltr'><strong>sacrificio</strong></span> <span class='ocrx_word' id='word_1_176' title='bbox 750 3040 902 3103; x_wconf 80' lang='lat' dir='ltr'><strong>iaciendo.</strong></span> 
     </span>
    </p>
   </div>
   <div class='ocr_carea' id='block_1_8' title="bbox 210 3193 1134 3773">
    <p class='ocr_par' dir='ltr' id='par_1_8' title="bbox 210 3193 1134 3773">
     <span class='ocr_line' id='line_1_28' title="bbox 295 3193 1132 3275; baseline -0.005 -19"><span class='ocrx_word' id='word_1_177' title='bbox 295 3195 366 3256; x_wconf 86' lang='lat' dir='ltr'><strong>Non</strong></span> <span class='ocrx_word' id='word_1_178' title='bbox 388 3215 510 3275; x_wconf 84' lang='lat' dir='ltr'><strong>semper</strong></span> <span class='ocrx_word' id='word_1_179' title='bbox 532 3196 592 3255; x_wconf 86' lang='lat' dir='ltr'><strong>eris</strong></span> <span class='ocrx_word' id='word_1_180' title='bbox 614 3194 795 3256; x_wconf 89' lang='lat' dir='ltr'><strong>idoneusad</strong></span> <span class='ocrx_word' id='word_1_181' title='bbox 814 3193 1006 3271; x_wconf 83' lang='lat' dir='ltr'><strong>sacrificium,</strong></span> <span class='ocrx_word' id='word_1_182' title='bbox 1030 3212 1132 3252; x_wconf 80' lang='lat' dir='ltr'><strong>verum</strong></span> 
     </span>
     <span class='ocr_line' id='line_1_29' title="bbox 210 3277 1132 3357; baseline -0.005 -18"><span class='ocrx_word' id='word_1_183' title='bbox 210 3285 244 3340; x_wconf 90' lang='lat' dir='ltr'><strong>ut</strong></span> <span class='ocrx_word' id='word_1_184' title='bbox 260 3277 319 3338; x_wconf 86' lang='lat' dir='ltr'><strong>lias</strong></span> <span class='ocrx_word' id='word_1_185' title='bbox 342 3277 481 3353; x_wconf 80' lang='lat' dir='ltr'><strong>idoneus,</strong></span> <span class='ocrx_word' id='word_1_186' title='bbox 503 3277 669 3357; x_wconf 89' lang='lat' dir='ltr'><strong>aliquando</strong></span> <span class='ocrx_word' id='word_1_187' title='bbox 693 3278 746 3338; x_wconf 87' lang='lat' dir='ltr'><strong>tibi</strong></span> <span class='ocrx_word' id='word_1_188' title='bbox 769 3277 979 3338; x_wconf 87' lang='lat' dir='ltr'><strong>accedendum</strong></span> <span class='ocrx_word' id='word_1_189' title='bbox 1001 3286 1049 3335; x_wconf 86' lang='lat' dir='ltr'><strong>est</strong></span> <span class='ocrx_word' id='word_1_190' title='bbox 1071 3293 1132 3335; x_wconf 91' lang='lat' dir='ltr'><strong>noo</strong></span> 
     </span>
     <span class='ocr_line' id='line_1_30' title="bbox 210 3356 1133 3440; baseline -0.005 -19"><span class='ocrx_word' id='word_1_191' title='bbox 210 3361 339 3421; x_wconf 89' lang='lat' dir='ltr'><strong>idoneo.</strong></span> <span class='ocrx_word' id='word_1_192' title='bbox 364 3360 394 3420; x_wconf 91' lang='lat' dir='ltr'><strong>ld</strong></span> <span class='ocrx_word' id='word_1_193' title='bbox 417 3360 531 3438; x_wconf 84' lang='lat' dir='ltr'><strong>facies,</strong></span> <span class='ocrx_word' id='word_1_194' title='bbox 553 3361 579 3420; x_wconf 88' lang='lat' dir='ltr'><strong>si</strong></span> <span class='ocrx_word' id='word_1_195' title='bbox 602 3360 752 3440; x_wconf 82' lang='lat' dir='ltr'><strong>cogitabis</strong></span> <span class='ocrx_word' id='word_1_196' title='bbox 775 3380 836 3420; x_wconf 90' lang='lat' dir='ltr'><strong>non</strong></span> <span class='ocrx_word' id='word_1_197' title='bbox 859 3366 1057 3440; x_wconf 83' lang='lat' dir='ltr'><strong>propterte,</strong></span> <span class='ocrx_word' id='word_1_198' title='bbox 1079 3356 1133 3416; x_wconf 87' lang='lat' dir='ltr'><strong>sed</strong></span> 
     </span>
     <span class='ocr_line' id='line_1_31' title="bbox 210 3440 1134 3524; baseline -0.006 -20"><span class='ocrx_word' id='word_1_199' title='bbox 210 3450 340 3524; x_wconf 86' lang='lat' dir='ltr'><strong>propter</strong></span> <span class='ocrx_word' id='word_1_200' title='bbox 360 3443 459 3521; x_wconf 87' lang='lat' dir='ltr'><strong>alios,</strong></span> <span class='ocrx_word' id='word_1_201' title='bbox 480 3445 512 3503; x_wconf 89' lang='lat' dir='ltr'><strong>in</strong></span> <span class='ocrx_word' id='word_1_202' title='bbox 533 3445 669 3522; x_wconf 87' lang='lat' dir='ltr'><strong>pcccatis</strong></span> <span class='ocrx_word' id='word_1_203' title='bbox 692 3446 893 3521; x_wconf 84' lang='lat' dir='ltr'><strong>constitutos,</strong></span> <span class='ocrx_word' id='word_1_204' title='bbox 914 3460 969 3521; x_wconf 87' lang='lat' dir='ltr'><strong>pro</strong></span> <span class='ocrx_word' id='word_1_205' title='bbox 992 3440 1134 3500; x_wconf 67' lang='lat' dir='ltr'><strong>christia</strong></span> 
     </span>
     <span class='ocr_line' id='line_1_32' title="bbox 212 3521 1133 3586; baseline -0.004 0"><span class='ocrx_word' id='word_1_206' title='bbox 212 3545 325 3586; x_wconf 91' lang='lat' dir='ltr'><strong>norum</strong></span> <span class='ocrx_word' id='word_1_207' title='bbox 349 3526 581 3586; x_wconf 85' lang='lat' dir='ltr'><strong>necessitatibus</strong></span> <span class='ocrx_word' id='word_1_208' title='bbox 603 3526 657 3586; x_wconf 88' lang='lat' dir='ltr'><strong>tibi</strong></span> <span class='ocrx_word' id='word_1_209' title='bbox 684 3545 754 3586; x_wconf 84' lang='lat' dir='ltr'><strong>esse</strong></span> <span class='ocrx_word' id='word_1_210' title='bbox 775 3523 1017 3585; x_wconf 85' lang='lat' dir='ltr'><strong>sacrificandum.</strong></span> <span class='ocrx_word' id='word_1_211' title='bbox 1060 3521 1133 3582; x_wconf 86' lang='lat' dir='ltr'><strong>ldeo</strong></span> 
     </span>
     <span class='ocr_line' id='line_1_33' title="bbox 211 3605 1134 3689; baseline -0.005 -21"><span class='ocrx_word' id='word_1_212' title='bbox 211 3608 296 3689; x_wconf 86' lang='lat' dir='ltr'><strong>quod</strong></span> <span class='ocrx_word' id='word_1_213' title='bbox 319 3627 376 3688; x_wconf 87' lang='lat' dir='ltr'><strong>pro</strong></span> <span class='ocrx_word' id='word_1_214' title='bbox 398 3616 428 3668; x_wconf 88' lang='lat' dir='ltr'><strong>te</strong></span> <span class='ocrx_word' id='word_1_215' title='bbox 450 3627 513 3668; x_wconf 91' lang='lat' dir='ltr'><strong>non</strong></span> <span class='ocrx_word' id='word_1_216' title='bbox 535 3607 663 3686; x_wconf 82' lang='lat' dir='ltr'><strong>iaceres,</strong></span> <span class='ocrx_word' id='word_1_217' title='bbox 685 3609 779 3668; x_wconf 84' lang='lat' dir='ltr'><strong>iacies</strong></span> <span class='ocrx_word' id='word_1_218' title='bbox 801 3627 856 3688; x_wconf 87' lang='lat' dir='ltr'><strong>pro</strong></span> <span class='ocrx_word' id='word_1_219' title='bbox 878 3607 953 3666; x_wconf 85' lang='lat' dir='ltr'><strong>illis:</strong></span> <span class='ocrx_word' id='word_1_220' title='bbox 985 3623 1042 3665; x_wconf 85' lang='lat' dir='ltr'><strong>nec</strong></span> <span class='ocrx_word' id='word_1_221' title='bbox 1063 3605 1134 3664; x_wconf 88' lang='lat' dir='ltr'><strong>iuci-</strong></span> 
     </span>
     <span class='ocr_line' id='line_1_34' title="bbox 211 3688 1134 3773; baseline -0.008 -21"><span class='ocrx_word' id='word_1_222' title='bbox 211 3693 279 3773; x_wconf 86' lang='lat' dir='ltr'><strong>piss</strong></span> <span class='ocrx_word' id='word_1_223' title='bbox 296 3693 440 3769; x_wconf 90' lang='lat' dir='ltr'><strong>cuiquam</strong></span> <span class='ocrx_word' id='word_1_224' title='bbox 454 3689 621 3768; x_wconf 80' lang='lat' dir='ltr'><strong>confidere,</strong></span> <span class='ocrx_word' id='word_1_225' title='bbox 637 3692 711 3770; x_wconf 87' lang='lat' dir='ltr'><strong>quis</strong></span> <span class='ocrx_word' id='word_1_226' title='bbox 722 3690 852 3751; x_wconf 81' lang='lat' dir='ltr'><strong>idoneus</strong></span> <span class='ocrx_word' id='word_1_227' title='bbox 866 3688 919 3749; x_wconf 86' lang='lat' dir='ltr'><strong>tibi</strong></span> <span class='ocrx_word' id='word_1_228' title='bbox 934 3689 1018 3746; x_wconf 78' lang='lat' dir='ltr'><strong>visus</strong></span> <span class='ocrx_word' id='word_1_229' title='bbox 1035 3688 1134 3746; x_wconf 67' lang='lat' dir='ltr'><strong>tuerit</strong></span> 
     </span>
    </p>
   </div>
   <div class='ocr_carea' id='block_1_9' title="bbox 254 3873 1007 4021">
    <p class='ocr_par' dir='ltr' id='par_1_9' title="bbox 254 3873 1007 4021">
     <span class='ocr_line' id='line_1_35' title="bbox 254 3873 1007 4021; baseline 0.004 -85"><span class='ocrx_word' id='word_1_230' title='bbox 254 3873 716 3939; x_wconf 72' lang='lat' dir='ltr'><strong>&#39;lfflebeumoesmtsxau</strong></span> <span class='ocrx_word' id='word_1_231' title='bbox 915 3949 1007 4021; x_wconf 48' lang='grc' dir='ltr'><strong>Ἃ.</strong></span> 
     </span>
    </p>
   </div>
   <div class='ocr_carea' id='block_1_10' title="bbox 0 0 1370 4417">
    <p class='ocr_par' dir='ltr' id='par_1_10' title="bbox 0 0 1370 4417">
     <span class='ocr_line' id='line_1_36' title="bbox 0 0 1370 4417; baseline 0 0"><span class='ocrx_word' id='word_1_232' title='bbox 0 0 1370 4417; x_wconf 95' lang='lat' dir='ltr'><strong> </strong></span> 
     </span>
    </p>
   </div>
  </div>
 </body>
</html>
