2709 4417
243 351 328 427 ‘280
495 354 588 417 ltcsolq
601 353 633 405 ¹12.
655 370 739 422 super
758 354 945 421 Proposition·

266 559 322 623 pro
344 539 439 601 Eccio
463 547 570 601 contra
590 559 648 601 nos
669 539 838 605 machinari
859 557 929 603 non-
950 537 1053 600 benes
1074 536 1174 599 machi«

223 653 227 659 ·
266 642 331 691 nas.
353 623 422 685 lion
445 642 520 685 sane
541 642 649 689 omnes
670 623 758 690 dico.
779 643 850 687 nem
873 629 945 687 sunt
964 622 997 681 in
1020 640 1060 680 ea
1078 620 1173 682 sete

267 707 330 769 mia
350 705 595 785 praeclarissime
616 705 824 770 candidissimi
846 712 879 767 et
898 711 1057 768 rectorum
1070 703 1171 767 studio
1210 699 1218 715 “

265 809 330 851 rum
353 789 462 869 optimi
483 795 674 866 assertores,
708 796 800 868 etque
822 789 883 851 hoc
904 789 974 868 ipso
1004 794 1106 847 tamen
1127 806 1170 848 no

266 873 349 933 mine
370 872 495 933 alterius
515 872 595 932 illius
617 872 757 933 fermenti
779 869 1171 944 comminiscentem

266 957 297 1017 iu
310 955 417 1027 oculis,
440 962 471 1014 ct
492 954 710 1016 offendiculum
732 976 752 1016 a
772 955 878 1032 latere,
901 961 935 1016 ut
950 954 1068 1016 Josume
1082 953 1171 1014 verbis

269 1038 406 1099 dixerim.
440 1036 500 1098 Sed
532 1044 564 1098 et
585 1037 838 1117 prudentissimus
861 1045 1008 1110 senatus,
1031 1037 1169 1097 ornatiori

267 1123 368 1199 mique
390 1121 474 1180 cives
496 1126 557 1181 tam
580 1122 693 1183 absunt
718 1120 757 1182 ab
787 1121 847 1185 hoc
881 1120 1020 1198 maligno
1049 1120 1170 1199 ingenio,
1216 1148 1218 1165 =

266 1211 299 1267 ut
320 1221 412 1263 usuro
435 1204 533 1282 magis
555 1204 749 1265 abominetur
769 1204 829 1266 hoo
849 1221 1033 1285 perversum
1052 1201 1169 1265 elbonis

266 1287 360 1347 literis
381 1286 539 1349 inimicum
559 1305 666 1366 genus.

347 1367 488 1428 Omnium
511 1375 615 1430 autem
626 1370 761 1428 maxime
783 1367 956 1431 laudandus
978 1373 1028 1429 est
1047 1367 1168 1428 illustris
1200 1392 1205 1455 4

266 1453 361 1515 simus
382 1451 527 1531 Princeps
547 1452 617 1513 Dux
639 1451 807 1532 Georgius,
846 1453 897 1531 qui
924 1470 1002 1514 vere
1024 1451 1167 1530 principali
1198 1464 1218 1521 p

198 1605 202 1614 ¹
267 1535 431 1595 clementia
453 1540 484 1594 et
505 1533 714 1595 munificentia
734 1534 810 1595 nihil
832 1535 950 1608 omitit,
976 1532 1061 1611 quod
1082 1532 1118 1593 ad
1135 1533 1166 1603 ta
1195 1534 1219 1593 l!

266 1618 446 1681 licissimum
472 1617 560 1677 huius
595 1616 811 1697 disputationis
838 1617 968 1676 fructum
991 1612 1166 1695 faeere'pos
1194 1610 1219 1667 l!

266 1701 320 1777 sit,
343 1702 368 1760 si
390 1699 459 1760 talis
480 1700 603 1775 luisset,
635 1707 668 1762 ut
690 1719 766 1779 pura
786 1700 898 1764 veritas
919 1698 1099 1778 posthabita
1114 1698 1164 1778 glo
1194 1686 1218 1753 l-

265 1784 311 1844 ria
333 1791 537 1861 quaereretur.
558 1783 698 1862 Denique
720 1789 751 1843 et
769 1802 826 1854 sua
835 1780 1086 1861 splendidissime
1095 1801 1165 1860 prse-
1193 1756 1218 1845 l

268 1866 367 1929 sentia
404 1863 436 1925 id
465 1866 582 1946 negotii
616 1865 760 1944 dignatus
791 1871 840 1926 est
864 1863 991 1926 mirifice
1022 1864 1164 1938 illustrem
1194 1868 1219 1935 l*

268 1948 372 2009 omnia
394 1966 506 2008 cavens
530 1956 561 2009 et
580 1967 727 2024 monens,
755 1946 948 2015 utmodeste
979 1954 1012 2009 et
1033 1966 1164 2026 quaeren-
1194 1938 1217 1999 h

268 2030 326 2090 dae
348 2031 485 2092 veritatis
507 2030 609 2091 strrdio
631 2037 805 2110 agerentur.
846 2029 929 2090 unit
951 2048 1027 2110 ergo
1051 2030 1164 2108 optimae
1194 2002 1218 2113 k

266 2113 339 2174 huic
360 2113 553 2174 universitati
565 2133 614 2174 me
636 2113 750 2175 debere
773 2112 932 2185 confiteor,
955 2131 1048 2191 quan
1061 2130 1164 2172 omnen
1196 2118 1218 2193 Ε

267 2195 425 2271 honorem,
454 2202 485 2255 et
500 2215 593 2257 omne
615 2195 759 2270 officium,
782 2196 930 2256 duntaxat
949 2195 1163 2273 invidiamque
1197 2196 1218 2257 ir

267 2277 395 2339 rundam
423 2283 475 2352 (ut
495 2286 566 2341 sunt
586 2298 636 2339 res
656 2279 831 2339 mortalium
852 2297 892 2343 err
921 2278 1006 2338 nulla
1034 2287 1116 2357 parte
1132 2279 1164 2336 in·

266 2366 387 2441 tegmel
411 2361 511 2422 fateor
533 2361 604 2420 mihi
628 2362 703 2423 setis
724 2361 925 2441 displicuisse.
1016 2411 1021 2427 .

347 2443 440 2523 lgitnr
465 2443 545 2505 haec
571 2450 618 2505 est
646 2445 711 2506 sive
732 2442 909 2524 tragoedia,
931 2443 998 2502 eive
1012 2440 1164 2502 comoedis
1216 2482 1218 2489 ι

264 2526 353 2586 huius
375 2525 592 2605 disputationis
616 2524 725 2608 (quam
749 2533 884 2606 satyram
905 2524 1008 2605 potius
1031 2524 1160 2594 dixerisl:
1213 2516 1218 2607 4

265 2608 367 2669 Primo
388 2615 509 2687 ruptum
531 2616 579 2671 est
599 2616 733 2688 pactum,
755 2628 816 2687 quo
838 2607 1054 2673 interEocium
1072 2615 1101 2665 et
1119 2625 1164 2665 nos
1217 2614 1218 2627 ³

265 2698 473 2769 convenerat,
496 2698 529 2751 ut
549 2691 644 2753 libere
670 2692 894 2771 disputaretur,
922 2697 954 2751 et
975 2696 1108 2768 excepta,
1122 2707 1165 2767 per
1214 2704 1218 2777 4

266 2775 403 2834 notarios
425 2775 455 2833 in
478 2773 630 2854 publicum
653 2776 750 2836 totins
777 2773 860 2834 orbis
888 2772 1034 2835 iudicium
1057 2771 1164 2834 odaren
1217 2782 1218 2801 ³

266 2863 323 2930 tur,
348 2855 606 2935 quemadmodum
629 2857 660 2916 in
683 2857 781 2921 literis
793 2845 934 2935 utrinque
948 2855 1039 2916 editis
1062 2854 1164 2934 legitur.
1212 2850 1218 2997 4

264 2939 340 2999 Nam
364 2939 462 3001 voluit
476 2940 579 3018 potins
601 2939 712 3001 Eccius
742 2945 848 3000 noster
868 2940 935 2999 sine
962 2938 1088 2998 notariis
1117 2955 1164 2994 me·

264 3022 305 3082 ris
327 3029 358 3081 et
378 3021 480 3082 liberis
501 3021 687 3083 clamoribus
707 3041 778 3085 rem..
799 3022 860 3102 agi.
899 3020 1163 3083 Consenserunt-in

264 3103 344 3185 idem
369 3123 442 3164 suae
463 3104 606 3165 factionis
630 3106 696 3166 viri.
718 3104 777 3165 Ubi
799 3104 859 3165 hoc
880 3103 1021 3165 obtinere
1043 3121 1104 3164 non
1123 3119 1164 3180 po·
1216 3124 1218 3148 2

265 3193 397 3260 tuerent,
417 3186 456 3246 ad
479 3187 570 3252 sliam
593 3188 674 3265 pacti
697 3187 870 3253 illusionem
887 3188 961 3247 itum
985 3191 1044 3261 est
1065 3185 1166 3244 scilicet
1217 3226 1218 3230 ,

264 3288 303 3328 ne
331 3278 461 3348 excepta
484 3289 539 3348 per
566 3271 705 3330 notarios
727 3270 908 3344 ederentur,
946 3269 1005 3329 nisi
1031 3266 1164 3328 indicibus

263 3353 441 3412 nominatim
476 3359 507 3410 et
538 3354 740 3412 communiter
768 3352 874 3412 electis
897 3350 1018 3425 oblate,
1046 3350 1165 3428 accepis·

263 3441 332 3494 sent
352 3435 546 3495 sententiam.
579 3434 722 3494 Additum
740 3441 787 3495 est
799 3444 1027 3510 commentum,
1049 3451 1109 3511 qno
1127 3450 1165 3490 ve·

263 3516 308 3575 lut
328 3516 547 3582 honestissimo
570 3517 658 3578 titulo
682 3517 742 3578 hoc
764 3517 980 3596 foedifragum.
999 3516 1083 3595 apud
1104 3514 1165 3575 idio

262 3605 310 3658 tae
333 3607 504 3676 ornaretur,
524 3599 679 3685 videlicet,
702 3606 846 3679 oportere
866 3599 983 3671 indices
1004 3608 1105 3660 certos
1125 3598 1165 3658 lu·

182 3740 190 3749 .
257 3681 348 3762 bere,
379 3703 459 3766 qnos
482 3684 514 3746 si..
528 3694 762 3749 recusaremus„
784 3685 852 3742 iam
870 3683 1050 3756 manerent„
1068 3682 1168 3756 essin

248 3766 358 3832 odium
383 3770 471 3854 vulgi
495 3789 556 3833 nos
581 3767 746 3829 traherent
766 3770 802 3823 et
815 3765 993 3832 testarent,
1013 3759 1107 3816 noue
1120 3757 1186 3815 seii

239 3862 384 3929 cernor
406 3859 488 3942 pati·
504 3854 597 3919 ullos
617 3850 755 3916 iudicer.
859 3862 861 3867 ’
