2709 4417
269 352 333 420 324
518 354 614 410 Resol.
634 355 662 410 L.
684 369 768 423 snper
786 354 985 422 Propositicne

348 542 463 604 Ibidem
485 543 519 604 Β.
532 540 700 621 Gregorius
721 539 855 620 Eulogio
877 539 1073 620 patriarchae
1093 540 1169 600 Alex·

266 626 411 689 andriuo:
451 625 536 687 Ecce
564 625 596 683 iu
618 624 810 702 praefatione
833 622 1007 703 epistolae,
1034 641 1121 701 quarn
1141 625 1172 683 ad

268 711 448 789 meipsum,
471 709 522 787 qui
545 706 695 785 prohibui,
719 705 883 784 direxistis,
907 705 1059 785 superbae
1081 694 1173 785 appel·

268 792 391 853 lationis
427 791 573 866 verbnm,
605 788 811 849 universalem
833 788 950 868 Papam
985 806 1036 848 me
1070 787 1173 868 dicens,

265 874 440 954 imprimere
479 873 616 933 curastis.
667 870 756 945 Quod
792 877 865 951 peto
899 871 974 930 mihi
1012 869 1174 932 dulcissima

267 958 414 1018 sanctitas
438 961 540 1015 vestra
561 952 641 1013 ultra
669 973 733 1014 non
763 954 876 1030 faciat,
911 955 985 1033 quia
1006 953 1094 1014 vobis
1116 953 1173 1014 sub

266 1039 406 1115 trahitur,
428 1036 512 1117 quod
532 1036 620 1096 alteri
640 1036 727 1116 plus,
750 1055 841 1115 qnam
863 1037 942 1097 ratio
966 1038 1078 1115 exigit,
1100 1056 1173 1115 prae·

266 1120 363 1182 betur.
407 1121 473 1180 Nec
494 1120 644 1180 honorem
668 1138 738 1180 esse
766 1119 902 1198 deputo,
932 1121 965 1179 in
989 1137 1051 1196 qno
1079 1118 1173 1179 stanes

234 1218 237 1223 ·
267 1223 353 1265 meos
376 1204 526 1264 honorem
548 1221 635 1261 sunm
648 1202 777 1281 perdere
793 1220 963 1281 cognosco.
1006 1201 1173 1260 Mensnam-

267 1305 327 1366 qne
354 1293 402 1345 est
430 1285 530 1346 honor
560 1284 741 1344 universalis
764 1285 933 1362 ecclesiae,
969 1302 1056 1344 mens
1087 1283 1174 1344 honor

267 1377 316 1429 est
335 1369 460 1428 fratrum
483 1386 620 1427 meorum
645 1367 763 1427 solidus
792 1369 888 1447 vigor.
936 1366 1026 1426 Tunc
1052 1384 1109 1446 ego
1129 1367 1173 1426 ho·

154 1467 158 1474 ·
267 1459 393 1511 ucratus
416 1470 493 1528 snm,
516 1469 585 1510 cnm
608 1450 736 1530 singulis
752 1450 923 1528 quibusque
943 1450 1047 1510 honor
1068 1448 1172 1509 debitus

267 1553 331 1595 uon
353 1544 491 1613 negatur.
536 1533 567 1592 Si
597 1534 680 1592 enim
704 1533 909 1593 universalem
942 1551 1056 1612 papam
1086 1540 1171 1592 vestra

267 1618 414 1676 sanctitas
437 1634 487 1678 me
508 1615 590 1694 dicit,
614 1624 708 1695 negat
728 1634 763 1675 se
783 1615 844 1676 hoc
865 1634 945 1692 esse,
969 1614 1054 1693 quod
1075 1633 1122 1674 me
1139 1615 1152 1674 f
1163 1651 1170 1661 -

269 1706 357 1778 tetur,
380 1699 565 1758 universnm.
611 1697 672 1758 Ssd
694 1698 775 1758 absit
793 1698 869 1776 hoc,
906 1697 1057 1758 recedant
1084 1696 1170 1774 verba,

269 1801 349 1860 quae
372 1782 532 1841 veritatem
554 1780 671 1859 inflant,
695 1788 726 1840 st
747 1782 905 1841 caritatem
929 1781 1099 1841 vulnerant.
1214 1788 1216 1793 '

352 1863 505 1942 Obsecro,
539 1863 610 1942 quid
632 1863 683 1923 hic
703 1864 861 1924 dicemus?
892 1865 942 1922 An
958 1862 1060 1922 adbuc
1081 1881 1168 1942 pecco,

271 1946 354 2026 quod
375 1946 572 2026 frigidissima
593 1946 726 2006 Decreta
747 1947 857 2007 vocavi
884 1945 1058 2025 aliquorum
1076 1945 1168 2005 Roma·

270 2049 378 2090 norum
403 2028 592 2108 pontificum,
614 2029 695 2088 forte
716 2023 920 2090 confictorum
936 2028 1112 2088 nominum?
1130 2030 1167 2106 qni

268 2115 327 2172 ista
349 2118 471 2172 secutus
506 2111 671 2171 debueram
706 2113 864 2190 appellare
896 2111 993 2171 verba
1027 2113 1165 2171 veritatem

269 2194 409 2254 inflantia
434 2195 481 2269 (id
505 2201 567 2269 est,
590 2194 690 2254 levem
714 2203 746 2254 et
766 2214 876 2254 vanam
899 2194 1060 2270 facientia)
1086 2199 1115 2253 et
1131 2211 1167 2253 ca·

268 2279 389 2338 ritatem
401 2277 601 2338 vulnerantis.
625 2274 728 2350 Quid?
743 2278 768 2336 si
785 2296 844 2356 ego
858 2279 917 2337 ista
937 2277 1093 2352 dixissem,
1114 2294 1167 2335 esse

269 2359 412 2419 videlicet
433 2380 496 2420 nou
518 2359 611 2419 modo
645 2358 831 2438 inefficacia,
863 2360 918 2419 sed
949 2361 1042 2420 etiam
1063 2361 1167 2419 inimica

270 2444 407 2519 veritati,
430 2450 461 2502 et
483 2443 633 2502 contraria
659 2444 787 2503 caritati.

352 2525 406 2584 His
429 2524 508 2584 adde
531 2532 562 2584 et
583 2543 675 2586 senas
700 2525 795 2584 ferme
819 2525 967 2604 epistolas
989 2526 1022 2584 B.
1046 2524 1168 2603 Gregorii

268 2609 299 2666 in
322 2609 464 2686 Regestis
487 2609 568 2686 suis,
599 2607 710 2684 quibus
740 2608 778 2667 ad
801 2609 1014 2687 imperatorem
1037 2608 1167 2668 constan·

269 2690 505 2769 linopolitanunr
519 2699 550 2750 et
561 2691 765 2768 patriarcham
780 2690 917 2750 eiusdem
934 2692 1082 2749 acerrime
1102 2688 1168 2747 idem

269 2775 475 2852 prosequitur,
509 2781 701 2852 protestans,
733 2773 869 2833 oblatum
896 2773 1030 2833 fuisses
1054 2770 1169 2831 concilio

271 2855 518 2916 Chalcedonensi
539 2857 681 2916 Romano
704 2855 936 2934 pontificihunc
957 2856 1128 2934 primatum,
1147 2861 1171 2911 et

269 2946 373 2998 tamen
396 2957 415 2996 a
436 2939 520 2997 nullo
544 2948 743 3018 assumptum.

353 3019 444 3094 Quod
467 3021 493 3078 si
514 3020 647 3081 dixerint
670 3023 850 3081 canonistas
865 3021 992 3096 novelli,
1017 3038 1087 3079 esse
1108 3020 1172 3077 haec

269 3102 432 3181 abrogata,
466 3103 514 3162 vel
536 3124 591 3182 per
613 3104 866 3164 consuetudinem
896 3103 1043 3178 desiisse,
1074 3102 1173 3181 gratias

268 3205 344 3266 ago,
372 3185 433 3244 hoc
460 3185 554 3245 volui.
599 3187 741 3265 Sequitur
758 3206 849 3265 ergo,
881 3184 964 3264 quod
991 3204 1054 3246 non
1086 3183 1173 3243 verbis

270 3267 457 3348 evangelicis
480 3275 512 3327 et
534 3271 598 3329 iure
620 3270 723 3329 divino
757 3271 815 3329 iste
844 3271 992 3348 primatus
1020 3273 1096 3343 stet,
1129 3263 1174 3324 ssd

268 3354 333 3411 iure
354 3351 512 3410 hominum
535 3359 566 3411 et
587 3372 650 3415 usn,
694 3353 763 3412 Hoc
784 3351 923 3433 admitto,
944 3339 1006 3412 fico
1028 3351 1175 3423 confiteor,

268 3435 419 3512 alioquin,
442 3435 466 3492 si
489 3437 553 3494 iure
575 3435 679 3496 divino
694 3442 797 3513 staret,
821 3453 975 3514 nunqnam
999 3434 1104 3505 debuit
1123 3450 1175 3490 non

268 3537 338 3578 esse
361 3524 393 3577 et
413 3517 517 3594 fuisse,
541 3524 571 3580 et
592 3530 775 3598 peccassent
790 3519 959 3579 mortaliter
973 3517 1023 3576 hio
1044 3508 1176 3594 Pelagius

270 3608 301 3660 et
322 3599 500 3681 Gregorius,
525 3604 602 3662 siout
626 3612 783 3663 cassantes
805 3606 851 3663 ins
874 3600 1020 3676 divinum,
1044 3607 1076 3659 et
1096 3616 1176 3658 evau-

268 3684 380 3763 gelium
404 3683 618 3762 depravantes.
661 3685 793 3759 Quando
810 3703 884 3764 argo
907 3685 973 3743 iura
986 3683 1121 3742 humana
1141 3679 1179 3738 sic
1212 3690 1214 3695 ’

264 3788 335 3830 eum
358 3776 522 3851 asserunt,
560 3778 595 3832 nt
622 3789 677 3851 per
709 3771 840 3830 verbum
864 3767 1022 3842 evangelo
1045 3772 1182 3822 conantur

250 3855 413 3939 probare,
436 3877 552 3922 nonne
575 3873 714 3919 necesse
737 3860 807 3927 est,
824 3857 863 3907 nt
895 3842 1103 3918 ineditam
1119 3844 1205 3897 sexa-
