2709 4417
475 351 633 409 oscarus
652 356 778 422 excepta.
1033 347 1096 423 119

232 537 443 600 Pariformiter
463 536 687 619 respondemus
708 536 747 601 ad
768 537 845 599 illud
856 536 956 617 Apoc.
967 540 1016 602 21.
1037 537 1094 599 Fa·

199 641 258 697 ror,
292 619 458 682 duodecim
480 627 551 682 suut
570 620 791 698 fundamenta,
828 621 890 683 sint
915 620 970 682 illa
1002 621 1094 681 etiam

199 711 301 785 gurata
322 724 379 785 per
402 703 564 766 duodecim
584 704 690 778 boves,
710 724 766 784 per
787 704 950 765 duodecim
972 704 1095 764 leuncu-

199 807 239 863 u,
268 807 324 868 per
347 787 512 848 duodecim
531 786 649 866 lapides
671 787 832 865 dardanis,
854 785 909 848 sed
930 787 1019 846 iniis
1041 807 1095 846 nu-

199 890 272 931 terus
295 870 503 931 duodenarius
525 870 737 949 apostolorum
759 870 924 948 asseritur,
945 871 1094 949 primatus

199 953 294 1014 bhoc
317 973 381 1014 non
404 959 542 1033 negatur.
563 952 747 1034 Egoautem
769 972 838 1013 eum
854 953 956 1014 locum
972 951 1011 1014 ob
1035 951 1096 1013 hoc

199 1036 288 1114 rduxi,
311 1035 396 1116 quod
418 1041 560 1117 oporteat
582 1055 690 1116 passus
712 1054 818 1097 sacrae
828 1034 1003 1115 Scripturas
1024 1054 1095 1095 con·

199 1119 281 1180 ardes
306 1118 486 1201 ostendere,
520 1124 551 1179 et
573 1137 641 1179 eum
663 1118 832 1199 Apostolus
855 1117 887 1194 *)
916 1138 1010 1179 unum
1031 1118 1096 1178 fun·

199 1210 351 1262 amentum
364 1167 560 1282 ,Christum
582 1204 747 1281 posuisset,
770 1210 800 1262 et
822 1220 913 1262 nemo
937 1200 1020 1261 aliud
1040 1218 1096 1281 po·

199 1304 247 1345 ere
267 1292 397 1365 posset,
428 1284 550 1344 Petrum
579 1303 648 1380 per·
655 1285 715 1345 hoa
745 1284 976 1345 fundamentum
999 1283 1094 1344 eccle

199 1370 239 1428 iae
260 1370 366 1447 negari
381 1366 576 1444 nondebere,
598 1369 670 1446 quia
684 1367 899 1427 iohannest
868 1373 899 1427 et
920 1367 1002 1463 ipse·
1008 1384 1095 1426 sauc-

199 1470 225 1510 1s
250 1450 413 1511 duodecim
442 1452 579 1531 posuerit
606 1449 823 1538 fundamenta,
857 1450 939 1528 quod
973 1448 1031 1509 nisi
1054 1447 1096 1508 di·

199 1533 369 1594 tinctionem
403 1534 560 1612 acceperis
588 1533 627 1594 de
656 1526 856 1593 fundamento
886 1531 1097 1592 fundamento·

199 1624 261 1696 utu,
282 1615 314 1675 id
335 1624 391 1693 est,
415 1615 574 1696 principali
597 1623 627 1684 et
616 1616 688 1675 tde
709 1614 909 1676 fundamento
932 1615 1096 1676 substituto

200 1718 233 1759 eu
250 1699 449 1778 secundario,
473 1698 599 1758 Paulum
627 1706 658 1759 et
678 1699 853 1759 iohannem
884 1717 947 1759 non
969 1715 1099 1758 concor·

199 1781 273 1842 tabis.

258 1861 400 1924 Secundo
423 1862 493 1922 loco
515 1863 643 1941 induxit,
661 1864 783 1924 Pet-rum
806 1882 867 1924 non
890 1863 1026 1943 potuisse
1049 1881 1095 1922 or·

199 1946 281 2006 linare
301 1945 478 2022 Matthiam,
506 1947 551 2004 sic
572 1945 715 2026 Spiritum
745 1954 883 2006 sanctum
913 1963 1095 2026 segregasse

199 2029 300 2089 Paulum
337 2037 368 2088 et
400 2027 582 2090 Barnabam.
626 2028 830 2109 Respondes:
855 2028 931 2088 Cum
960 2028 1094 2110 apostoli

199 2112 284 2172 iterim
305 2112 455 2191 episcopi,
476 2129 540 2171 uon
562 2112 687 2171 memini
710 2131 758 2172 me
782 2112 932 2191 reperisse
953 2111 984 2171 in
1007 2129 1095 2172 sacra

199 2194 330 2274 Scriptura
351 2192 511 2254 ordinatos
533 2191 688 2254 cGhristo
711 2195 885 2274 episcopos,
908 2213 977 2254 cum
997 2195 1028 2253 in
1052 2193 1094 2254 ul·

199 2277 252 2336 tima
290 2295 390 2336 coena
432 2277 563 2355 primum
606 2296 660 2337 eos
692 2277 879 2338 ordinaverit
907 2273 1094 2338 sacerdotes.

199 2358 277 2433 Quare
309 2366 340 2419 et
360 2357 476 2418 iliud
467 2379 499 2419 ru
522 2359 643 2420 Petrum
670 2360 784 2421 referre
811 2378 955 2455 possum,
992 2357 1095 2439 quoad

200 2442 371 2523 episcopatus
387 2440 629 2521 ordinationem,
651 2450 797 2519 attamen,
820 2443 891 2521 quia
903 2441 1095 2522 apostolatus

200 2523 306 2585 officium
330 2544 350 2584 a
371 2525 439 2585 solo
461 2524 530 2584 Deo
552 2525 695 2585 tributum
719 2524 862 2604 admitto,
884 2544 947 2586 non
977 2525 1095 2602 mirum,

199 2607 259 2683 quod
280 2606 417 2667 divinum
439 2607 632 2685 postularunt
653 2606 856 2688 praesidium,
884 2615 984 2668 sortes
1013 2609 1094 2667 enim

199 2691 330 2768 miserunt,
347 2709 409 2750 non
434 2690 549 2769 vulgari
574 2708 668 2768 more,
692 2689 746 2750 sed
770 2698 802 2749 ut
823 2709 910 2750 sacer
927 2690 1094 2770 Dionysius

199 2779 312 2852 testatur,
335 2791 402 2834 sors
426 2771 478 2831 illa
499 2771 554 2832 fuit
576 2771 705 2853 Spiritus
728 2775 825 2832 sancti
854 2773 980 2833 visibitis
1002 2793 1095 2852 appa·

199 2855 256 2917 itio.
277 2855 367 2916 Unde
389 2855 475 2914 iocus
497 2854 549 2914 ilie
571 2874 627 2935 pro
649 2856 779 2935 primatu
801 2855 881 2915 Petri
909 2856 995 2933 facit,
1023 2856 1096 2934 quia

199 2939 337 2998 trimatum
362 2937 419 2997 sibi
441 2955 623 2998 concessum
646 2945 810 2998 exsecutus
833 2945 897 2998 est:
930 2938 965 3000 ln
989 2938 1096 2998 diebus

200 3018 240 3080 ilis
259 3036 428 3099 exsurgens
450 3009 556 3081 Pei-rus
586 3022 616 3079 in
640 3020 742 3081 medio
764 3020 888 3082 fratrum
911 3029 969 3082 etc.
1013 3020 1097 3081 Sicut

199 3110 217 3162 st
234 3103 269 3163 de
289 3103 420 3182 Saphira
441 3111 473 3162 et
495 3104 625 3177 Ananis,
647 3104 726 3163 sicut
747 3106 778 3162 in
800 3105 1000 3164 excusatione
1021 3123 1097 3184 apc-

199 3186 342 3260 stolorum,
366 3184 449 3264 quod
472 3205 533 3246 non
557 3192 660 3246 essent
683 3191 783 3247 musto
806 3187 931 3267 repleti,
966 3187 1043 3246 sicut
1065 3187 1095 3245 iu

199 3270 380 3347 responsione
412 3276 442 3327 et
469 3267 649 3329 defensione
683 3288 786 3331 coram
816 3269 947 3330 concilio
964 3269 1096 3330 Judaeu-

199 3369 249 3409 rum
272 3359 302 3410 et
327 3349 396 3411 aliis
428 3352 458 3410 in
488 3351 574 3411 Actis
602 3352 814 3431 apostolorum
837 3350 893 3422 *ἢ
934 3353 1097 3429 contentis,

200 3431 237 3492 ubi
254 3434 387 3514 regimen
410 3435 631 3513 superioritatis
654 3437 800 3496 exercuit.
828 3435 917 3496 Unde
938 3435 1097 3496 Matthiam

202 3515 273 3576 eredo
300 3515 475 3596 apostolum
497 3537 516 3576 a
537 3516 662 3577 domino
692 3519 820 3596 iactum,
849 3526 880 3577 et
912 3518 982 3579 aS.
1005 3517 1096 3578 Petro

204 3599 358 3679 episcopum
381 3599 563 3662 ordinatum.
586 3599 636 3660 Sic
658 3607 689 3661 et
710 3599 749 3661 dc
770 3599 865 3661 Paulo
888 3599 1000 3660 dudum
1025 3618 1099 3660 con·

199 3760 346 3771 -—-—--.—·
353 3765 573 3775 ——--—·.-.—.--.
588 3770 592 3774 -

199 3845 260 3906 91.
280 3851 340 3907 Cor.
360 3855 386 3910 3.
420 3854 563 3927 ΨΜ.
587 3867 614 3925 1.
654 3869 721 3929 Act.
745 3874 776 3935 5.
816 3874 928 3936 aaz.
