2709 4417
475 377 493 414 a
510 361 632 416 Notariie
651 365 777 430 excepta
1019 359 1081 425 115

189 554 208 626 t,
230 566 291 627 qua
307 547 415 609 scribit
430 547 466 626 ⁴²)
493 546 531 608 ad
545 547 695 608 Galatas:
719 546 778 621 Qui
794 554 937 626 operatus
959 555 1009 608 est
1025 549 1080 608 Pe·

187 649 203 690 ο
232 631 262 689 in
293 631 504 710 apostolatum
531 630 786 707 circumcisionis,
816 637 960 709 operatus
983 638 1030 691 est
1050 638 1081 692 et

189 713 230 772 ihi
250 715 332 773 inter
352 720 480 794 gentes,
508 721 539 774 et
559 714 651 773 infra:
680 711 839 772 Dederunt
856 714 932 775 mihi
956 714 1080 774 dextras

187 838 188 850 ,
207 796 369 857 Barnabae
391 797 559 875 societatis,
582 803 615 856 ut
635 814 693 855 nos
715 796 746 854 in
757 802 877 876 gentos,
899 797 957 876 ipsi
976 801 1080 857 autem

215 879 500 957 circumcisionem,
534 886 649 939 tantum
678 883 712 937 ut
733 896 902 958 pauperum
924 898 1079 940 memores

187 981 260 1021 mus.
303 961 374 1035 Qua
394 963 575 1040 autoritate,
606 962 631 1020 si
653 960 765 1020 vellem
788 962 860 1040 niti,
888 981 950 1023 non
973 970 1080 1042 posset
1138 1032 1144 1036 ,

187 1093 193 1106 .
212 1044 250 1105 D.
273 1063 404 1124 cogere,
427 1039 479 1104 aut
500 1044 580 1104 ullus
603 1043 773 1122 hominum,
795 1044 1002 1125 apostolatum
1025 1043 1079 1105 Pe·-

187 1126 356 1188 ilatiorem
380 1143 466 1205 esse,
489 1146 581 1206 quam
603 1128 633 1187 iu
655 1124 803 1205 ludaeos,
824 1128 891 1188 iure
911 1127 1027 1202 divino,
1051 1135 1082 1188 et

187 1229 211 1269 rr
221 1209 283 1270 hoc
297 1229 405 1271 omnes
426 1211 616 1287 autoritates,
633 1209 741 1287 quibus
754 1210 876 1270 nititur:
893 1211 991 1271 Pasce
1005 1228 1080 1271 oves

190 1311 242 1353 aas
263 1299 322 1354 ete.
345 1299 396 1352 et:
418 1292 464 1352 Tu
485 1291 521 1352 es'
541 1293 648 1354 Petrus
671 1298 729 1352 etc.
751 1292 928 1354 referendas
950 1311 1019 1354 esse
1040 1293 1079 1353 ad

187 1377 303 1439 uminos
330 1377 377 1434 sui
407 1376 617 1456 apostolatus,
655 1375 915 1454 quemadmodum
942 1376 1079 1436 Christus

190 1478 239 1518 are
260 1458 373 1518 lohan.
398 1461 444 1523 10.
475 1477 552 1519 oves
578 1458 715 1538 gentium
749 1459 882 1519 secernit
909 1459 948 1519 ab
970 1458 1079 1519 ovibus

187 1541 263 1619 rael,
292 1541 413 1602 dicens:
439 1540 547 1601 Habeo
570 1541 671 1600 adhuc
692 1541 769 1601 alias
793 1559 887 1620 oves,
915 1558 995 1621 quae
1016 1559 1078 1602 non

187 1631 229 1684 int
249 1642 288 1684 ex
311 1624 372 1685 hoc
394 1622 479 1684 ovili.

238 1706 279 1765 Et
298 1708 330 1766 in
343 1705 423 1785 dne,
445 1704 528 1785 quod
549 1711 580 1765 et
600 1705 637 1764 D.
664 1705 701 1766 D.
723 1705 787 1765 heri
810 1706 925 1786 tetigit,
948 1706 1078 1785 Apocal.

190 1795 209 1852 l.
229 1788 409 1850 describitur
429 1787 619 1849 Hierusalem
633 1805 717 1848 nova
738 1806 806 1847 oum
829 1786 990 1849 duodecim
1014 1788 1080 1848 lun·

187 1875 321 1952 amentis,
344 1878 467 1951 praeter
486 1869 563 1930 illud
583 1869 816 1931 fundamentum
839 1871 971 1951 capitale
994 1871 1078 1937 Chri·

187 1964 237 2031 tus,
263 1962 294 2015 et
321 1961 424 2015 tamen
452 1953 495 2014 ibi
522 1953 598 2012 nihil
634 1951 823 2014 differentiae
851 1956 976 2034 ponitur
997 1956 1078 2014 inter

187 2039 355 2099 nodamenta
368 2035 541 2116 duodecim,
564 2036 648 2114 quod
669 2037 795 2096 omnino
808 2036 980 2096 laciendum
1003 2043 1079 2114 erat,

187 2123 320 2181 itantum
351 2127 421 2181 *erat
448 2119 487 2180 de
515 2119 646 2198 primatu
668 2120 750 2179 Petri
779 2118 983 2180 sentiendum.
1027 2118 1076 2179 Ad

187 2223 220 2264 oc
238 2204 316 2264 idem
345 2203 451 2263 valent
472 2202 622 2282 plurimae
643 2201 760 2282 figurae
782 2203 812 2261 in
836 2201 1014 2285 scripturis,
1046 2210 1079 2262 ut

187 2288 317 2348 luodecim
339 2286 447 2360 boves,
469 2289 497 2350 3.
519 2284 643 2364 Reg.4.,
667 2286 763 2348 maris
780 2286 879 2363 aenei,
901 2286 975 2345 item
997 2284 1074 2345 duo·

187 2369 253 2429 lecim
275 2369 410 2429 leunculi
432 2369 533 2428 throni
555 2367 746 2446 Salomonis,
768 2366 931 2429 duodecim
954 2366 1072 2447 lapides

187 2452 321 2530 iordanis,
354 2458 386 2511 et
415 2451 544 2527 similia,
580 2452 611 2510 in
640 2451 749 2529 quibus
779 2451 920 2511 omnibns
950 2467 1075 2530 prorsus

187 2535 334 2595 tummoda
352 2534 522 2612 aequalitas
545 2535 681 2598 omnium
701 2534 911 2613 apostolorum
924 2533 1077 2615 descripta

187 2626 223 2698 ut,
237 2635 292 2678 nec
313 2621 418 2698 potest
438 2616 501 2676 ulla
523 2616 727 2695 inaequalitas
749 2618 778 2676 in
803 2617 988 2678 contrarium
1009 2634 1078 2695 pro-

187 2702 225 2761 uri
244 2702 309 2761 iure
331 2699 446 2760 divino.

219 2783 300 2844 Haec
322 2785 384 2843 sint
405 2782 487 2843 dicta
509 2798 566 2861 pro
587 2781 647 2841 ista
668 2781 878 2859 conclusione,
903 2800 994 2861 quam
1017 2797 1077 2862 ego

189 2884 253 2946 sque
273 2865 369 2927 hodie
390 2865 581 2926 verissimam
604 2863 709 2942 credo,
732 2865 794 2924 imo
818 2872 901 2925 certe
922 2865 997 2942 scio,
1020 2882 1078 2923 nec

187 2967 256 3027 pero,
280 2968 375 3029 posse
398 2967 465 3009 eam
487 2965 621 3026 unquam
644 2947 787 3008 convelli.
810 2946 913 3021 Quare
940 2965 1017 3028 rogo
1040 2946 1078 3006 l).

187 3039 198 3093 l.
218 3033 383 3113 egregium,
407 3050 446 3091 ex
469 3049 530 3109 quo
554 3028 667 3110 nullam
691 3028 791 3089 adhuc
812 3029 915 3109 posuit
935 3030 1080 3089 autorita-

187 3132 219 3175 tm
240 3115 334 3175 divini
361 3116 436 3174 iuris
457 3133 513 3195 pro
537 3131 592 3173 sua
613 3113 776 3190 sententia,
798 3113 907 3173 saltem
930 3111 1078 3174 dissolvat

187 3197 277 3278 liquas
300 3198 383 3258 clare
412 3203 443 3258 et
464 3199 531 3257 sina
553 3195 757 3273 diverticulis,
796 3195 912 3274 alioqui
944 3194 1078 3255 nonha-

187 3277 235 3341 lbo
266 3300 336 3341 aum
369 3298 426 3360 pro
454 3285 538 3342 recte
567 3279 718 3339 sentiente
746 3277 785 3338 de
807 3277 970 3358 scripturis
992 3278 1079 3338 theo·
1107 3323 1111 3330 .

187 3380 240 3444 ego,
263 3372 293 3424 et
310 3363 461 3442 relinquo,
483 3364 545 3423 imo
567 3362 666 3422 refero
689 3361 727 3422 ad
749 3360 894 3421 iudicium
916 3378 978 3421 uon
1000 3362 1076 3421 inri-

188 3447 229 3506 iae
257 3466 358 3526 neque
380 3446 480 3526 vulgi,
516 3444 571 3506 sed
599 3443 838 3506 ordinandorum
860 3443 1022 3520 iudicum,
1048 3452 1079 3504 et

187 3529 318 3626 uiuslibet
377 3529 536 3612 prudentis
586 3529 711 3589 lectoris
760 3526 943 3607 candidique
993 3525 1077 3587 audl-

187 3629 243 3673 ons.
