2709 4417
264 357 326 426 172
443 360 637 433 Disputatio
658 363 763 432 lipsiae
781 365 916 421 babita‘a.
933 362 1001 436 xlx

939 471 953 516 l

344 547 433 623 Quod
457 567 640 610 consensum
663 550 832 629 principum
861 549 925 610 dixi
953 570 1011 632 pro
1034 557 1159 634 passagio

263 637 294 692 et
316 633 456 692 cruciatis
489 651 648 692 asumma
670 633 819 694 Pontifine
847 633 1055 732 indulgentias
1084 636 1163 711 datas,

264 714 429 794 respondet
451 734 555 812 perum
579 715 745 791 conficere,
775 718 801 776 si
827 717 879 776 hic
905 719 1101 778 erraverint'
1092 739 1122 778 m
1138 741 1162 782 re

263 797 347 858 nihili
356 799 472 877 ,quasi
492 798 569 863 nihil
591 810 682 869 esset
706 799 816 882 Christi
839 799 946 860 fideles
969 800 1126 880 decipere
1142 813 1164 864 et

229 920 232 930 -
263 881 436 940 unanimem
459 880 700 941 Christianorum
722 883 891 961 principum
920 889 951 943 et
979 903 1087 964 regum
1108 903 1163 945 cen·

264 981 386 1024 sensum
409 966 438 1024 in
462 970 524 1023 tam
547 963 688 1024 fallacem
711 964 897 1026 descendere
908 964 1047 1026 fidelium
1072 967 1161 1048 decep

264 1047 389 1107 tionem.

347 1130 522 1204 Praeterea,
548 1130 672 1206 nullum,
695 1131 760 1207 ait‚·
777 1149 845 1191 esse
868 1132 1033 1192 Decretum
1059 1151 1163 1212 expres-

263 1232 329 1272 sum
352 1213 517 1273 stolarum
540 1233 632 1292 super
652 1213 867 1311 indulgentiis
882 1213 1017 1294 Oppono
1033 1216 1060 1274 ei
1082 1215 1163 1276 decla

264 1297 411 1355 rationem
436 1295 596 1373 Sixtinam,
618 1297 676 1356 et
669 1316 729 1356 ram
753 1298 919 1357 novissime
940 1297 1164 1377 declarationem
1189 1324 1191 1328 ·

209 1384 214 1390 '
264 1377 402 1438 moderni
424 1377 591 1454 Pontifieis,
614 1377 664 1438 ubi
684 1379 791 1457 inquit,
813 1380 984 1440 Romanam
1008 1380 1163 1461 ecclesiam,

263 1479 353 1540 quam
388 1460 523 1540 reliquae
560 1467 704 1539 tauquam
741 1468 868 1521 matrem
901 1465 1016 1542 sequi
1030 1472 1165 1539 tenentur,

168 1546 171 1553 '
264 1543 424 1603 tradidisse
445 1545 616 1604 Romanum
631 1543 812 1604 Pontificem
833 1545 914 1605 Petri
938 1546 1093 1625 Clavigeri
1113 1566 1165 1606 suc

262 1626 586 1703 eess01·etem,etJesu
606 1626 753 1686 Christi'
745 1647 777 1686 m
810 1629 895 1688 terris
924 1630 1072 1689 vicarium
1094 1636 1165 1707 pete-

262 1715 370 1770 statem
394 1710 545 1786 clavium,
571 1728 702 1789 quarum
726 1715 773 1769 est
793 1711 911 1790 aperire
938 1710 1078 1772 tollendo
1098 1710 1167 1772 illius

261 1792 424 1852 inChristo
449 1791 589 1852 fidelibus
613 1791 843 1872 impedimenta,
864 1793 987 1872 eulpam
1011 1793 1126 1854 scilicet
1143 1801 1169 1853 et

261 1895 393 1956 poenam
421 1893 476 1955 pro
507 1875 641 1954 peccatis
671 1875 840 1936 actualibus
863 1875 1007 1938 deletam.
1050 1875 1169 1955 Culpam

263 1958 396 2037 quidem,
418 1957 572 2018 mediante
594 1967 786 2018 sacramento
803 1960 1025 2038 poenitentiae,
1047 1978 1170 2038 poenam

262 2060 335 2102 vero
358 2040 558 2120 temporalem
581 2042 793 2121 propeccatis
816 2041 987 2102 actualibus
1009 2041 1170 2101 secundum

260 2123 393 2184 divinam
420 2124 565 2184 iustitiam
590 2123 740 2197 debitam,
775 2124 930 2183 mediante
965 2124 1172 2185 ecclesiastica

257 2205 449 2287 indulgentia
470 2225 562 2285 posse
593 2225 648 2284 pro
680 2206 913 2267 rationabilibus
936 2207 1036 2267 causis
1061 2205 1171 2266 eisdem

259 2288 368 2349 christi
392 2288 541 2360 fidelibus,
565 2290 616 2366 qui
638 2289 765 2348 caritate
786 2290 933 2370 iungeute
954 2297 1026 2348 sunt
1041 2287 1173 2349 membra

259 2372 379 2449 Christi,
402 2373 514 2430 sivein
537 2370 596 2430 hac
617 2372 695 2448 vita,
717 2373 783 2431 sive
805 2373 837 2431 in
859 2374 1053 2452 purgatorio,
1082 2372 1172 2431 indul-

156 2492 160 2503 «
278 2455 374 2515 entiae
408 2474 447 2514 ex
480 2453 760 2533 superabundantia
792 2457 967 2515 meritorum
998 2455 1110 2515 Christi
1145 2461 1173 2514 et

256 2474 454 2614 bandorum,
462 2538 514 2596 'et
538 2542 600 2595 tam
621 2556 677 2617 pro
701 2538 799 2613 vivis,
826 2556 915 2615 quam
944 2556 999 2616 prc
1023 2536 1172 2598 detirnctis

210 2653 213 2658 ·
257 2619 429 2698 apostoliea
450 2620 613 2679 autoritate
633 2619 856 2700 indulgentiam
878 2620 1091 2698 concedendo,
1111 2621 1171 2680 the·

175 2768 179 2775 ,
258 2720 378 2762 esurum
402 2702 576 2779 meritorum
599 2701 710 2762 Christi
742 2708 772 2764 et
760 2702 973 2763 tSanctorum
996 2702 1173 2784 dispensare

258 2790 318 2847 etc
361 2783 419 2845 Ubi
442 2784 524 2844 clere
548 2784 730 2845 determinat
751 2804 820 2845 cum
842 2785 1056 2864 sequentibus,
1079 2785 1173 2845 indul-

258 2869 377 2949 gentius
400 2886 462 2927 uon
476 2886 543 2927 esse
568 2869 764 2928 remissiones
787 2868 936 2929 bonorum
960 2888 1099 2948 operum,
1122 2868 1174 2928 sed

257 2951 454 3012 remissiones
487 2969 672 3031 poenarum,
716 2968 794 3029 quae
829 2950 882 3010 liat
921 2953 1174 3031 compensatione

257 3033 340 3095 facta
362 3034 536 3093 meritorum
559 3032 677 3093 Christi.

292 3130 295 3136 ·
339 3115 379 3176 Et
400 3115 482 3194 quod
503 3114 729 3192 ratiocinabor,
758 3115 919 3176 ecclesiam
948 3122 995 3175 tot
1016 3118 1106 3175 aunis
1129 3125 1172 3175 to·

257 3204 317 3259 tam
341 3219 402 3260 non
426 3218 544 3258 errasse
555 3196 762 3277 ,t‚1·espoudi
795 3217 858 3258 non
880 3201 976 3258 totam
1008 3198 1169 3259 ecelesiam

257 3300 384 3359 errasse,
405 3283 478 3361 quia
499 3300 621 3361 semper
641 3280 888 3354 interealuerint,
910 3280 1019 3360 quibus
1041 3281 1104 3341 hoe
1124 3301 1171 3340 ue·

257 3366 375 3445 gotium
399 3365 488 3423 fuerit
476 3369 693 3507 tsuepect.um
735 3363 814 3422 Hine
834 3363 991 3444 vulgatum
1013 3363 1102 3423 illud:
1128 3364 1171 3423 ln·
1175 3414 1196 3433 ,

257 3446 433 3527 dulgentiae
455 3453 526 3507 sunt
547 3448 616 3526 piae
639 3446 838 3542 deceptiones
853 3444 998 3508 fidelium.
1019 3447 1069 3505 Ad
1093 3445 1170 3525 quod

258 3529 343 3589 dico:
373 3529 504 3625 Quando
534 3530 661 3589 alicuius
683 3530 726 3589 rei
754 3528 966 3590 habendat
918 3534 966 3589 est
986 3530 1083 3607 ratio,
1111 3548 1169 3588 non

257 3612 337 3692 quod
361 3615 488 3690 quisque
511 3611 592 3672 dicet
580 3620 606 3689 ι,
629 3611 682 3671 sed
706 3610 788 3690 quod
809 3612 898 3686 boni,
921 3610 1026 3690 docti,
1050 3611 1169 3672 honesti

248 3702 285 3756 et
294 3696 404 3777 optimi
415 3700 564 3779 statuunt,
573 3694 762 3757 audiendum
768 3693 1168 3767 estibuotltenimtuerunt

216 3900 226 3948 ι’
260 3889 296 3954 1)
311 3847 354 3945 in
375 3890 426 3947 cd.
447 3892 516 3947 len.
537 3899 566 3946 et
588 3887 671 3960 apud
691 3883 831 3939 bosean:
851 3874 943 3944 quod.
