2709 4417
395 382 398 387 ·
442 346 501 399 suis
519 346 626 414 liipaise
643 343 790 414 dirpnuris
809 359 836 397 a.
854 342 924 397 ΧΙΧ.
1067 334 1131 405 266

207 537 487 613 quantumcunque
519 531 681 606 laudabili,
713 533 739 594 si
772 538 892 593 remota
922 527 1131 592 misericordia
1182 514 1186 526 x

205 613 367 676 iudioetur.
403 616 482 692 Quid
504 617 563 694 hie,
584 634 711 695 quaeso,
732 617 883 695 sequitur:
904 615 1017 675 Nonne
1038 632 1131 674 omne

207 705 372 777 peooatum
397 719 467 760 esse
486 700 611 761 omnino
634 699 764 760 mortale
785 719 825 760 ex
841 705 949 759 natura
969 716 1041 771 sua,
1063 695 1130 756 sola

182 787 313 841 -autem
337 782 548 843 misericordia
567 783 624 843 Dei
645 782 786 843 veniale?
819 782 887 842 Neo
913 781 1020 840 mirum
1045 798 1131 854 sene,

210 865 282 943 quia
318 884 412 925 omne
446 872 606 946 peooatum
641 873 690 926 est
718 872 825 927 eontra
858 866 958 945 legem
980 863 1047 925 Dei.
1091 861 1132 922 At

211 953 322 1007 eontra
342 947 447 1028 legem
467 949 524 1010 Dei
547 967 625 1025 esse,
647 950 707 1008 iam
724 949 937 1028 gravissimum
960 952 1016 1024 est,
1037 964 1131 1025 quan·

212 1036 273 1089 tum
297 1031 329 1090 in
353 1031 423 1111 ipso
453 1038 508 1092 est.
552 1030 688 1092 Necesse
722 1041 769 1092 est
790 1032 872 1092 enim
904 1035 1052 1111 perpetuo
1086 1046 1132 1090 ss·

213 1115 312 1193 parari
334 1133 354 1172 a
377 1112 461 1191 Deo,
494 1114 638 1194 quidquid
661 1113 940 1199 quomodoeunque
962 1119 1070 1174 oontru
1091 1111 1131 1172 le·

213 1215 280 1275 gem
304 1196 364 1257 Dei
387 1204 451 1276 est,
487 1217 555 1257 oum
577 1198 652 1257 nihil
673 1199 865 1277 inquinatum
895 1198 1072 1257 intraturum
1094 1194 1134 1255 sit
1191 1214 1195 1223 ·

214 1280 242 1337 in
276 1274 409 1359 regnum
443 1281 609 1341 coelorum.
651 1280 771 1341 Deinde
793 1298 861 1340 oum
896 1299 954 1340 noo
985 1298 1066 1358 apex
1093 1277 1134 1339 rit

217 1363 437 1440 praeteriturus
460 1382 479 1423 a
501 1363 585 1444 legs,
607 1365 659 1443 qui
682 1383 743 1423 non
766 1363 834 1441 liet,
856 1381 985 1423 neoesse
1006 1367 1054 1422 est
1074 1378 1133 1421 neo

216 1444 337 1505 veniale
361 1446 485 1524 quidem
507 1452 667 1526 peooatum
686 1466 854 1507 remanere.
896 1445 1029 1523 Eloquia
1050 1443 1131 1504 enim

217 1527 340 1587 Domini
364 1536 461 1599 easta,
483 1536 657 1609 argentum,
679 1531 751 1610 igne
772 1530 950 1609 probatum,
972 1533 1133 1608 purgatum

219 1610 407 1690 septuplum.
450 1611 623 1691 ltnpurum
647 1632 716 1673 esse
738 1613 899 1692 oportebit¹
914 1619 945 1671 et
965 1610 1133 1682 hominem,

217 1692 331 1836 pliorpui
350 1692 384 1771 ¹)
409 1694 514 1756 salvus
535 1714 597 1756 non
620 1695 692 1772 erit,
727 1703 780 1756 aut
800 1715 881 1776 apex
903 1712 984 1754 unus
1001 1699 1133 1772 praeter·

216 1776 266 1836 iit
305 1783 329 1847 )’.

178 1910 185 1919 .
296 1857 457 1933 Quooiroa
477 1861 581 1940 gravis
603 1867 755 1922 errorent
776 1862 884 1922 iterum
907 1858 1133 1937 theologorum,

216 1950 383 2019 peecatum
408 1942 528 2004 veniale
548 1946 669 2023 penitus
690 1944 763 2003 nihil
781 1943 965 2019 ementium,
989 1949 1020 2001 et
1062 1940 1133 1999 arri-

213 2025 351 2100 euthrm,
373 2025 456 2103 quod
480 2025 600 2086 veniale
643 2034 781 2087 eooatum
803 2026 901 2086 Deum
923 2044 985 2085 non
1008 1960 1136 2084 oflssendir

212 2113 264 2166 eut
290 2107 396 2167 solum
410 2108 602 2169 venialitero
626 2109 718 2169 ondit
762 2108 794 2170 ei
816 2115 877 2168 tam
895 2109 970 2168 levis
992 2105 1133 2181 offensio,

211 2207 266 2248 our
287 2191 388 2250 iustus
410 2191 461 2250 vix
476 2189 578 2251 salvus
601 2191 677 2252 erit?
699 2208 753 2251 our
764 2210 826 2253 non
840 2192 969 2251 sustinet
988 2188 1132 2249 indicium

210 2272 282 2349 Dei,
305 2280 342 2334 et
363 2272 521 2333 iustificari
542 2276 639 2334 iustus
662 2293 723 2335 non
739 2274 860 2354 potest?
881 2273 942 2333 Gur
963 2279 1024 2332 tam
1039 2270 1132 2346 serio,

207 2362 240 2414 et
270 2374 336 2415 non
370 2356 532 2417 venialiter
563 2376 621 2417 neo
651 2358 818 2437 improprie
857 2375 945 2417 orare
978 2354 1131 2434 regimur:

206 2437 340 2498 Dimitte
363 2438 452 2499 nobis
474 2438 577 2500 debita
599 2447 721 2515 nostra,
744 2448 788 2499 et:
811 2439 878 2499 Fiat
906 2437 1048 2498 voluntas
1070 2442 1133 2511 tna,

207 2520 359 2581 adveniat
381 2540 509 2601 regnum
532 2532 631 2599 tuum,
663 2521 870 2582 sanetifioetur
892 2539 1004 2582 nomeu
1027 2516 1132 2579 tuum?

207 2603 325 2664 Nonne
346 2611 476 2682 spparet
496 2604 555 2665 hos
573 2605 778 2685 theologistas
791 2607 920 2685 primurn
936 2603 1133 2681 exstinguere

208 2673 354 2747 timorem
367 2687 424 2746 Dei
446 2689 477 2746 in
491 2687 676 2762 hominibus,
698 2687 810 2748 deinde
822 2687 965 2767 pulvillos
987 2692 1019 2745 et
1037 2684 1130 2744 eervi-

209 2769 291 2829 oulia
313 2768 371 2829 sub
402 2770 544 2829 manibus
578 2779 610 2830 et
629 2771 781 2850 capitibus
805 2786 1063 2847 cormponere,
1101 2772 1133 2827 ut

210 2852 361 2912 Exeohiel
398 2851 490 2925 diost,
521 2872 560 2912 ao
587 2855 745 2914 orationes
767 2872 874 2913 eorum
896 2852 1067 2927 remittere,
1101 2856 1134 2909 et

210 2933 357 3012 Spiritum
379 2924 596 3015 exstinguere?
631 2933 701 2997 Non
731 2945 780 2996 est
800 2954 849 2995 res
872 2934 949 2994 levis
981 2931 1133 2992 momenti

210 3015 332 3087 (dieunt
353 3015 427 3096 quid
449 3017 560 3085 velint)
582 3017 643 3121 legi
676 3027 709 3079 et
731 3018 880 3079 voluntati
915 3015 1040 3075 divinae
1081 3013 1130 3073 rel

210 3119 272 3159 nno
294 3099 361 3178 pilo
383 3099 556 3160 dissentire.
599 3100 665 3159 lieo
686 3121 736 3161 res
758 3110 804 3161 est
826 3100 902 3160 levis
917 3096 1133 3157 misericordis

210 3181 325 3258 divina,
347 3200 429 3260 qnae
449 3183 570 3242 veniale
591 3184 732 3262 ignoscit.
775 3183 822 3243 lta
842 3182 884 3242 illi
907 3181 1006 3262 legem
1029 3189 1060 3239 et
1080 3198 1132 3239 vo·

211 3264 361 3324 luntetsn
383 3283 421 3324 ao
445 3265 684 3326 miserioordiam
706 3266 844 3326 divinem
873 3283 971 3344 paene
1000 3283 1056 3342 pro
1086 3262 1130 3341 ig·

153 3365 156 3369 ·
211 3348 303 3405 nuria
323 3345 451 3421 habent,
472 3365 515 3406 ue
535 3347 654 3407 ferveat
673 3351 791 3423 oratio,
813 3368 891 3409 neve
913 3346 1020 3407 ardeat
1041 3344 1131 3421 grati·

210 3427 282 3488 tudo
312 3429 475 3491 iustorum.
517 3430 722 3491 Attendamus
750 3451 825 3511 ergo
853 3451 873 3490 a
900 3430 1049 3489 fennerno
1071 3427 1130 3485 islo

212 3511 396 3589 pharisaioo.

291 3593 348 3652 llis
367 3594 491 3652 interim
521 3595 710 3655 murinorum
741 3604 807 3671 εει,
838 3593 1002 3654 smmum
1026 3608 1131 3650 aemm-

235 3765 269 3814 ll
288 3762 321 3812 ln
340 3763 652 3836 &longanimum
671 3767 703 3822 2·
718 3766 808 3822 lirim:
828 3769 898 3839 quie
914 3774 1148 3837 spasmum

186 3832 358 3890 praeteribit
