2709 4417
250 345 313 409 144
466 345 621 415 Disputatio
640 345 748 414 Lipsiae
766 345 859 399 habita
877 360 903 400 a.
925 344 984 397 xlx
1098 407 1101 413 ,

254 535 362 594 laetari
385 539 416 593 et
436 531 589 613 gaudere,
616 533 678 592 imo
701 534 855 593 canticum
876 550 991 593 novum
1014 537 1062 592 est
1081 536 1159 595 canti
1191 524 1215 569 Γ

180 652 185 667 .
254 636 322 678 curn
344 617 456 695 crucis,
489 617 550 677 hoc
571 623 634 693 est,
673 615 798 676 laudare
828 622 859 676 et
880 623 1004 695 portare
1024 615 1119 676 Deum
1134 619 1159 679 in
1194 612 1201 649 ²

255 699 363 760 mediis
386 698 630 760 tribulationibus
653 707 746 778 atque
768 698 849 760 adeo
871 701 903 758 in
926 706 1035 760 morte.
1200 706 1209 711 '

338 780 427 857 Quod
451 784 540 843 tertio
562 779 691 842 adduxit
712 800 863 843 canonem
885 783 1019 861 Missae,
1047 781 1097 841 nbi
1116 802 1160 862 pro
1200 812 1206 821 ·

256 865 406 926 defunctis
430 872 552 926 orantes
575 865 721 937 diqimns:
756 865 919 926 Dormiunt
939 866 972 925 in
994 883 1101 925 somno
1120 884 1161 945 pa·

256 950 316 1026 cis,
349 958 380 1009 et
404 950 564 1028 quiescunt
583 949 616 1007 in
638 947 790 1026 Christo,-
809 965 871 1009 non
896 948 995 1027 videt,
1029 957 1063 1008 nt
1093 947 1162 1024 dicit,

255 1032 412 1111 quomodo
435 1033 556 1112 possint
576 1031 636 1091 dici
663 1031 797 1092 dormire
825 1033 855 1091 in
878 1049 991 1092 somno
1017 1032 1115 1110 pacis,
1142 1033 1163 1091 si

255 1116 317 1175 sint
345 1117 376 1174 in
412 1115 466 1174 tali
496 1113 685 1192 turbatione,
727 1121 860 1175 tremore
901 1122 933 1175 et
968 1112 1164 1193 inquietudine

256 1199 398 1258 maxima.
421 1197 494 1258 ldeo
516 1199 721 1277 interpretans
742 1198 823 1257 hanc
834 1199 968 1278 quietem
989 1199 1079 1278 pacis.
1095 1196 1164 1276 diu‘t,

257 1279 340 1361 quod
362 1288 543 1361 exspectant
564 1300 670 1341 secure
692 1282 854 1341 terminum
882 1300 957 1341 snae
978 1280 1167 1360 purgationis:

256 1364 459 1443 Respondeo:
482 1363 553 1424 Non
575 1365 724 1424 satisfacit
734 1364 808 1423 milri
819 1364 898 1424 haec
906 1364 1023 1445 glossa,
1046 1370 1077 1424 et
1096 1361 1166 1424 iden

258 1466 313 1528 per
333 1446 415 1507 idem
438 1447 592 1527 probatur.
635 1447 714 1507 Nam
742 1464 888 1507 essaeos
911 1448 1089 1526 inquietos,
1109 1464 1167 1525 pro·

258 1529 311 1591 bet
341 1529 372 1590 id
400 1530 482 1609 quod
514 1531 651 1609 seqnitur
680 1531 711 1588 in
746 1529 887 1590 Canons:
923 1530 1016 1609 lpsis,
1039 1530 1168 1607 Domina,

259 1619 290 1673 et
311 1614 451 1674 omnibus
471 1614 501 1672 in
525 1613 644 1674 Christo
667 1612 911 1690 quiescentibus,
933 1612 1037 1673 locum
1059 1610 1169 1692 resrigs

259 1697 294 1756 rii
315 1695 392 1756 lucis
414 1703 446 1757 et
461 1697 546 1776 pacis
567 1695 703 1776 indulge,
727 1702 759 1756 et
778 1695 863 1775 illud,
885 1694 969 1775 quod
984 1712 1092 1756 omnes
1113 1713 1170 1756 ors·

260 1798 344 1839 mus:
371 1779 519 1859 Requiem
541 1787 698 1856 aeterpam
720 1779 804 1838 dona
824 1779 879 1858 eis,
901 1780 1045 1839 Domine.
1089 1778 1169 1838 ltem:

259 1861 349 1923 Dona
366 1863 410 1922 eis
433 1881 550 1942 pacem,
568 1861 651 1943 quod
669 1880 732 1921 non
745 1867 849 1942 potest
860 1861 1001 1942 intelligi,
1023 1860 1105 1922 dona
1124 1861 1181 1940 eis,-

259 1952 440 2024 exspectare
466 1964 573 2005 secure
594 1946 755 2006 terminum
779 1964 853 2005 suae
874 1945 1077 2026 purgationis,
1098 1941 1169 2024 quod

261 2028 297 2087 D.
325 2028 361 2090 D.
383 2030 598 2109 interpretatus
620 2035 667 2088 est
690 2047 759 2088 esse
780 2046 898 2108 pacem.
946 2029 1074 2089 Rectius
1093 2028 1169 2108 'ergo

261 2130 331 2171 meo
362 2110 476 2171 iudicio
510 2113 706 2192 requiescunt
724 2112 756 2170 in
787 2131 885 2191 pace,
924 2111 1027 2190 quoad
1060 2128 1097 2171 co
1132 2128 1168 2171 us.
1210 2104 1214 2161 l

261 2191 401 2255 Dormire
437 2196 517 2254 enim
546 2197 577 2255 in
599 2196 693 2255 sacris
722 2195 817 2255 literis
838 2196 871 2254 in
892 2213 991 2275 pace,
1030 2194 1107 2274 sign'
1128 2198 1169 2253 at
1208 2204 1214 2243 ἰ

260 2278 419 2356 quiescere
442 2278 474 2337 in
496 2278 646 2358 sepulcro.
691 2277 731 2337 nt
751 2279 796 2338 sic
818 2285 912 2357 patet,
934 2276 1017 2358 quod
1041 2277 1167 2357 egregins
1205 2286 1215 2325 ἔ

261 2359 299 2421 D.
323 2360 358 2420 D.
396 2379 457 2421 non
481 2361 623 2440 probavit
644 2361 803 2421 scientiam
825 2361 932 2420 salutis
955 2379 1085 2438 eornm,
1115 2362 1166 2418 imo
1204 2400 1214 2407 -

261 2442 491 2589 quodammodo
515 2445 595 2505 tollit
615 2463 734 2524 poenas
757 2445 948 2524 purgatorii,¹
971 2443 1044 2505 dum
1067 2445 1109 2503 eis
1127 2442 1166 2502 tri-

287 2528 331 2587 uit
352 2546 469 2606 pacem.

581 2714 584 2721 '
650 2707 802 2768 Decius.
897 2787 899 2791 Ι

348 2857 427 2933 Quia
441 2858 530 2918 nobis
553 2860 750 2920 constitutum
764 2866 812 2919 est
833 2863 949 2918 arctum
974 2867 1093 2939 tempus
1104 2860 1169 2919 hanc

264 2943 423 3001 materiam
444 2941 538 3000 hodie
567 2940 709 3020 finiendi,
738 2949 771 3001 ut
792 2960 849 3021 pro
872 2940 1019 3019 qualitate
1041 2943 1168 3003 materiae

223 3096 228 3111 Ι
264 3024 434 3085 solutiones
448 3023 533 3083 nihili
554 3025 685 3086 refutare
706 3045 769 3085 non
790 3025 916 3105 possim,
938 3032 970 3086 et
991 3026 1054 3087 alia
1073 3032 1170 3107 punctu

264 3108 432 3188 purgatorii
460 3109 624 3188 attingere,
652 3109 784 3187 paucula
812 3107 963 3186 quaedam
984 3109 1123 3187 afferam,
1146 3116 1171 3167 ut

264 3191 355 3252 facile
383 3198 568 3270 agnoscatur
594 3192 709 3251 vitasse
742 3190 942 3251 reverendum
968 3191 1090 3253 Patrem
1122 3210 1171 3250 nu·

265 3277 359 3334 toriae
381 3280 504 3334 nostrae
528 3273 713 3352 medullam,
735 3282 767 3335 et
788 3275 967 3335 diverticula
988 3276 1172 3356 quaesivisse.

266 3357 354 3418 Unde
376 3356 473 3436 primo
495 3376 563 3416 cum
575 3358 747 3438 Augustino
769 3356 915 3417 dixissem
939 3358 990 3438 ¹),
1013 3377 1105 3420 omne
1123 3376 1174 3417 ms

266 3441 355 3501 ritum
377 3440 427 3500 hic
448 3448 659 3521 comparatur,
683 3450 713 3501 et
735 3441 818 3521 quod
839 3460 932 3501 namo
954 3449 1073 3522 speret,
1105 3439 1173 3521 quod

267 3523 317 3583 hic
343 3524 500 3604 neglexit,
535 3543 601 3583 cnm
624 3524 750 3598 obierit,
778 3523 860 3603 apud
881 3524 979 3584 Deum
1012 3524 1174 3605 promereri.

267 3606 411 3668 Similiter
432 3614 463 3668 et
484 3607 687 3688 Hieronymus
710 3608 801 3686 dicit,
836 3626 870 3668 se
897 3615 1059 3688 utrumque
1080 3624 1175 3670 conce

279 3862 314 3932 1)
337 3864 370 3918 ln
392 3865 440 3921 ad.
460 3867 593 3938 origin}
619 3861 820 3916 induxissem.
859 3848 862 3854 '
