2709 4417
431 354 501 408 lllll.
520 353 554 406 de
575 359 713 422 potestate
726 351 827 422 Papae.
1008 348 1074 418 361

199 533 242 611 gni
264 532 342 594 flant
364 537 421 596 heo
431 536 584 596 Deoretali
598 535 779 600 Christiani:
802 535 908 612 Qualis
921 535 983 614 lex,
1005 534 1075 598 talia

207 617 356 695 populus.

239 698 300 758 Ubi
339 719 411 780 ergo
447 701 591 780 manebit,
625 700 707 781 quod
741 703 770 760 in
805 701 963 779 omnibus,
997 721 1074 781 quae

199 788 309 841 oentur
330 784 360 841 in
383 785 477 843 saeris
499 784 603 861 literis,
626 792 749 864 oportet
771 786 885 864 primos
908 803 977 846 osse
998 803 1073 865 pon·

199 881 271 940 ees,
296 872 327 924 et
349 866 447 926 luoem
472 868 591 944 mundi,
614 875 647 927 ut
666 868 830 927 videantur
851 887 956 928 eorum
979 886 1075 948 opera

214 946 413 1008 hominibus?
456 948 546 1028 Quid,
568 952 593 1009 ei
615 949 727 1010 subditi
751 949 867 1011 dioaat:
901 949 992 1010 Aliud
1018 969 1075 1010 neo

199 1048 258 1088 ere
282 1049 341 1090 neo
370 1031 482 1092 debere
513 1052 692 1112 possumus,
725 1051 815 1112 quam
849 1053 869 1093 a
900 1034 1074 1113 pastoribus

199 1114 271 1171 stris
294 1113 358 1173 lieri
388 1113 545 1175 videmus?
588 1116 645 1176 Ubi
682 1123 754 1175 tuna
783 1116 918 1176 manebit
949 1115 1074 1176 verbum

199 1195 260 1254 tri?
295 1195 345 1256 ubi
372 1203 445 1256 tuno
466 1217 571 1258 eorum
594 1217 737 1278 persona,
759 1197 798 1258 ad
821 1216 898 1277 quoe
921 1198 1074 1279 loquitur?

199 1278 291 1338 lando
315 1279 427 1340 subditi
449 1283 595 1341 maiorem
619 1300 742 1340 oausam
774 1281 888 1342 habent
912 1280 987 1341 illud
1009 1283 1074 1342 reii-

199 1359 270 1439 endi,
294 1380 332 1422 eo
354 1364 439 1442 ipso,
463 1383 522 1442 quo
545 1363 665 1440 vident,
687 1365 786 1442 ipsum
810 1383 872 1424 non
896 1363 989 1424 modo
1012 1382 1074 1425 noo

199 1445 294 1522 rvari,
322 1444 377 1504 sed
408 1447 498 1505 etiam
523 1447 606 1506 reiioi
630 1445 668 1506 ab
692 1448 745 1524 iis,
780 1464 907 1525 quorum
931 1447 1074 1528 exemplo

199 1545 264 1585 rere
288 1525 410 1588 debent.
453 1529 512 1587 Vix
541 1548 591 1588 me
620 1531 780 1596 contineo,
813 1549 851 1589 ne
882 1529 1074 1591 Decretalem

199 1627 238 1667 no
265 1610 478 1690 impiissimam
514 1619 545 1672 et
575 1612 835 1693 perversissimam
865 1611 963 1672 dicam
999 1612 1075 1673 blaa·

201 1710 322 1754 amram.

240 1773 301 1834 Sed
335 1776 395 1835 iam
427 1778 552 1856 cognita
573 1784 605 1837 et
625 1796 760 1856 persona
781 1776 934 1856 loquentis
968 1785 999 1838 et
1025 1797 1074 1839 au·

199 1858 270 1916 antis
312 1865 343 1916 et
376 1860 406 1917 vi
440 1859 620 1937 locutionis,
655 1878 889 1940 prosequamur,
917 1860 1074 1940 quomodo

199 1958 233 1998 eo
256 1949 462 2019 exsequatur:
988 2014 990 2021 ,

238 2021 318 2081 Nam
340 2025 365 2082 si
387 2044 443 2104 per
469 2025 545 2101 hoa,
578 2024 659 2104 quod
693 2024 787 2102 dixit,
821 2024 938 2085 Subditi
965 2032 1075 2106 estole,

199 2105 369 2165 aerdotibus
403 2107 501 2167 voluit
532 2109 635 2188 iugum
676 2107 875 2167 subiectionis
905 2109 1074 2188 imponere,
1154 2170 1159 2185 ,

208 2189 274 2247 eius
296 2190 497 2267 praelationis
521 2192 714 2250 autoritatem
738 2191 865 2267 auferre,
888 2192 995 2270 quibus
1018 2210 1074 2253 eoo

199 2271 312 2331 oiealos
336 2291 406 2332 esse
429 2273 589 2349 monebat,
618 2282 862 2352 sequeretur-ex
890 2274 1073 2352 boeotiam,

199 2352 238 2412 od
262 2373 370 2414 servus
401 2355 531 2434 quilibet
556 2357 586 2414 in
609 2356 786 2415 saeerdotes
807 2357 966 2436 imperium
989 2375 1074 2419 aeae

199 2443 263 2511 rset,
286 2455 355 2496 eum
379 2438 505 2512 dicatur,
529 2440 610 2498 omni
632 2438 784 2498 humanae
807 2447 973 2504 creaturae.

238 2517 340 2592 Quam
362 2540 499 2581 amarum
521 2519 657 2595 verbum,
677 2521 796 2583 Subditi
812 2531 921 2598 estote,
944 2518 1076 2584 undeet

199 2602 276 2679 retii,
300 2620 392 2680 quam
414 2612 518 2684 potest
539 2604 687 2681 odiosius,
708 2605 868 2683 appellans
885 2608 987 2684 iugum
1006 2605 1074 2666 sub·

199 2685 314 2760 tionis,
348 2695 456 2746 eontra
476 2688 670 2747 autoritatem
695 2688 908 2766 praelationis,
941 2696 973 2747 et
994 2690 1074 2749 servi

199 2769 317 2844 perium
343 2768 426 2828 velut
453 2769 625 2848 querelans.
670 2770 805 2844 Deinde,
837 2770 984 2831 mouebat
1012 2770 1074 2853 (iu-

199 2851 237 2927 it)
273 2851 444 2911 exhorrens
467 2854 622 2931 praeeepli
652 2853 850 2927 vocabulum,
882 2853 965 2913 aliud
999 2854 1073 2915 nihil

199 2951 293 3009 rans,
326 2953 419 3012 quam
450 2955 488 2993 ne
509 2945 639 3014 cogatur
659 2936 787 2995 subesse
820 2936 872 2995 ulli
906 2937 1075 3016 hominum,

199 3014 209 3072 l
233 3022 267 3074 ut
289 3016 383 3076 liceat
404 3019 545 3077 omnibns
568 3038 721 3096 praeesse,
744 3027 796 3078 aut
810 3019 929 3095 saltem,
952 3029 985 3080 ut
1002 3039 1074 3082 wn-

199 3103 256 3156 lum
280 3119 320 3157 ex
343 3109 507 3179 praecepto
530 3102 630 3160 faeiat

238 3181 340 3255 Quale
361 3193 464 3242 autem
486 3194 534 3242 est
554 3185 791 3243 inoonreoiens:
827 3184 903 3243 Esse
933 3185 1074 3245 sacerdo·

199 3284 215 3322 n
245 3264 418 3324 subiectum
452 3267 563 3325 servo?
611 3266 721 3325 Nonne
743 3267 880 3326 Christus
912 3269 942 3326 in
973 3267 1074 3326 medio

199 3348 295 3406 mium
319 3349 404 3407 venit
426 3349 606 3421 ministrari,
627 3358 659 3408 et
679 3350 807 3409 soranam
830 3351 911 3408 servi
933 3351 1075 3428 aceepit?

199 3453 202 3488 ι
234 3430 316 3490 haee
343 3434 525 3509 provooatio
556 3432 597 3489 ad
630 3434 769 3490 moritum
799 3431 976 3491 humilitatis
1011 3450 1075 3491 non

199 3514 275 3572 iod
299 3513 440 3573 subditos
451 3514 563 3573 Christi
584 3517 726 3594 pertinet,
748 3515 835 3572 euius
848 3515 979 3573 Romani
1000 3533 1076 3593 pon-

199 3615 253 3655 oes
278 3597 390 3655 nolunt
410 3616 479 3656 esse
507 3596 640 3656 subditi?
683 3597 821 3656 Christus
852 3598 940 3656 iussit
974 3598 1076 3657 navim

199 3699 233 3738 ro
257 3680 333 3739 loeo
355 3679 480 3755 sedere,
500 3688 532 3739 et
553 3681 659 3739 Palm
681 3699 789 3738 omnes
817 3678 902 3738 iubet
921 3680 1077 3740 induam

199 3762 371 3835 militatem,
409 3770 443 3820 et
466 3763 597 3823 Paulus:
630 3762 816 3844 &periotes
847 3763 988 3823 invium
1004 3761 1084 3822 aaa

199 3848 268 3916 stes,
291 3842 469 3904 auom
486 3850 762 3929 praevenientes,
790 3867 907 3911 mn
924 3842 1106 3909 haffl-
