2709 4417
454 364 481 412 ot
500 357 683 413 Sacramento
701 359 890 414 eucharistiae.
1075 357 1136 423 421

303 548 406 626 Atque
426 548 503 608 haee
526 548 647 626 quidem
682 548 835 608 confessio
867 553 928 608 tam
964 554 1011 609 est
1034 566 1138 608 neees-

221 631 309 707 saria‚
333 638 366 690 ut
388 631 472 691 nullo
496 631 642 709 temporis
665 637 823 690 momento
846 632 886 692 sit
901 630 1138 706 intermittenda,

221 718 249 770 et
271 712 366 773 debet
394 714 432 773 ad
466 713 545 773 hane
583 714 683 773 omnis
706 713 946 774 Christianorum
976 715 1038 773 vita
1070 734 1139 772 esse.

220 802 409 875 comparata,
432 804 467 855 ut
487 803 635 875 perpetuo
648 796 705 855 Dei
725 797 853 875 gratiam
869 796 1025 874 praedicet
1045 796 1138 868 homo

219 883 247 936 et
282 897 370 937 suam
406 880 499 939 vitam
534 878 614 958 apud
643 879 741 937 Deum
780 886 904 938 aoouset
937 898 974 937 ao
1006 879 1138 938 damnet.

217 959 296 1018 Nam
322 963 348 1020 si
372 962 421 1020 vol
442 961 524 1020 bona
548 981 642 1040 opera
666 962 714 1020 vel
736 961 896 1021 honestam
919 962 1011 1020 vitam
1034 963 1139 1036 iactes,

216 1044 320 1102 statim
346 1042 402 1103 Dei
431 1044 590 1119 iudicium,
620 1043 701 1122 qttod
725 1051 863 1103 neutrum
886 1043 994 1102 horum
1018 1044 1138 1121 patitur,

215 1127 372 1203 sequitur,
397 1145 458 1186 non
481 1133 584 1206 potest
607 1135 707 1186 autem
732 1128 890 1204 quisquam
913 1125 1070 1185 hominum
1094 1128 1137 1185 iu·

215 1207 332 1266 dioium
363 1209 420 1269 Dei
452 1210 541 1271 ferre.
592 1210 642 1268 sia
672 1229 747 1289 eigo
778 1209 856 1268 haec
888 1209 1041 1268 confessio
1075 1207 1138 1268 lieri

214 1290 321 1353 debet.
347 1298 378 1350 ut
400 1294 550 1372 teipsum
575 1294 671 1370 primo
695 1291 832 1366 damnes,
855 1294 886 1350 e't
906 1293 1020 1350 sentias
1045 1298 1139 1360 uento,

215 1383 245 1431 te
271 1382 404 1432 mortem
435 1393 472 1434 ao
500 1382 666 1454 perpet-uos
691 1374 854 1433 inferorum
879 1375 1029 1432 eruciatus
1053 1374 1139 1432 meri·

213 1464 292 1517 tum.
345 1455 434 1530 Quod
473 1460 497 1516 si
526 1457 636 1534 fauiae,
671 1458 838 1516 antevortis
861 1456 974 1529 Deum,
1014 1461 1047 1514 ιιι
1077 1474 1138 1514 non

213 1540 320 1616 possit
342 1546 372 1598 te
394 1539 529 1598 iudicare
552 1546 604 1598 aut
626 1539 787 1610 damnare,
827 1538 881 1597 aad
909 1558 964 1596 suo
990 1540 1087 1616 gratia
1111 1546 1139 1596 te

213 1622 336 1700 exeipit
365 1630 395 1680 et
422 1623 515 1685 lovel.
559 1623 671 1681 Verum
703 1621 740 1680 de
773 1622 830 1679 liae
860 1621 1055 1679 confessione
1090 1620 1140 1678 hio

215 1722 281 1763 non
306 1705 435 1782 agimus.
1070 1724 1075 1736 ··

663 1872 698 1932 ΙΙ.

304 2006 447 2066 Secunda
468 2007 638 2069 confessio,
671 2006 725 2066 illa
752 2004 786 2063 lit
818 2006 855 2064 ad
885 2006 1072 2083 proximum,
1111 2010 1141 2062 et

219 2099 267 2148 est
296 2090 450 2166 caritatis,
485 2091 562 2147 siout
594 2090 677 2167 prior
707 2088 760 2146 illa
782 2094 829 2146 est
850 2086 930 2147 fidei.
976 2087 1022 2144 De
1051 2105 1088 2143 ea
1109 2089 1138 2143 in

219 2172 355 2248 epistola
383 2171 485 2231 laoobi
513 2172 656 2249 seriptum
688 2177 747 2229 est:
785 2170 978 2229 Confitemini
1009 2169 1139 2226 invicem

218 2254 298 2312 alius
323 2254 374 2312 alii
398 2254 518 2312 delicta.
562 2254 618 2312 lu'st
640 2262 741 2311 autem
765 2252 842 2310 haeo
863 2251 1043 2310 confessio:
1070 2269 1138 2308 oum

220 2337 288 2413 quis
313 2335 476 2396 confitetur
498 2338 656 2414 proximo,
682 2334 763 2412 quod
787 2353 855 2392 eum
880 2334 1010 2392 laeserit.

306 2418 391 2478 Siout
425 2419 561 2478 Christus
592 2417 697 2478 Matth.
721 2422 747 2480 ὁ.
781 2416 886 2475 dooet:
927 2415 956 2476 Si
994 2414 1140 2473 obtuleris

222 2521 332 2560 munus
363 2508 446 2560 tuum
474 2501 513 2559 ad
545 2520 648 2576 aram,
684 2508 715 2558 et
744 2499 806 2557 illio
838 2499 1016 2557 reeordatus
1038 2497 1139 2557 literis

222 2583 307 2663 quod
328 2583 419 2643 frater
438 2590 506 2642 tuus
522 2583 615 2645 babet
628 2581 741 2659 aliquid
756 2581 917 2640 adversum
941 2585 981 2655 te,
1006 2578 1141 2656 relinque

223 2665 285 2726 illio
310 2686 418 2725 munus
441 2673 523 2725 tuum
548 2685 652 2724 eornm
675 2665 774 2737 altari,
797 2673 828 2722 et
849 2663 909 2740 abi,
931 2663 1012 2742 prius
1035 2680 1140 2720 ieoon-

223 2749 336 2808 oilieris
358 2749 441 2808 fratri
464 2755 526 2825 tuo,
549 2756 580 2807 et
601 2755 662 2806 tuin
677 2748 802 2805 veniens
827 2745 902 2805 offer
916 2764 1024 2803 munus
1049 2750 1141 2802 tumn.

222 2830 343 2891 Habeto
364 2831 608 2891 benevolentiam
625 2849 693 2889 oum
707 2828 882 2888 adversario
901 2837 953 2886 tuo
976 2828 1047 2901 cito,
1071 2825 1140 2884 dum

224 2934 256 2973 es
278 2915 309 2972 iu
332 2915 383 2972 via
407 2932 473 2972 oum
503 2914 554 2972 illo
578 2921 634 2972 eto.
678 2911 848 2988 Utrumque
870 2911 919 2969 hio
942 2910 1038 2988 exigit
1060 2908 1142 2968 Chri·

226 3006 301 3074 stus,
324 3004 358 3055 ut
379 2997 415 3072 is,
438 2997 488 3074 qui
511 2996 600 3055 laesit
621 2996 760 3069 alterum
785 3001 873 3072 roget>
895 2992 933 3050 ab
956 3011 993 3050 eo
1010 2992 1141 3066 veniam,

226 3084 256 3139 el
277 3080 319 3152 is,
343 3079 393 3156 qui
417 3086 554 3157 rogatui,
578 3078 630 3137 det
651 3078 771 3135 veniam
797 3084 907 3135 errato.

305 3160 364 3219 Est
385 3168 486 3220 autem
515 3160 643 3220 ethaeo
666 3159 819 3218 confessio
844 3157 1016 3219 necessaria
1042 3174 1079 3213 ao
1101 3154 1142 3212 tli-

226 3244 354 3318 viuituS,
394 3250 427 3303 ut
457 3244 570 3322 plima,
608 3241 752 3300 mandatu
781 3240 878 3299 nobis.
927 3239 1033 3315 Neque
1063 3237 1141 3295 enim

227 3326 314 3386 nobis
347 3333 452 3384 nostra
485 3338 611 3403 peooata
635 3324 767 3383 remittet
788 3323 887 3396 Deus,
926 3322 982 3379 nisi
1018 3331 1048 3376 ol
1076 3319 1143 3377 aliis

226 3407 511 3483 condonaverimus‚
535 3426 613 3484 quae
636 3406 693 3484 ipsi
714 3405 745 3464 in
768 3424 825 3464 nos
849 3413 1060 3483 peceaverunt.
1105 3400 1144 3458 m

226 3499 342 3551 eertum
365 3499 575 3570 argumentum
599 3496 654 3564 est,
678 3507 745 3547 earn
759 3507 820 3546 nou
836 3506 903 3546 esse
926 3504 1027 3545 veram
1042 3482 1143 3552 fidem,

226 3592 305 3652 quae
336 3591 398 3633 non
428 3573 507 3632 huno
532 3574 661 3631 l'ruotnm
692 3589 795 3629 seeum
826 3567 928 3637 affara
963 3576 995 3625 ut
1024 3575 1053 3623 et
1076 3565 1143 3623 aliis

225 3663 355 3734 peceato
389 3657 535 3729 remittat,
574 3661 605 3714 et
637 3654 847 3713 remissionem
881 3671 900 3710 a
920 3650 987 3708 Deo
1022 3666 1144 3725 quoque

224 3744 324 3816 roget.
367 3737 473 3815 Neque
496 3738 575 3797 enirn
600 3736 676 3796 alias
699 3735 738 3795 ad
763 3736 861 3794 lleum
881 3728 1145 3792 bomo‘aeoedere

212 3820 304 3877 ausit.
354 3818 388 3877 Si
419 3837 494 3901 ergo
528 3821 579 3881 bie
614 3821 737 3883 fruetus
767 3840 836 3881 non
864 3816 1011 3892 allusio„
1046 3817 1169 3869 ostium
