2709 4417
273 346 337 413 318
522 346 614 403 uuor
632 347 661 401 L.
680 361 764 416 super
781 345 983 416 Proporiflorre

1215 342 1217 379 i

1215 462 1217 485 t

1215 494 1217 529 i

279 536 361 597 mine
380 539 505 593 servato
528 532 650 593 trudunt
671 534 800 609 ouretis,
823 533 921 595 curaui
946 530 1120 611 oportunis,
1136 548 1176 590 no·
1216 534 1217 567 ³

279 636 350 679 men
373 635 429 696 per
453 635 560 676 omnes
585 618 703 694 transit,
725 623 757 675 et
778 615 902 693 haeret,
916 613 1062 675 'officium
1083 615 1178 691 transit

279 708 309 760 et
345 702 376 758 in
416 699 501 758 nullo
540 699 654 760 haeret.
706 698 765 758 sed
789 705 819 758 et
840 698 961 757 Fratres
991 695 1179 756 moridie-nte

279 791 408 861 sumpto
431 780 551 842 abillis
573 781 676 842 officio
700 791 823 841 strenue
855 799 912 840 eos
933 782 1098 841 imitentur.
1134 777 1180 837 iir-

277 866 358 926 iores
392 871 423 923 et
443 863 580 943 Magistri
595 863 741 924 ‘oifluiurn
771 863 905 924 docendi
925 861 1068 926 fratribus
1088 861 1180 920 Terrui-

282 949 374 1007 noriis
395 949 576 1025 imponunt,
598 948 655 1026 ipsi
677 949 801 1006 nomine
825 945 921 1006 officii
942 946 1089 1008 contenti.
1109 945 1180 1004 Adeo

281 1029 449 1090 molestum
473 1037 520 1088 est
541 1029 667 1089 verbum
691 1030 748 1089 Dei
771 1032 900 1105 dooere,
930 1028 1061 1108 diligere
1087 1034 1115 1086 et
1142 1046 1180 1106 pr·

279 1130 377 1189 seere,
403 1119 530 1192 propter
550 1111 632 1191 quod
654 1132 746 1171 unum
759 1113 852 1171 Filius
874 1112 933 1171 Dei
955 1112 1092 1171 venitin
1112 1129 1179 1168 mur·

279 1194 368 1271 dum,
405 1196 547 1273 misitque
569 1195 713 1274 Spiritum
745 1204 901 1270 sonetum,
938 1200 971 1253 et
992 1194 1097 1254 omnio
1115 1192 1178 1269 teuit,

278 1285 313 1337 ut
333 1275 466 1337 officium
488 1277 549 1337 hoo
570 1284 652 1337 esset
673 1276 942 1338 offioiosissimum.

362 1358 499 1433 Quodsi
523 1362 596 1420 setis
619 1367 679 1438 est,
702 1380 757 1440 per
777 1360 870 1420 elium
889 1359 1016 1435 dooere,
1039 1357 1109 1436 quid
1129 1376 1176 1416 em-

279 1443 359 1522 plius
372 1443 445 1502 feeit
456 1444 631 1532 episeopus,
654 1463 745 1523 quern
760 1443 877 1502 leious‘?
899 1442 1015 1502 Nonne
1027 1441 1075 1500 vel
1096 1439 1177 1500 Turou

277 1532 383 1605 potest
402 1524 507 1586 iubere
529 1534 583 1586 eut
592 1528 779 1606 permittere,
800 1533 833 1586 ut
854 1525 932 1584 eiius
955 1524 1065 1604 diliget
1084 1541 1168 1602 eope

278 1608 364 1669 suet?
393 1607 472 1682 Quid
494 1628 568 1689 ergo
590 1628 719 1669 neeesse
735 1610 791 1668 fuit
810 1609 917 1684 Petro,
941 1615 988 1668 tot
1008 1607 1121 1667 visibus
1139 1625 1173 1665 re-

279 1692 381 1773 petitis
404 1692 551 1752 mandere
572 1692 634 1753 hoo
655 1692 805 1769 officium,
832 1698 947 1750 ettam
970 1691 1117 1749 instanter
1134 1709 1172 1747 ur·

279 1775 376 1856 gere?
397 1774 454 1834 Est
465 1777 523 1834 iste
536 1775 645 1835 modus
664 1775 816 1855 evangelii
835 1773 1072 1853 interpretandi:
1095 1772 1173 1831 Peroe

279 1877 354 1918 oves
378 1876 471 1935 meas,
492 1856 523 1916 id
546 1866 601 1935 est,
623 1860 782 1937 permitte,
803 1858 890 1936 iube,
912 1866 946 1916 ut
966 1856 1046 1916 elius
1068 1855 1174 1934 pascu?

280 1939 312 2002 Si
333 1938 387 2001 iile
409 1941 488 2000 elius
516 1942 588 2001 item
610 1960 666 2020 per
687 1941 779 2001 elium
803 1947 927 2020 paseat,
957 1947 989 1999 et
1018 1940 1117 1999 tertius
1137 1957 1175 2016 per

283 2031 423 2103 quartum
453 2041 490 2082 ao
512 2025 557 2083 sie
584 2025 650 2082 sine
678 2023 739 2083 tine
762 2042 859 2102 usque
882 2022 921 2083 ed
943 2023 1110 2099 neminem,
1139 2019 1174 2079 ubi

282 2115 385 2167 menet
405 2106 531 2166 verbum
555 2106 688 2166 Christi?
709 2106 773 2166 Aut
793 2125 853 2184 quo
875 2106 1018 2165 decentia
1039 2105 1127 2164 ueteri
1143 2123 1174 2161 se

280 2207 394 2269 queoes
416 2197 560 2268 poscent,
597 2189 721 2267 quando
742 2190 908 2269 primores,
946 2196 978 2248 et
999 2189 1054 2266 qui>
1070 2187 1174 2267 pluuiis

281 2272 404 2350 debent,
425 2291 488 2333 non
510 2273 660 2351 poscunt?
683 2272 744 2332 Cur
758 2272 896 2332 Christus
913 2291 976 2332 non
999 2271 1072 2331 feeit
1089 2269 1173 2329 idem?

280 2373 334 2415 uur
354 2356 460 2415 Petrus
483 2374 546 2415 non
568 2356 659 2415 stium
684 2357 796 2416 otiatus
818 2375 873 2434 per
894 2355 973 2414 alios
995 2353 1097 2433 pavit?

360 2439 469 2518 igitur,
491 2440 517 2497 ei
539 2440 598 2498 iste
620 2437 714 2498 verbe
738 2438 777 2498 ed
799 2437 988 2517 pontificium
1010 2440 1173 2516 potestatem

281 2540 375 2602 ooges
397 2523 520 2600 servire,
543 2523 573 2583 in
595 2541 722 2581 nervum
741 2540 790 2581 res
813 2526 865 2580 tue
887 2520 962 2598 ibit,
985 2528 1017 2579 et
1030 2516 1173 2578 oonoludes

279 2624 300 2664 a
320 2614 460 2684 tempore
481 2603 622 2684 Gregorii
645 2604 748 2684 Magni
777 2623 840 2664 non
862 2604 957 2663 fuisse
986 2609 1137 2682 pastorem
1152 2601 1173 2658 in

278 2688 422 2747 Romane
441 2687 582 2749 eeclesia.
625 2688 773 2747 Hioenirn
797 2688 862 2747 fere
873 2686 998 2745 ultimus
1022 2691 1069 2745 est
1078 2701 1174 2758 eorum,

278 2771 332 2848 qui
353 2789 457 2829 sueres
481 2771 583 2830 literas
606 2776 823 2830 treoteverunt.
866 2768 984 2846 Quare,
1007 2768 1034 2826 si
1055 2765 1175 2847 glorieris

280 2854 396 2913 dioturn
419 2872 488 2913 esse
510 2854 616 2915 Petro:
650 2854 759 2933 Diligis
775 2872 831 2912 me
853 2852 921 2932 pius
944 2852 998 2929 iis,
1022 2851 1113 2927 bene,
1142 2848 1176 2907 tu

279 2935 341 2996 hoe
362 2943 394 2997 et
415 2937 511 3014 vives,
534 2936 627 3018 dilige
650 2938 718 3016 plus
742 2938 862 3013 ceteris,
884 2953 979 3015 pasce
994 2934 1062 3013 plus
1077 2933 1176 2992 ceteris.

280 3018 320 3078 Et
340 3020 503 3080 induentur
531 3023 641 3082 arietes
665 3022 782 3097 ovium,
815 3023 847 3080 et
873 3017 971 3078 velles
998 3016 1177 3079 abundabunt

280 3102 449 3180 frumento,
484 3103 660 3164 olemebunt
681 3111 712 3164 et
732 3103 880 3182 hymnum
902 3101 1016 3164 disent.
1059 3098 1177 3173 Quodsi

281 3204 337 3266 per
358 3185 485 3264 diligere
507 3186 575 3264 plus
597 3188 661 3264 his,
691 3187 862 3266 intelliges,
901 3186 1050 3244 maiorem
1078 3193 1107 3242 te
1126 3181 1177 3241 eliis

230 3300 236 3315 κ
280 3288 365 3348 esse,
387 3270 447 3329 iem
471 3269 564 3331 verbo
588 3270 699 3331 Christi
721 3271 853 3330 alienam
875 3268 1005 3329 intrudis
1027 3266 1177 3344 intelligen-

281 3353 364 3413 tium.
406 3350 476 3411 Non
498 3354 578 3412 enim
602 3353 717 3433 aliquid
739 3345 859 3415 iubetur
880 3351 1021 3428 subditis,
1045 3369 1099 3429 per
1119 3350 1178 3407 huet

281 3435 383 3513 verba,
406 3436 459 3494 sed
485 3436 584 3498 Petro.
628 3437 697 3497 Nou
721 3435 809 3497 dioit:
833 3436 943 3495 Estote
965 3453 1041 3494 oves
1064 3434 1118 3492 sub
1139 3432 1177 3490 Pe

280 3524 338 3597 tro,
361 3519 430 3579 sed:
453 3519 558 3597 Petre,
581 3539 675 3599 posue
697 3539 789 3600 oves,
811 3525 843 3580 et
864 3518 1055 3580 temeniilud
1078 3515 1178 3589 volunt,

279 3601 341 3662 hoo
362 3603 480 3663 nolunt

364 3686 463 3747 Credo
486 3688 590 3767 itaque
611 3686 891 3747 manifestissimum
912 3704 1004 3764 esse,
1035 3683 1089 3744 hes
1118 3681 1178 3742 duo

276 3771 433 3856 evangelii
456 3772 639 3835 autoritates
660 3771 741 3832 sitiri
751 3770 794 3829 uu
804 3769 1000 3838 remiueere„
1015 3775 1051 3826 et
1065 3767 1177 3842 trigidiu-

263 3860 385 3925 simum
407 3868 506 3946 etque
530 3856 686 3921 instiroux
706 3872 793 3930 esse„
811 3848 965 3928 uuiuuuru
971 3848 1140 3917 meusque
1153 3859 1200 3915 uu
