2709 4417
365 367 367 370 >
470 343 542 400 XIII.
560 344 596 400 de
613 349 751 412 potestate
769 343 870 413 Papae.
1060 341 1122 408 329

200 525 376 588 ecclesiae?
396 529 466 590 Non
480 536 550 590 sunt
562 531 748 611 ipsaeetiam
758 532 928 592 ecclesiae?
944 533 975 593 si
990 538 1061 592 sunt
1072 551 1119 592 ec

200 606 296 668 clesia
310 608 432 691 Christi,
454 632 507 673 cur
518 620 548 673 tu
563 615 727 693 impiisimo
740 632 793 674 ore
805 616 921 675 resistis
934 615 1053 675 Christo
1075 614 1120 674 di·

201 691 297 750 centi:
321 692 419 773 Super
431 695 511 754 hanc
522 703 639 774 petram
652 695 823 757 aedificabo
838 698 997 758 ecclesiam
1010 717 1119 758 meam.

200 769 280 844 Quid
289 776 444 856 significat
456 778 619 838 ecclesiam
632 797 732 839 meam
744 782 757 838 t
770 778 798 838 N
800 798 840 839 on
853 789 901 840 est
913 782 971 840 nisi
989 800 1050 839 una
1061 781 1119 841 Ro·

201 873 294 915 mana
324 859 458 920 ecclesia
490 880 545 920 sua
574 860 733 924 ecclesia?
769 861 801 921 Si
831 869 932 922 autem
966 861 1122 941 quicelibet

202 937 263 997 alia
286 942 378 1000 etiam
404 942 537 1003 ecclesie
558 943 670 1004 Christi
693 950 756 1019 est,
779 951 810 1003 et
831 944 967 1005 Christus
989 944 1121 1004 affirmat

201 1038 269 1083 eam
297 1023 520 1085 aedificandam
542 1044 635 1106 supra
654 1031 771 1104 petram
809 1025 896 1102 fidei,
931 1029 1025 1106 impio
1059 1028 1119 1087 iam

203 1112 307 1165 errore
330 1105 449 1185 dicitur,
472 1107 510 1168 ad
530 1107 659 1187 [solam]
680 1108 841 1169 ecclesiam
862 1110 1032 1170 Romanam
1053 1129 1119 1188 per·

204 1187 311 1264 tinere,
334 1198 366 1249 et
386 1209 449 1250 non
471 1188 510 1250 ad
532 1190 608 1250 alias
631 1209 749 1251 omnes.

286 1270 333 1330 Te
355 1291 436 1332 nunc
458 1272 599 1353 appelle,
622 1272 737 1351 lector,
760 1282 793 1332 ut
813 1273 946 1350 iudices,
981 1293 1019 1333 an
1041 1273 1120 1335 haec

204 1353 335 1413 Decreta
342 1355 483 1416 modesta
494 1354 567 1429 an2)
577 1355 760 1416 immodeste
773 1356 968 1436 frigidissima
981 1357 1121 1435 dixerim,

204 1455 282 1514 quae
297 1439 406 1497 ‘verius
426 1439 607 1517 impiissima
626 1438 728 1498 dicere
749 1438 932 1516 debuissem,
951 1458 1012 1499 non
1038 1439 1120 1517 quod

204 1519 413 1601 Romanorum
428 1519 606 1601 pontificum
621 1521 692 1598 sint,
714 1521 766 1581 sed
781 1521 864 1601 quod
874 1523 999 1582 nomine
1016 1540 1120 1581 eorum

204 1602 384 1682 vulgentur,
420 1611 452 1663 et
473 1623 527 1683 per
553 1604 621 1682 ipsa
642 1604 703 1662 iam
725 1604 827 1664 multis
850 1605 937 1663 anuis
959 1604 1121 1665 adulentur

204 1686 333 1744 summis
354 1684 574 1762 Pontificibus,
603 1685 660 1744 has
683 1686 818 1747 insanias
839 1686 912 1746 nihil
935 1685 1120 1762 curantibus,

204 1768 275 1844 quin
298 1777 332 1828 et
352 1770 488 1828 suaviter
508 1767 711 1829 audientibus.

287 1851 386 1930 Igitur
408 1851 611 1931 evangelium,
633 1850 694 1911 hoc
715 1851 891 1930 interprete,
914 1851 959 1911 sic
979 1849 1121 1930 intelligi·

203 1951 270 1990 mus
284 1931 320 2006 2)
339 1940 372 1992 at
393 1932 665 2012 locupletabimus:
687 1933 755 2013 Ego
790 1953 881 2012 supra
909 1932 980 1994 fidei
1001 1939 1135 2012 petram‘

201 2013 378 2076 aedificabo
411 2016 573 2076 ecclesiam
609 2035 708 2075 meam
746 2016 924 2076 Romanam.
980 2016 1122 2076 Romana

202 2103 309 2160 autem
333 2097 507 2159 aedificabit
528 2116 620 2176 snpra
649 2116 734 2157 susm
764 2100 947 2158 seutentiam
975 2098 1121 2158 ecelesias

201 2199 291 2256 suas,
315 2199 379 2240 uon
402 2200 501 2256 meas,
536 2181 607 2259 quia
641 2199 740 2239 meam
775 2201 867 2260 supra
898 2180 970 2241 fidei
1003 2186 1120 2259 petram

203 2261 390 2323 aedificabo.
433 2263 517 2324 Ecce
539 2281 621 2322 nunc
644 2269 716 2323 eant
728 2263 912 2337 adulatores,
935 2270 966 2323 st
987 2268 1122 2323 statuant

202 2345 296 2405 nobis
320 2345 493 2425 Scripturas
506 2352 631 2405 sanctae
646 2346 928 2425 interpretationem
939 2346 978 2406 ad
990 2345 1121 2405 Romani

201 2426 361 2506 pontificis
383 2429 497 2488 scribas
520 2427 682 2507 pertinere.

292 2509 413 2571 Deinde
435 2509 514 2588 side,
536 2508 608 2588 quid
631 2510 670 2569 sit
691 2510 721 2569 in
744 2511 827 2570 curia
837 2512 979 2572 Romana
1000 2509 1121 2570 iuristus

205 2591 370 2671 dominari,
393 2600 424 2654 et
446 2593 513 2652 siue
535 2591 689 2670 theologis
712 2611 749 2652 ac
770 2595 864 2653 sacris
878 2595 972 2654 literis
994 2591 1122 2653 desolo

204 2681 362 2754 potestate
385 2683 415 2735 et
436 2674 565 2755 Spiritus
596 2675 695 2734 sancti
720 2678 894 2754 praesentia
916 2692 1121 2756 praesumere,

203 2758 267 2817 hoc
289 2765 353 2835 est,
391 2777 446 2837 per
479 2758 576 2818 solam
606 2760 775 2836 potentiam
795 2760 959 2838 scripturas
982 2764 1121 2819 tractare.

205 2839 351 2900 Ceterum
386 2842 471 2899 iuxta
492 2840 655 2918 Augustini
677 2840 814 2920 regulam
853 2849 884 2901 et
905 2843 1062 2902 Romanus
1092 2845 1123 2898 et

205 2923 307 2982 omnis
332 2921 471 3001 pontifex
493 2922 632 2982 subiacet
654 2921 815 2983 cuiuslibet
843 2923 942 2983 fidelis
965 2924 1056 2984 etiam
1078 2923 1123 2980 iu·

208 3004 302 3082 dicio,
324 3005 458 3064 maxims
480 3006 511 3063 in
534 3004 661 3063 materia
684 3003 764 3066 fidei.

290 3087 355 3146 lain
378 3085 453 3146 illud
476 3106 565 3164 quam
590 3087 768 3167 evangelice
800 3087 996 3148 dictumest:
1031 3084 1121 3160 Quod

205 3169 350 3229 coelestis
381 3170 499 3247 imperii
538 3175 569 3229 et
601 3171 713 3229 terreni
745 3171 811 3230 iura
833 3170 923 3230 Petro
956 3169 1123 3246 commisit,

206 3250 355 3325 obsecro,
376 3271 438 3311 non
463 3259 510 3310 est
531 3251 609 3311 haec
630 3270 678 3311 res
702 3253 842 3312 omnibus
865 3252 998 3312 lacrimis
1020 3252 1122 3331 digna,

205 3334 290 3414 qnod
314 3334 392 3393 haec
414 3353 476 3394 non
489 3333 581 3394 modo
596 3334 709 3414 legere,
731 3334 785 3394 sed
802 3337 894 3396 etiam
917 3334 1044 3395 credere
1067 3351 1138 3411 pro

205 3415 341 3478 oraculis
358 3416 495 3495 ¹Spiritus
520 3418 617 3476 sancti
639 3436 811 3498 urgeamur,
834 3426 865 3478 et
887 3419 929 3476 ita
950 3434 1121 3496 urgeamur,

206 3507 240 3559 ut
261 3501 365 3579 iguem
388 3498 554 3576 minentur,
584 3500 607 3558 si
631 3509 738 3560 contra
760 3500 831 3578 quid
854 3498 1035 3558 mutiamus?
1071 3495 1122 3556 At-

206 3601 268 3662 que
289 3582 333 3642 ita
355 3579 399 3658 fit,
421 3587 454 3640 ut
475 3581 552 3660 haec
574 3582 689 3642 maiore
707 3583 816 3643 timore
838 3590 869 3642 et
891 3580 1038 3661 religione
1061 3598 1122 3638 am·

206 3664 397 3744 plectemur,
428 3682 517 3741 quam
540 3663 632 3723 ulium
655 3664 737 3724 aliud
767 3665 816 3724 vel
838 3663 909 3724 fidei
932 3663 981 3722 vel
1003 3681 1121 3722 morum

227 3849 261 3908 1)
279 3848 312 3896 In
333 3847 376 3898 ed.
393 3850 504 3913 priore:
527 3851 578 3905 vet
620 3853 648 3922 2)
670 3855 705 3908 In
724 3854 773 3912 ed.
792 3855 869 3913 Iena
884 3853 1094 3924 intebrgernus.
