2709 4417
258 355 327 428 ..¹238
463 408 467 414 .
507 356 599 415 Resol.
620 359 646 413 t.
667 374 752 430 anper
769 357 960 430 Propotitioa.

265 549 301 611 G.
323 549 422 630 primo
436 547 480 626 ¹),
502 544 710 627 prohibuisset
720 549 810 610 Rem.
832 547 1013 610 Poutilioom
1034 551 1155 628 appelari

266 632 471 692 universalem
497 628 697 709 pontificem,
739 631 845 694 diosus
874 633 906 691 iu
932 632 1016 692 huno
1041 633 1155 695 modurn:

266 714 455 776 Universalis
482 720 586 773 eutem
617 713 757 792 pontiiex
790 733 849 774 nee
870 715 1028 775 Romanus
1049 717 1157 794 appelle·

265 798 335 876 toi,
358 798 408 856 hie
428 796 485 856 sibi
508 797 692 874 temperavit
713 796 835 876 quidem
858 817 878 858 a
898 797 1096 877 blasphemia,
1113 806 1158 860 uon

219 924 222 929 -
265 879 388 962 diosus,
417 878 500 958 quud
522 889 631 937 eontra
655 881 702 938 ius
727 881 862 940 divinum
890 880 976 940 aliud
1004 883 1159 961 permissus

258 970 319 1023 aut
338 968 484 1021 statutum
506 962 556 1038 sit,
577 960 631 1023 sed
653 962 790 1041 glossam
813 968 897 1023 eerts
926 972 1013 1023 tanto
1036 964 1159 1044 theologo
1213 946 1216 1029 i

264 1044 389 1125 dignam
410 1043 544 1120 effinxit,
572 1050 663 1122 quam
686 1049 747 1105 don
770 1064 935 1125 ponerem,
956 1048 1016 1105 nisi
1037 1065 1101 1105 eam
1119 1050 1161 1106 ssi·

263 1144 328 1188 rem
355 1128 472 1208 gloriae
499 1125 676 1185 avidissimo
710 1128 892 1207 disputatori
920 1130 1110 1206 mdaiaeere,
1139 1141 1162 1190 et

264 1211 392 1290 gloriam
415 1209 586 1269 absolutam
609 1211 636 1268 ei
658 1228 776 1290 perere.
798 1211 885 1270 Dixit
897 1213 995 1271 enim:
1020 1211 1161 1272 hltailtorr.

252 1293 407 1373 =pontifex
427 1312 489 1352 non
520 1293 559 1350 sit
590 1292 794 1370 appellandas
822 1294 1005 1354 universalis
1036 1296 1162 1373 pontiler,

263 1383 367 1437 tamen
395 1374 544 1455 appellari
570 1372 663 1434 debet
695 1377 875 1440 universalia
901 1378 1058 1436 ecelesiae
1082 1381 1162 1456 poull-

261 1457 323 1520 iex.
345 1459 465 1535 Risum,
488 1475 621 1536 quaeso,
644 1461 898 1538 teueas,.amiee,
920 1462 988 1520 sine
1012 1478 1097 1518 suum
1114 1461 1158 1520 isr-

264 1550 398 1602 mentum
420 1540 536 1617 udaie,
564 1559 656 1599 nemo
684 1545 764 1600 euim
788 1542 909 1621 dignius
936 1542 1038 1602 rideat
1058 1542 1159 1602 adtan

262 1625 413 1705 insignem
435 1623 582 1703 glossam.
603 1622 670 1702 Ego
682 1625 799 1702 glorior
811 1644 860 1684 me
880 1633 927 1684 tot
942 1627 1091 1704 expensis
1111 1633 1158 1686 hou
1211 1692 1215 1699 ¹

260 1707 371 1767 huson
391 1706 512 1785 Lipsiae
534 1713 694 1782 moratum,
715 1707 825 1767 saltem
846 1708 907 1767 hoo
928 1707 1088 1767 didicisse:
1107 1707 1157 1768 llou

262 1797 310 1851 est
331 1789 521 1867 universalis,
543 1796 591 1847 est
611 1797 723 1848 tamen·
739 1791 922 1850 universalis
944 1792 1095 1851 eeclesiae
1112 1793 1157 1870 epi·

264 1891 388 1952 asopus,
409 1890 472 1931 non
495 1878 543 1930 est
564 1871 642 1930 forte
665 1873 756 1931 etiam
779 1873 987 1952 Mogontinus,
1009 1881 1157 1933 esttamen

262 1955 461 2036 Mogunlinae
483 1953 633 2014 eeclesiae
654 1953 829 2034 episeopus.

304 2086 306 2091 .
344 2038 428 2098 Haeo
449 2036 488 2096 ad
513 2055 582 2096 mee
603 2036 664 2096 duo
688 2038 820 2097 oonsilio
846 2037 899 2098 ille
922 2040 1087 2117 opposuit,
1105 2058 1158 2100 usu

183 2120 186 2124 ’
256 2116 411 2181 ’Νἰοοωιπι
436 2119 657 2262 perverbum,
678 2121 826 2200 permisit,
851 2121 1028 2181 Africanum
1050 2141 1102 2200 per
1118 2140 1158 2181 uo·
1212 2142 1216 2201 ,j

256 2221 349 2284 men,
382 2220 436 2263 eoo
450 2204 553 2280 asiae,
583 2202 685 2263 solvit.
729 2203 817 2264 Adeo
838 2203 930 2263 iaoile
953 2212 1001 2264 est
1029 2205 1158 2284 hlagistris
1214 2210 1216 2261 ἶ

259 2289 372 2346 normis
395 2286 516 2346 eximiis
528 2303 657 2365 magnas
668 2289 868 2365 quaestiones
890 2287 1025 2365 solvere,
1046 2296 1077 2347 et
1086 2289 1158 2346 etian
1215 2328 1216 2347 2

259 2369 462 2429 eonciliorum
481 2369 637 2428 autoritati
660 2369 840 2447 demere,
862 2388 924 2448 qua
945 2377 1050 2429 mmen
1072 2371 1159 2429 miron
1215 2376 1216 2387 ¹

259 2459 316 2531 est,
330 2471 422 2532 quam
430 2452 552 2513 soleant
565 2451 643 2510 alios
657 2460 781 2511 strenue
802 2451 843 2526 ad
867 2454 1020 2512 haeresim
1042 2453 1158 2532 adigere.

341 2535 428 2594 Nune
450 2535 541 2611 vide,
568 2553 608 2594 en
632 2553 691 2614 ego
714 2535 821 2594 melius
843 2535 893 2595 vel
915 2536 1004 2614 peius
1027 2535 1068 2596 ad
1089 2553 1159 2594 suum

256 2619 379 2679 uuioum
399 2616 626 2696 responderim,
656 2624 772 2677 eertum
794 2624 857 2696 est,
889 2637 952 2678 non
976 2636 1084 2679 omnes
1104 2619 1159 2678 arti·

257 2701 344 2762 oulos
367 2700 566 2760 Constantios
599 2698 762 2760 damnatos
784 2719 854 2759 esse
877 2701 1067 2779 haeretioos,
1098 2703 1161 2760 siml

256 2785 419 2845 temerarie
453 2791 484 2844 et
519 2781 716 2864 impudenter
743 2784 875 2843 latrabat
907 2784 1031 2844 Eoeins.
1084 2782 1162 2859 Quod

255 2869 354 2954 probo
375 2866 543 2945 evidenter,
565 2867 696 2946 primunr
719 2885 759 2925 ex
791 2867 890 2946 ipsius
915 2868 1043 2927 eonoilii
1067 2868 1162 2943 verbis,

256 2968 335 3030 quae
357 2950 556 3010 eishabent:
587 2948 719 3024 Quidam
741 2969 780 3008 ex
803 2950 848 3031 eis
869 2957 942 3016 sunt
961 2951 1084 3010 notorie
1103 2950 1162 3010 has·

255 3034 352 3112 retiei,
374 3034 497 3112 quidam
519 3033 649 3109 erronei,
672 3032 723 3092 alii
746 3032 927 3112 blasphemi,
949 3033 1000 3092 alii
1023 3034 1161 3093 temerarii
1214 3030 1216 3041 ’

257 3125 288 3177 st
307 3117 460 3194 seditiosi,
482 3116 534 3176 alii
555 3116 672 3196 piarum
695 3116 813 3175 aurium
832 3114 983 3177 offensivi.
1016 3115 1101 3176 Haeo
1119 3116 1162 3176 ibi.
1215 3116 1216 3145 ¹

256 3199 369 3261 Nonne
390 3201 504 3261 alarum
526 3207 588 3276 est,
620 3199 698 3258 haee
720 3200 814 3259 verba
841 3218 911 3259 esse
932 3219 1066 3277 eorum,
1097 3217 1164 3278 quor

255 3283 429 3344 haereticae
444 3283 475 3360 2)
503 3283 661 3363 pravitatis
682 3284 880 3362 inquisitores
902 3301 1071 3360 vooamus,
1098 3300 1165 3361 quos

255 3367 338 3428 ineo
362 3368 495 3428 eoneil-io
518 3356 648 3447 a'pparet
668 3366 862 3447 tyrannidem
885 3366 1076 3426 obtinuisse?
1097 3366 1165 3425 Nau

255 3450 365 3511 horum
385 3452 569 3531 paene-alia
590 3468 654 3510 nou
675 3456 724 3510 est
753 3468 835 3529 vox,
870 3467 960 3527 qnam
982 3449 1080 3508 haee:
1113 3449 1167 3508 lstt

255 3535 428 3614 propositio
450 3541 498 3593 est
519 3534 690 3612 haeretios,
710 3534 772 3592 ista
792 3531 994 3608 seandalosa,
1017 3535 1078 3592 ista
1098 3530 1166 3591 sedi·

255 3620 344 3699 tiosa,
366 3620 426 3679 ists
440 3617 607 3696 offensiva3-
627 3617 677 3687 vel
699 3623 783 3676 osrte
803 3614 947 3695 Spiritum
969 3625 1111 3675 sanetum
1131 3615 1167 3673 ni·

252 3703 314 3765 mio
335 3710 536 3786 praesentem
562 3701 626 3763 illis
649 3699 828 3760 ludentibus
850 3706 915 3757 ¹aut
938 3698 1166 3758 dormitantibus

245 3783 408 3875 vigilasse,
431 3798 467 3853 ut
478 3789 587 3852 ooaoti
603 3789 669 3848 sint
688 3783 821 3844 omuino
837 3777 1188 3854 impmheutespropx'xs

271 3897 317 3963 11¹
329 3900 362 3952 lu
386 3896 432 3953 eo.
454 3896 536 3952 aasz:
556 3890 689 3948 Pansae.
704 3880 800 3941 ‘timo
820 3876 887 3930 ses.
905 3875 999 3937 unas.
1014 3868 1166 3918 naama.
