2709 4417
261 342 324 410 174
466 345 618 416 cornuae
635 346 746 418 uptus
761 347 856 402 nsua
872 362 899 402 a.
917 345 981 403 xlx

265 532 336 614 quid
358 532 437 597 hoec
458 530 554 594 verbs
575 530 614 594 D.
636 530 670 593 D.
696 531 800 608 velint,
828 550 901 593 oum
920 533 990 596 sine
1009 483 1102 595 dubio
1123 554 1165 614 per

260 634 378 696 poenas
399 634 456 695 pro
480 615 614 695 peccatis
643 613 763 677 debitas
785 615 959 696 intelligant
994 635 1103 677 omnes
1135 617 1166 678 la

260 699 350 761 bores
373 698 606 775 satisfactionis,
634 716 714 776 qnae
734 699 826 757 tertia
850 717 922 778 pars
943 706 993 760 est
1020 699 1166 779 poeniten·

262 783 335 845 tiae.
374 781 459 843 Inter
481 798 558 860 qnos
580 787 663 841 certe
685 787 757 841 sunt
776 780 858 841 bona
879 800 984 861 opera,
1007 781 1167 862 eleemosy-

261 884 330 943 nae,
354 865 521 940 orationes,
542 863 665 933 ieiunia,
688 863 812 943 vigiliae
832 873 866 930 et
885 865 1004 928 similia
1027 863 1078 924 Ad
1096 865 1167 944 quod

262 954 311 1011 eat
332 965 495 1026 expressus
517 953 618 1006 textus
641 944 695 1009 lib.
716 951 744 1010 5.
767 964 850 1025 cap:
887 945 964 1006 Gom
986 966 1027 1008 ex
1050 965 1105 1025 eo,
1126 947 1169 1009 ubi

261 1049 345 1112 papa
378 1028 469 1106 dicit,
503 1048 559 1108 per
588 1026 770 1090 indiscretas
798 1028 1005 1109 indulgentias
1038 1032 1169 1101 enervari

261 1111 515 1194 poenitentialem
537 1111 801 1190 satisfactionem,
824 1120 854 1171 et
875 1131 986 1174 omnes
1005 1113 1115 1173 Bullae
1134 1114 1170 1173 in

260 1195 486 1276 dulgentiamm
509 1194 605 1255 ferme
626 1193 708 1257 hanc
722 1193 887 1255 clausulam
910 1194 1042 1257 habent:
1066 1195 1112 1256 De
1131 1197 1171 1256 in·

179 1330 183 1339 .
259 1279 370 1341 iunctis
392 1277 588 1358 poenitentiis
610 1276 794 1338 relaxamus.

323 1360 384 1423 Sed
397 1379 465 1442 age,
481 1359 570 1437 dato,
592 1359 675 1438 quod
699 1366 803 1421 essent
813 1378 935 1439 poenae
947 1365 980 1420 et
994 1379 1060 1421 non
1074 1379 1170 1440 opert,

261 1444 331 1506 dico
354 1445 441 1524 peius
464 1461 543 1521 esse,
565 1443 678 1502 remitti
698 1461 833 1522 poenas,
855 1461 945 1521 quarn
968 1461 1081 1523 opera,
1108 1462 1170 1503 cam

260 1529 330 1612 ,vita
350 1527 474 1607 passiva
503 1531 535 1585 et
561 1543 703 1605 poenosa
731 1525 799 1605 plus
830 1523 969 1604 perficiat
998 1535 1052 1587 aut
1073 1527 1171 1608 prosit,

264 1629 355 1690 quam
386 1628 469 1671 utere
496 1609 612 1685 activa,
651 1615 685 1668 ut
704 1607 872 1687 Apostolus
902 1610 928 1669 2.
956 1606 1094 1670 Corinth.
1123 1611 1171 1672 12:

264 1693 339 1755 Gom
362 1680 611 1769 infirmor,⁰tuno
632 1690 739 1751 fortior
760 1710 837 1752 sum.
880 1690 986 1751 Purius
1014 1698 1064 1752 est
1095 1692 1169 1751 enin

263 1770 359 1857 opds,
396 1773 478 1854 quod
501 1774 569 1834 solo
591 1773 659 1834 Deo
684 1781 848 1852 operante,
871 1773 958 1835 nobis
980 1773 1172 1853 patientibus,

259 1857 429 1939 perficitur,
450 1875 541 1936 qnam
563 1856 645 1935 quod
668 1854 758 1916 nobis
778 1855 1016 1935 cooperantibus
1038 1855 1171 1936 efficitur,

258 1943 344 2003 iuxta
364 1939 438 2002 illud
460 1941 606 2000 Dentero.
628 1941 682 2004 32:
714 1937 783 2018 Ego
806 1941 971 2018 percutiam
995 1946 1026 1999 et
1047 1939 1170 2017 sanabo,

260 2024 398 2087 occidam
422 2031 454 2084 et
474 2019 647 2084 vivificabo.
665 2021 767 2096 Quare
788 2021 827 2081 ad
850 2041 973 2082 sensum
998 2023 1117 2102 egregii
1136 2023 1169 2086 D.

258 2107 298 2169 D.
318 2108 407 2187 plura
427 2104 560 2167 absurda
581 2113 747 2184 sequnntur
768 2124 808 2167 ex
838 2104 1055 2184 indulgentiis,
1084 2125 1167 2184 quam

257 2189 298 2334 {ld
326 2208 425 2249 meum
455 2207 596 2265 sensnm,
625 2195 656 2248 et
682 2205 757 2248 sane
787 2187 913 2286 neseio,
944 2207 983 2248 an
1015 2188 1168 2248 verissime

289 2291 370 2333 eam.

318 2352 470 2432 Secundo,
492 2372 555 2414 nou
577 2358 683 2432 potest
704 2351 902 2430 concordare,
928 2352 1012 2431 quod
1033 2351 1107 2429 dixi,
1129 2353 1166 2412 in-

256 2437 429 2519 dulgentias
442 2437 541 2497 solum
549 2436 642 2516 pigris
652 2434 827 2514 essedatas‚
846 2441 1020 2496 etaanones
1037 2435 1168 2496 similiter

256 2527 374 2582 tantum
385 2520 480 2599 pigris
492 2520 662 2598 impositos.
675 2517 752 2579 Dico
761 2539 768 2576 :
778 2517 849 2578 Non
858 2518 981 2579 memini
989 2518 1165 2596 medixisse,

182 2664 185 2669 .
256 2622 393 2665 canones
416 2620 486 2662 esse
508 2601 602 2681 pigris
623 2601 807 2680 impositos,
829 2602 856 2661 si
876 2611 978 2662 autom
1000 2601 1075 2679 dixi,
1104 2620 1166 2660 sen·

255 2707 307 2751 sus
328 2703 414 2749 meus
436 2694 493 2766 est,
514 2683 597 2763 quod
618 2685 733 2745 strenui
756 2690 788 2744 et
806 2683 960 2745 ferventes
980 2685 1048 2745 siva
1068 2685 1165 2764 poeni-

255 2773 354 2833 tentes
375 2769 445 2850 plus
465 2767 589 2845 iaciunt,
610 2785 701 2845 quam
725 2784 860 2827 canones
882 2767 1018 2846 exigunt

337 2852 458 2929 Tertio,
485 2848 644 2911 contendit
676 2868 729 2910 eas
750 2868 819 2910 esse
839 2850 1030 2910 necessarias
1059 2849 1098 2910 ad
1125 2866 1165 2910 sa

256 2936 375 3013 intem,
398 2935 470 3013 qnia
491 2932 616 3014 expedit
638 2951 747 3010 nosse,
768 2952 807 2993 an
829 2939 1042 3012 promoveant,
1064 2951 1166 3010 necne,

255 3018 295 3078 ed
318 3019 457 3079 salntem.

338 3102 403 3161 Etsi
424 3118 486 3159 non
510 3098 649 3176 fateatur,
672 3097 863 3156 necessarias
886 3115 954 3157 esse
977 3096 1163 3175 adsalutem,

254 3184 380 3265 expedit
406 3189 509 3242 tamen
525 3177 636 3260 'scire,
669 3185 874 3259 promoveant
899 3179 939 3240 ad
967 3179 1098 3241 salutem
1126 3185 1165 3258 ¹),

254 3286 363 3330 necne.
405 3263 612 3344 Respondeo:
635 3281 694 3323 neo
715 3245 775 3321 hdo
795 3263 1059 3323 estneaessarium
1082 3264 1164 3339 scire,

255 3350 310 3412 sed
332 3352 358 3411 si
380 3353 529 3410 nocerent
550 3346 655 3425 saluti,
683 3364 746 3406 non
778 3345 859 3406 enim
888 3353 936 3406 est
962 3348 1163 3407 necessarium

253 3435 332 3495 scire
353 3452 415 3494 non
439 3429 614 3491 necessarie
634 3426 674 3488 ad
696 3426 837 3488 salutem.
1161 3434 1168 3451 ·

336 3515 432 3593 Item,
454 3510 537 3593 quod
560 3513 695 3586 interest,
717 3530 757 3571 an
778 3530 860 3592 papa
880 3530 935 3592 per
955 3512 1065 3571 merita
1086 3511 1162 3573 Chri-

253 3599 292 3661 sti
311 3600 410 3680 possit
430 3597 599 3674 remittere,
628 3595 734 3654 nescio
761 3613 801 3655 an
822 3594 949 3655 intersit.
985 3593 1032 3654 De
1055 3596 1162 3656 maritis

253 3682 366 3744 Christi
385 3687 507 3764 postea.

216 3939 227 3952 ,
269 3868 368 3938 ’1)Ῑ11
392 3869 440 3928 ed.
464 3871 595 3942 origint
620 3861 823 3937 promoveant
838 3852 965 3944 satutem
976 3862 1080 3939 neena.
