2709 4417
445 344 516 399 XIII.
537 344 571 400 de
590 349 726 413 potestate
743 343 845 413 Papae.
1057 340 1123 411 373

282 529 451 611 Gregorius
473 531 495 592 l.
519 530 570 590 lib.
593 531 620 592 4.
645 531 797 611 Registro.
841 530 989 610 Epistola.
1015 530 1122 594 3211-

199 620 248 672 eet
270 633 328 692 per
348 617 528 675 autoritates
550 613 639 673 illes:
667 614 764 674 Pasce
787 633 861 674 oves
885 633 979 687 meas,
1002 619 1046 674 et:
1076 613 1122 674 Tu

199 716 229 754 es
264 696 373 756 Petrus
404 704 460 758 etc.
502 697 592 756 Petro
629 697 839 777 apostolorum
872 698 1001 777 principi
1030 697 1122 756 totius

199 779 352 840 ecclesiae
376 799 477 841 curam
501 780 664 839 aDomino
687 781 882 839 commissam
907 779 996 852 dicat,
1020 788 1123 839 tamen

199 863 227 920 iu
264 861 325 922 hac
353 882 425 923 cura
445 863 562 923 nullum
584 864 762 942 episcopum
792 864 819 921 ei
841 880 1049 922 successorem
1071 880 1123 942 pa-

199 945 281 1007 titur.
328 944 387 1005 Sed
419 965 477 1006 nec
499 945 619 1005 Petrum
649 945 822 1024 apostolum
848 944 1050 1005 universalem
1072 964 1123 1024 ap-

199 1027 310 1106 pellari
331 1027 421 1103 dicit,
452 1028 587 1088 scribens
618 1029 660 1088 ite
682 1028 828 1088 Mauricio
849 1028 989 1108 Augusto
1018 1026 1056 1086 de
1078 1027 1122 1089 lo

199 1110 309 1170 banne
342 1111 702 1191 Constantinopolitano:
736 1110 815 1170 Cura
848 1112 940 1171 totius
973 1110 1124 1170 ecelesiae

199 1203 230 1252 et
255 1195 443 1273 principatus
466 1195 556 1254 Petro
580 1194 794 1267 committitur,
830 1201 982 1253 ettamen
1006 1193 1124 1252 nniver-

199 1276 274 1334 salis
296 1277 456 1353 apostolus
490 1296 551 1336 non
583 1283 718 1337 vocatur.
764 1276 802 1335 ldt
828 1277 873 1336 vir
902 1277 1122 1350 sanctissimus,

200 1359 412 1418 consacerdos
433 1379 535 1436 meus,
559 1360 663 1418 vocari
687 1359 866 1419 universalis
889 1359 1052 1438 episcopus
1074 1376 1124 1418 co·

200 1447 299 1500 natur.
346 1441 528 1502 Exclamare
550 1441 736 1520 compellor,
759 1460 778 1501 o
802 1449 950 1520 tempora,
971 1461 989 1500 0
1013 1460 1124 1502 mores.

199 1522 239 1582 Et
262 1524 355 1583 infra:
387 1523 419 1583 Si
442 1544 553 1585 nomen
583 1523 657 1583 illud
680 1525 710 1583 in
733 1525 866 1584 ecclesia
887 1524 943 1583 sibi
965 1525 1123 1602 quisquam

200 1607 322 1684 arripit:
349 1608 492 1666 universa
514 1626 588 1686 ergo
611 1607 744 1666 ecclesia
766 1605 867 1684 (quod
888 1606 983 1673 absit)
1005 1613 1124 1668 astato

201 1707 258 1748 suo
282 1692 414 1763 corruit,
445 1691 568 1768 quando
591 1691 633 1765 is,
667 1691 718 1767 qui
740 1689 913 1768 appellatur
934 1688 1124 1758 universalis,

201 1772 294 1831 cadit.
339 1771 399 1832 Sed
429 1771 509 1832 absit
536 1793 554 1831 a
584 1771 726 1832 cordibus
749 1772 988 1831 Christianorum
1012 1790 1125 1831 nomen

200 1853 281 1914 istud
308 1853 532 1935 blasphemiae,
563 1857 675 1934 inquo
699 1856 834 1914 omnium
857 1853 1049 1914 sacerdotum
1071 1853 1124 1914 bo·

202 1955 260 1997 nor
282 1937 436 2012 adimitur,
459 1937 528 1996 duni
551 1939 589 1997 ab
613 1957 674 1996 uno
698 1936 753 1996 sibi
776 1937 935 1997 dementer
956 1943 1124 2016 arrogatur.

285 2019 369 2079 Ecce
391 2020 496 2095 babes,
518 2020 600 2098 quod
625 2020 833 2099 blasphemiae
855 2038 968 2080 nomen
991 2020 1044 2096 sit,
1062 2019 1124 2081 uui-

203 2102 332 2162 versalis
355 2104 526 2183 episcopus.
571 2102 650 2178 Quid
674 2110 774 2182 putas,
800 2102 838 2162 de
860 2104 984 2162 nomine
1006 2101 1125 2175 summi,

203 2186 340 2259 maximi,
364 2188 546 2245 sanctissimi
568 2186 723 2245 dixisset?

289 2267 444 2346 Sequitur:
469 2269 558 2328 Certe
581 2287 635 2347 pro
659 2269 692 2329 B.
704 2266 788 2328 Petri
815 2268 1024 2351 apostolorum
1048 2267 1126 2345 prin·

204 2352 280 2429 cipis
303 2350 432 2423 honore,
454 2371 509 2431 per
530 2351 736 2411 venerandam
752 2349 1036 2410 chalcedonensem
1058 2367 1126 2426 syn-

206 2433 316 2510 odum,
346 2434 488 2494 Romano
523 2434 659 2513 pontifici
693 2434 828 2493 oblatum
852 2440 915 2505 est,
949 2431 1004 2491 sed
1027 2430 1127 2490 nullus

206 2535 312 2576 eorum
353 2535 485 2594 unquam
520 2519 579 2576 boc
613 2516 829 2595 singularitatis
866 2514 1048 2575 vocabulum
1081 2532 1128 2572 as·

206 2598 353 2678 sumpsit,
391 2618 449 2658 nec
470 2601 512 2658 uti
535 2601 706 2672 consensit,
730 2618 785 2677 ne,
808 2597 879 2657 dum
903 2599 1051 2676 privatum
1074 2596 1129 2655 ali·

208 2680 277 2759 quid
301 2681 511 2757 duraturum,
540 2682 658 2741 honore
686 2681 790 2740 debito
819 2683 1009 2760 privarentur
1031 2697 1128 2739 sacer·

207 2764 295 2825 dotes
318 2765 459 2825 universi.

289 2846 485 2926 Perspicuum
509 2855 565 2924 eet,
588 2847 669 2906 hunc
689 2847 889 2926 Gregorium‚
912 2846 962 2924 qui
984 2864 1018 2904 se
1041 2863 1129 2903 cunc·

208 2937 307 2989 torum
337 2929 528 2990 sacerdot-um
563 2949 683 2989 servum
712 2931 814 3008 potius
844 2947 933 3006 quam
966 2928 1128 2988 Dominum

208 3016 317 3083 vocat,
339 3020 370 3071 et
391 3032 510 3072 servum
534 3031 690 3072 servorum
714 3012 786 3088 bei,
809 3031 870 3071 non
894 3010 1060 3071 credidisse
1082 3028 1129 3070 so·

208 3096 269 3156 lum
297 3095 469 3154 Romanurn
499 3093 673 3174 pontificem
708 3095 788 3154 Petri
816 3112 1024 3154 successorem
1052 3111 1129 3165 esse,

207 3188 240 3237 ut
269 3179 322 3256 qui
343 3177 507 3238 abhorreat
535 3180 676 3257 princeps
699 3176 890 3236 sacerdotum
919 3183 949 3236 et
971 3178 1129 3256 episcopo-

208 3279 272 3320 rum
297 3260 369 3334 dici,
392 3280 459 3320 cum
484 3260 568 3320 illurn
591 3261 759 3339 principem
783 3260 992 3340 apostolorum
1016 3257 1107 3319 dicat.

290 3342 375 3403 Idem
398 3344 427 3402 in
451 3345 592 3420 sequenti
615 3343 748 3421 epistola
769 3342 806 3401 ad
824 3342 1034 3403 Constantiam
1058 3360 1129 3400 eun·

207 3427 277 3486 dem
314 3426 481 3485 lohannem
515 3426 653 3485 Lucifero
687 3433 860 3503 comparat,
894 3424 1017 3486 dicens:
1053 3422 1131 3497 Quia

206 3509 292 3568 illurn
318 3508 460 3568 videlicet
481 3510 632 3582 imitatur,
669 3508 720 3586 qui
751 3509 859 3586 spretis
889 3506 996 3566 sociali
1018 3504 1130 3586 gaudio

207 3591 388 3671 angelorum
412 3591 584 3670 legionibus
607 3590 646 3650 ad
669 3591 788 3650 culmen
813 3597 941 3650 conotus
966 3596 1012 3648 est
1030 3588 1130 3668 singu-

208 3675 338 3735 laritatis
359 3693 527 3753 erumpere.

291 3755 375 3815 ldeni
396 3756 540 3834 Epistola
562 3759 611 3821 36.
642 3755 683 3818 ad
704 3755 872 3839 Eulogium
896 3754 1141 3816 Alexandrinum

199 3845 227 3899 et
245 3837 446 3899 Anastasium
468 3840 713 3905 Antiochenum
741 3841 934 3927 episcopos:
959 3839 1053 3903 dicut
1068 3834 1166 3897 noio
1202 3861 1205 3868 ·
