2709 4417
249 345 312 412 142
438 346 591 415 Disputatio
610 345 720 414 Lipsiae
737 346 836 399 habita
853 362 879 400 a
899 346 961 400 XIX

250 533 395 616 quidquid
416 535 456 594 sit
475 533 514 594 de
529 533 705 614 particulari
718 522 842 616 iudicio,
864 537 1085 617 consequentia
1102 556 1149 600 nou

247 620 341 681 valet.

194 734 196 741 ,
313 701 452 762 Transeo
476 701 669 760 autoritatem
682 700 869 762 Zachariae:
894 699 1150 782 Adsequabitgra

248 786 320 845 tiam
343 784 469 865 gratiae,
491 783 562 862 quia
584 783 778 865 tropologico
801 790 833 846 et
853 783 936 846 bono
959 802 1052 846 sensu
1072 802 1149 865 expo

248 869 342 946 nitur,
364 866 419 926 sed
441 885 504 926 non
526 867 662 946 proprio

247 981 252 989 ·
280 1016 284 1027 ,
328 950 363 1010 In
384 948 446 1010 fine
466 949 556 1008 huius
573 949 691 1008 articuli
713 947 805 1010 dicit:
828 948 959 1010 Etiamsi
980 969 1042 1012 uon
1064 957 1150 1012 essen

247 1043 308 1094 tam
332 1032 414 1093 clara
435 1032 513 1092 haec
535 1032 730 1111 testimonia,
763 1032 824 1092 boo
845 1039 949 1094 nmen
971 1032 1094 1094 deberet
1113 1053 1150 1095 ne

245 1116 416 1178 absterrere
437 1113 614 1195 theologum
628 1105 742 1194 ‚⁸qu0d
763 1117 808 1175 sic
829 1115 946 1196 absque
966 1114 1148 1178 fundamento

246 1218 390 1282 promea
413 1198 548 1276 arbitrio,
570 1217 636 1257 cnm
660 1217 719 1258 nec
739 1195 842 1277 iudex,
865 1217 925 1259 nec
945 1217 1083 1261 assessor
1102 1198 1149 1260 lue·

246 1284 324 1361 rim,
348 1288 380 1342 et
401 1288 506 1342 tamen
528 1281 688 1341 animabus
712 1281 894 1342 exeuntibus
916 1284 1076 1344 terminum
1097 1285 1149 1362 pro

216 1353 220 1369 ⁸
245 1367 379 1446 rogarim
402 1362 549 1424 merendi.
591 1363 675 1424 Idem
697 1371 863 1444 retorqueo
885 1366 917 1425 in
938 1367 1040 1445 ipsum
1060 1365 1095 1427 D.
1113 1364 1150 1445 D,

245 1468 314 1510 oum
337 1467 394 1508 nec
415 1450 482 1527 ipse
502 1446 595 1507 iudex
616 1465 676 1507 nec
698 1467 838 1508 assessor
863 1447 975 1526 fuerit,
1003 1455 1035 1508 et
1065 1455 1150 1509 tamen

245 1532 405 1592 animabus
426 1535 542 1591 certum
562 1535 673 1590 statum
701 1532 786 1590 iuxta
810 1532 973 1610 opiniones
1002 1546 1073 1592 suas
1093 1530 1150 1592 defl-

245 1617 309 1676 niat
331 1614 446 1694 absque
469 1611 689 1692 fundamento,
726 1616 906 1693 praesertim
939 1633 1008 1675 cum
1037 1614 1067 1674 id
1087 1614 1150 1676 nolit

245 1717 314 1761 esse
343 1698 520 1777 opinionem
559 1696 709 1756 duntaxat
738 1696 847 1775 (quod
882 1696 1084 1758 libentissime
1116 1706 1149 1758 to

245 1782 404 1856 lerarem),
427 1779 481 1839 sed
505 1786 620 1839 certam
642 1779 813 1840 scientiam.

233 1998 329 2058 diora
364 1996 517 2062 secunda
539 1994 718 2056 continuata
746 1993 919 2072 Disputatio
952 2011 1010 2072 por
1040 1999 1150 2059 suma·

216 2124 219 2132 '
246 2119 249 2124 ’
454 2128 490 2188 D.
512 2128 716 2188 Martinum
737 2124 960 2210 bulherum,

243 2265 303 2344 qui
319 2262 396 2323 dixit
417 2262 660 2339 declaraturum,
696 2282 730 2322 se
751 2269 835 2323 recte
857 2262 888 2339 1)
923 2271 957 2327 ct
978 2263 1103 2324 candide
1120 2264 1149 2325 de

553 2344 715 2424 Scripturis
737 2347 859 2406 sentite.

325 2511 364 2572 Et
396 2511 467 2590 quia
488 2528 556 2569 mea
577 2513 729 2571 sententia
750 2530 813 2572 non
835 2515 908 2573 satis
942 2513 1100 2573 intellecta
1117 2513 1148 2572 ri·

243 2594 331 2654 detur
352 2595 478 2675 egregio
500 2594 537 2652 D.
560 2593 613 2668 D.,
642 2603 787 2672 quantum
810 2615 938 2676 possum
959 2597 1093 2675 apertius
1112 2614 1148 2654 ne

192 2682 195 2687 ’
241 2695 375 2758 expono,
398 2675 481 2756 quod
495 2675 669 2755 Scripturas
691 2683 722 2738 et
743 2677 772 2739 S.
786 2677 891 2741 Patres
913 2680 1029 2757 antiqui
1051 2680 1081 2738 in
1102 2680 1149 2738 suis

242 2761 401 2821 sententiis
423 2760 589 2839 respiciunt
609 2759 741 2820 futuram
765 2763 868 2842 vitam,
891 2781 952 2843 qua
973 2762 1024 2821 vel
1047 2762 1150 2822 salvan·

241 2852 289 2904 tur
309 2842 361 2903 vel
383 2842 564 2902 damnantur
585 2843 725 2923 animae,
759 2846 833 2906 nihil
861 2846 900 2907 de
922 2846 1100 2924 purgatorio
1117 2846 1170 2903 in·'

242 2928 330 2986 terim
352 2927 534 3006 cogitantes.
557 2923 630 2984 ldeo
654 2927 769 2987 multae
789 2929 861 2992 illae
875 2929 1068 3005 autoritates,
1088 2946 1153 3008 quac

242 3009 397 3090 abnegant
408 3014 520 3068 statum
542 3007 681 3069 merendi
702 3012 875 3090 posthanc
897 3013 1002 3088 vitam,
1025 3029 1153 3091 nonper-

242 3095 340 3153 tiuent
360 3090 400 3151 ad
421 3092 640 3172 purgatorium.
664 3092 755 3166 Quod
775 3096 803 3158 si
821 3099 920 3158 adhuc
941 3113 1004 3154 non
1027 3094 1155 3174 intelligi·

242 3185 310 3254 tur,
346 3174 478 3255 fingatur
504 3176 714 3255 purgatorium
743 3178 859 3241 nullum
887 3195 973 3253 esse,
1004 3177 1085 3237 siout
1104 3195 1156 3238 nou

240 3260 296 3319 fuit
319 3260 383 3318 eius
405 3259 552 3339 cogitatio
575 3260 606 3317 iu
629 3259 780 3320 mentibus
803 3283 919 3327 eorum.
950 3259 1038 3320 Tunc
1067 3260 1157 3320 adhuc

240 3342 364 3404 stabunt
385 3347 416 3401 et
436 3360 528 3401 verae
550 3347 639 3401 erunt
664 3361 772 3403 omnes
802 3348 982 3410 autoritates
1014 3342 1158 3421 inductae,

241 3424 324 3505 quod
345 3433 416 3485 ante
438 3431 567 3485 mortem
588 3431 637 3485 est
658 3425 776 3504 vita²t
793 3429 938 3492 merendi.
962 3426 1083 3488 Deinde
1104 3446 1158 3487 non

240 3511 285 3568 sic
306 3509 345 3568 de
367 3509 481 3568 meritis
503 3507 614 3588 loquor
625 3510 794 3573 animarum
817 3516 849 3575 in
870 3511 1062 3594 purgatorio,
1085 3509 1159 3590 quod

241 3591 356 3670 aliquid
379 3599 557 3672 operentur,
594 3592 650 3653 sed
673 3591 757 3671 quod
779 3599 928 3678 recipiant
952 3595 1083 3673 gratiam
1106 3613 1160 3653 am·

282 3782 311 3851 1)
330 3781 362 3836 ln
381 3781 429 3840 ed,
449 3782 574 3854 origin:
599 3781 649 3849 qui
669 3778 791 3832 dixitne
810 3775 1019 3826 declaraturum
1033 3779 1111 3821 recte
1125 3777 1172 3821 eta

211 3857 251 3925 2)
272 3858 423 3914 Lossclrer
441 3856 633 3914 scribendum
655 3867 722 3906 esse
741 3847 878 3904 coniicit:
894 3845 985 3894 meta
