2709 4417
471 332 543 399 ltili.
560 334 596 391 de
612 339 751 404 potestne
768 335 868 404 Papae.
1070 331 1131 397 3OE

199 530 281 576 caro
307 525 343 579 et
365 518 509 598 sanguis,
539 517 594 583 sed
614 517 813 593 revelationis
834 523 981 596 paternae
1002 516 1132 579 auditor.

199 595 364 660 Potestne
389 600 440 660 hic
467 601 669 661 calumniator
696 601 776 661 ullus
807 600 932 660 verbum
955 599 1065 661 Christi
1092 600 1131 661 ad

199 679 334 743 Petrum
356 683 513 745 hominem
535 684 699 765 torquere?
729 682 809 758 Quid
831 683 927 763 crgo?
959 685 986 742 ls
1009 685 1060 761 qni
1081 703 1132 743 au-

199 761 292 825 ditor
316 773 366 827 est
386 773 534 845 paternae
551 767 767 845 revelationis,
794 767 866 827 huic
887 764 996 826 dantur
1017 767 1130 845 claves,

199 864 269 909 nnn
293 847 400 928 Petro,
421 869 484 910 non
499 849 563 910 filio
572 850 735 928 iohannis,
757 868 819 910 non
832 851 916 908 carni
928 856 959 908 et
979 850 1129 929 sanguini.

294 929 391 1006 Quod
413 933 438 991 si
458 933 501 993 ita
524 939 586 1011 est,
616 951 748 1012 pronum
775 933 836 991 iam
863 934 1012 1009 sequitur,
1049 931 1131 1009 quod

204 1012 291 1073 nulli
312 1016 434 1095 privato
457 1015 574 1077 homini
595 1014 686 1077 datae
700 1023 772 1076 sunt
794 1016 908 1092 claves,
930 1014 985 1074 sed
1007 1015 1066 1074 soli
1085 1033 1131 1075 ec-

204 1095 338 1157 clcsiae.
382 1095 463 1178 Quia
476 1096 514 1159 de
527 1097 614 1159 nullo
635 1100 756 1178 privato
773 1098 898 1159 homine
920 1098 995 1157 certi
1017 1117 1131 1175 sumus,

203 1178 342 1258 hebeat,
369 1199 483 1260 necne,
512 1182 732 1242 revelationem
760 1181 869 1241 Patris.
911 1180 1052 1240 Ecclesia
1079 1201 1131 1241 au-

210 1269 277 1323 tem
299 1263 370 1342 ipsa
391 1270 453 1341 est,
491 1263 530 1325 de
561 1282 621 1343 qua
642 1264 774 1325 dubitari
796 1283 859 1324 non
881 1262 969 1341 licet,
1002 1282 1070 1322 cum
1093 1265 1133 1323 sit

207 1363 326 1424 corpus
337 1345 459 1424 Christi,
481 1366 543 1407 una
564 1366 652 1425 caro,
674 1347 786 1408 eodem
799 1347 906 1425 spiritu
928 1347 1045 1424 vivens,
1069 1365 1129 1424 quo

211 1427 365 1491 Christus.
408 1429 479 1509 lpsa
506 1436 555 1490 est
576 1430 683 1490 Petrus
705 1431 757 1490 ille
779 1430 900 1490 auditor
920 1428 1129 1505 revelationis,

211 1516 245 1571 et
280 1519 428 1591 acceptor
458 1513 602 1574 clavium.
646 1511 728 1588 Quia
751 1513 834 1587 εἰσὶ)
859 1512 1032 1592 symbolum
1070 1519 1131 1571 stat

208 1592 351 1653 tirmiter:
383 1593 481 1655 Credo
511 1596 674 1656 ecclesiam
705 1603 859 1673 sanctam,
883 1595 1129 1656 communionem

210 1675 413 1753 Sanctorum,
435 1697 514 1755 non,
549 1688 582 1738 ut
603 1697 686 1739 nunc
706 1678 800 1756 aliqui
823 1679 993 1739 somniant:
1029 1676 1129 1737 Credo

210 1759 376 1819 ecclesiam
399 1768 547 1839 sanctam,
570 1780 639 1821 ease
661 1761 845 1837 Praelatum,
867 1761 916 1820 vel
938 1758 1021 1819 aliud
1043 1759 1126 1839 quod

208 1840 356 1922 lingunt.¹
383 1840 480 1904 Totus
503 1843 634 1907 mundus
657 1841 820 1905 confitetur
841 1862 911 1903 sese
934 1842 1060 1903 credere
1081 1862 1128 1902 ec·

207 1924 336 1985 alesiam
358 1933 495 1987 sanctam
518 1927 700 1987 catholicam
722 1925 804 1985 aliud
825 1926 900 1985 nihil
923 1945 1007 2002 esse,
1038 1945 1129 2005 quam

208 2009 458 2069 communionem
479 2009 672 2072 Sanctorum.
716 2009 805 2079 Unde
837 2016 869 2069 et
896 2010 1061 2088 antiquitus
1083 2028 1128 2068 ar·

207 2091 318 2151 ticulua
340 2090 413 2170 ille,
442 2091 625 2153 Sanctorum
648 2093 914 2171 communionem,
937 2111 1000 2152 non
1023 2089 1129 2152 oraha·

210 2179 266 2251 tur,
288 2182 323 2233 ut
341 2192 382 2234 ex
396 2173 507 2235 Ruffini
522 2175 666 2255 symbolo
680 2175 823 2254 exposito
837 2174 941 2235 videre
964 2175 1042 2235 lbet.
1066 2174 1126 2235 Sed

209 2256 316 2336 glossa
342 2257 446 2336 aliqua
472 2257 551 2319 forte
580 2259 742 2318 ecclesiam
775 2264 912 2318 sanctam
943 2257 1126 2318 catholicam

211 2341 356 2419 exposuit
367 2359 435 2401 esse
445 2339 475 2417 ²)
490 2343 738 2402 communionem
751 2341 942 2416 Sanctorum,
961 2340 1043 2419 quod
1061 2359 1127 2399 suc

211 2440 302 2483 cassu
326 2423 473 2502 temporis
490 2425 649 2485 intextum
667 2424 796 2485 relatum
808 2443 888 2483 nunc
910 2423 1000 2482 simul
1015 2430 1127 2484 oratur.

210 2504 271 2567 Sed
295 2523 313 2567 ο
337 2507 544 2567 necessarium
566 2515 601 2573 et
620 2506 875 2586 optabilissimum
892 2506 1015 2583 factum,
1037 2525 1127 2589 prop·

212 2596 256 2649 ter
277 2607 344 2667 eos,
367 2590 420 2667 qui
442 2589 605 2651 ecclesiam
626 2590 720 2651 hodie
741 2589 860 2668 quidvis
884 2596 1012 2667 vocant,
1035 2608 1126 2668 quam

213 2672 673 2757 communionemSanctorum.

296 2753 440 2832 Sequitur
462 2763 580 2815 autem:
610 2755 650 2816 Et
671 2775 763 2835 super
784 2755 864 2815 hanc
886 2762 1003 2833 petram
1025 2752 1127 2814 aedili·

215 2836 292 2898 cabo
316 2837 479 2898 ecclesiam
504 2857 614 2903 meam.
658 2838 690 2899 Si
712 2858 767 2917 per
789 2838 995 2916 hancpetram
1018 2836 1128 2896 intelli·

210 2922 309 3001 gimus
332 2927 519 3000 potestatem
540 2940 656 3001 papae,
679 2920 768 2999 vide,
791 2920 864 2999 quid
886 2921 1023 2980 iacimus.
1066 2920 1127 2979 Pri-

212 3023 291 3062 mum
328 3004 481 3082 sequitur,
516 3004 599 3083 quod
634 3004 766 3065 ecclesia
787 3003 940 3083 primitiva
971 3002 1127 3083 apostolo·

211 3105 276 3147 rum
298 3105 364 3147 nnn
386 3087 442 3146 suit
463 3089 611 3164 ecclesia,
634 3088 705 3165 quia
730 3088 836 3147 Petrus
856 3085 907 3167 (ut
928 3084 1036 3147 solidis
1059 3104 1127 3165 pro-

211 3169 277 3231 bem
300 3172 508 3250 argumentis)
533 3189 614 3231 anno
637 3170 758 3230 decimo
794 3177 905 3229 octavo
941 3167 1041 3228 adhuc
1073 3169 1128 3227 suit

208 3250 454 3333 Hierosolymis,
484 3253 614 3313 necdum
648 3253 768 3313 viderat
794 3253 941 3326 Romam,
979 3250 1062 3329 quod
1089 3270 1127 3308 ex

207 3335 306 3396 Paulo
331 3334 371 3394 ad
394 3334 563 3418 Galatam)
588 3335 769 3414 clarumflt,
791 3336 841 3415 qui
863 3333 977 3411 scribit,
1000 3353 1033 3394 se
1056 3345 1128 3411 post

207 3420 447 3481 conversionem
462 3419 508 3479 sni
519 3419 632 3481 abiisse
642 3420 771 3498 primum
792 3420 823 3477 in
840 3417 995 3494 Arabiam,
1017 3414 1128 3475 deinde

210 3509 285 3584 post
308 3519 408 3562 annos
431 3510 492 3562 tres
514 3503 636 3563 venisse
658 3501 922 3580 Hierosolymam,
950 3499 1055 3560 videre
1075 3499 1128 3558 Pe·

207 3593 306 3663 trum,
343 3603 381 3644 ac
409 3593 520 3664 postca
548 3591 618 3665 pnst
644 3584 874 3663 quatuordecim
897 3601 995 3645 annos
1023 3600 1128 3643 ascen-

237 3773 272 3837 1)
291 3773 323 3823 In
344 3771 384 3823 od.
402 3773 523 3839 priora:
541 3772 598 3828 hic.
636 3772 673 3843 2)
694 3772 767 3830 lbid.
786 3771 881 3830 deest:
900 3789 976 3832 esse.

230 3838 262 3904 'J
284 3838 372 3891 Galat.
391 3841 418 3893 2.
441 3841 530 3896 Galat
554 3845 582 3899 1.

852 3927 904 3996 Ἃ)
922 3922 944 3964 a
