2709 4417
274 347 338 414 258
504 349 595 404 &eol
618 350 644 403 L.
663 366 749 419 anper
764 348 950 418 proposition.

279 557 347 614 noa,
369 536 423 598 aed
448 555 556 598 omnes
578 556 645 609 noa,
668 545 701 599 et
720 539 881 599 nniveraae
902 538 1039 599 iustitiae
1059 543 1171 616 nostrae,

279 622 434 682 neminem
449 621 748 700 excepit,'etnullam
760 622 905 682 iustitiam
918 618 1065 680 mundam
1075 623 1172 682 aaeeit

277 703 361 784 Ergo
385 723 445 763 non
471 711 573 783 potest
590 703 668 763 trahi
691 703 730 764 ad
749 705 879 783 aliquos,
901 704 953 783 qni
967 702 1171 784 nonfnerintl)
1217 720 1218 727 ¹

275 787 374 866 gratia
389 784 552 864 iustificati,
575 804 633 846 neo
642 786 788 847 adaolam
802 785 945 867 legalem,
958 785 1014 846 aed
1027 784 1171 863 adomnea

277 868 367 929 etad
399 888 522 929 omnem
544 870 689 930 iustitiam
711 888 827 932 aarum.
861 868 905 930 At
925 875 1042 930 eertum
1062 875 1116 946 eat,
1134 869 1173 929 ali
1216 930 1218 933 .

276 959 352 1030 quot
373 954 452 1011 inter
474 971 529 1013 eoa
550 953 664 1030 firmae,
686 954 738 1032 qui
759 953 826 1032 plua
848 971 940 1031 quam
963 950 1056 1032 legali
1076 951 1173 1012 iustitia

278 1036 348 1094 iueti
372 1041 490 1111 esseut,
520 1041 552 1095 et
572 1035 662 1095 aliam
685 1053 774 1113 quam
797 1035 943 1094 iustitiam
966 1033 1097 1114 legalem
1116 1041 1173 1099 tuno
1215 1048 1218 1053 '

276 1118 370 1176 luieae
384 1117 484 1196 airnul,
507 1124 648 1177 ettamen
661 1117 735 1177 dioit
746 1115 1055 1194 omneeimmundoa,
1077 1123 1106 1175 at
1123 1118 1172 1176 uni-

278 1219 382 1259 versae
403 1201 531 1260 iustitiae
553 1199 698 1280 pollutas.
741 1200 843 1274 Quare
864 1201 961 1262 vineit
982 1199 1062 1260 haee
1081 1201 1173 1259 autori-

276 1289 332 1360 tas,
355 1292 387 1342 et
407 1289 468 1342 tarn
493 1290 598 1362 aperta
618 1281 713 1343 verba
735 1290 851 1363 cogunt
871 1284 1080 1360 ouiusounque
1099 1284 1172 1342 inter·

275 1367 477 1444 pretationem
500 1364 676 1445 posthaberi
699 1384 755 1427 auo
778 1367 972 1445 apertissimo
996 1365 1109 1425 aenaui.

355 1447 417 1508 aad
442 1456 473 1508 et
492 1448 567 1507 illud
585 1449 666 1510 malo
677 1448 870 1529 intelligendi
886 1468 942 1508 ueu
964 1447 1171 1526 dienen-quod

275 1531 391 1589 iustitia
412 1530 519 1610 legalia
542 1531 633 1591 fuerit
648 1531 807 1590 immunda
827 1531 866 1590 ad
888 1532 1036 1592 iustitiam
1060 1549 1172 1610 evange

277 1613 366 1672 lieam
388 1622 575 1694 comparata.
599 1613 697 1697 ,Quia
724 1613 774 1674 lex
796 1620 952 1693 uteunque
974 1611 1173 1674 oeremonialie

276 1704 342 1756 erat
364 1695 457 1774 bona,
479 1705 510 1756 et
531 1717 549 1756 a
573 1697 638 1758 Deo
660 1697 814 1775 instituta,
847 1716 942 1776 quare
970 1697 1089 1756 iustitia
1109 1697 1172 1756 eiua·

274 1778 343 1838 dem
367 1797 428 1838 non
452 1785 520 1839 erat
541 1780 579 1839 de
602 1799 635 1838 ae
652 1779 809 1839 immunda
829 1778 1014 1858 ullomodo,
1035 1795 1104 1839 eum
1117 1786 1174 1856 tune

273 1881 336 1921 non
360 1863 457 1921 minue
479 1868 663 1942 cogerentur
690 1882 727 1923 ea
755 1881 894 1940 servare,
926 1881 1020 1942 qnam
1047 1860 1172 1941 ‹leeulogi

274 1951 449 2024 praecepta.
490 1944 574 2022 ldae,
596 1946 648 2025 qui
667 1944 707 2005 de
727 1946 942 2026 iustitia·legia
965 1954 1112 2023 tanquam
1130 1944 1171 2003 im

275 2027 388 2089 munda
408 2027 583 2105 loquuntur,
605 2028 704 2088 aolum
717 2029 883 2108 respiciunt
898 2027 938 2088 ad
952 2034 1075 2108 tempus
1095 2045 1171 2087 enn-

273 2110 356 2188 gelii,
378 2111 409 2169 in
432 2128 493 2188 quo
516 2118 563 2170 eet
584 2110 742 2191 abrogata,
764 2130 826 2171 non
850 2111 922 2189 quia
942 2109 1110 2188 immunda,
1129 2107 1170 2169 aad

273 2194 344 2270 quia
365 2191 506 2252 fiduoiam
529 2191 697 2273 praebebat
717 2194 816 2253 stultia
838 2201 945 2255 eontra
967 2195 1096 2275 gratiam
1117 2192 1169 2267 Dei,

273 2282 306 2335 ot
323 2276 490 2354 Apostolus
512 2275 552 2335 ud
562 2275 663 2337 Galat.
686 2283 718 2337 et
732 2277 820 2338 Rom.
843 2277 944 2337 doeet.
988 2275 1091 2352 Quare
1110 2277 1170 2335 aient

272 2358 485 2418 ceremonialia
506 2360 621 2419 institia
652 2369 718 2419 erut
738 2358 821 2420 bona
842 2366 874 2420 et
893 2366 1002 2436 reeta,
1033 2365 1066 2420 et
1085 2366 1167 2419 tanen

273 2441 439 2519 immunda,
471 2442 515 2500 ita
547 2449 579 2502 et
611 2441 753 2522 deoalogi
781 2461 887 2504 eorum
908 2443 1026 2502 iustitia
1045 2448 1110 2502 arat
1126 2442 1167 2500 iu-

273 2523 396 2602 munda,
419 2523 642 2602 quantumlibet
657 2524 748 2586 bona.
771 2525 925 2605 Propheta
946 2527 1029 2585 enim
1051 2543 1106 2606 pro
1124 2541 1168 2584 auo

221 2681 226 2688 .
272 2613 412 2684 tempore
433 2606 581 2686 loquitur,
615 2625 676 2686 quo
708 2609 823 2669 iustitia
850 2609 928 2689 lagia
955 2606 1093 2669 nondum
1119 2613 1169 2667 erat

273 2689 439 2770 abrogata,
469 2689 585 2770 alioqui
609 2689 792 2769 dicendum,
825 2691 907 2770 quod
929 2691 1014 2761 Deua
1036 2692 1081 2751 eia
1101 2708 1168 2771 prae

271 2774 405 2852 oepiaeet
430 2773 589 2835 immunda
616 2793 755 2852 servare,
793 2772 876 2853 quod
909 2781 957 2834 eet
991 2773 1168 2834 detestabile.
1213 2784 1218 2821 ῖ

270 2854 336 2915 Stat
358 2874 431 2935 ergo
444 2856 569 2916 verbum
582 2858 743 2917 universae
764 2857 898 2918 iustitiae
920 2862 1050 2917 nostrae
1064 2858 1168 2917 immun

272 2938 339 3016 dae,
364 2946 395 2998 et
418 2957 525 2999 omnes
548 2958 606 3000 noe
627 2938 786 3000 immundi.

274 3049 305 3086 a
356 3021 513 3099 Secundo,
542 3022 616 3082 illud
645 3021 749 3085 Eeele.
775 3027 811 3088 7:
843 3022 913 3083 Non
947 3025 996 3083 eat
1029 3023 1123 3082 iustus
1146 3021 1170 3079 in

272 3111 361 3181 terra,
383 3105 434 3183 qui
448 3105 628 3182 benefaciat,
652 3113 685 3164 et
704 3124 769 3167 non
786 3112 903 3186 peeeet.
926 3104 1015 3167 Solet
1035 3111 1132 3166 autam
1149 3109 1172 3162 et

271 3187 331 3247 hoe
352 3188 477 3248 verbum
501 3189 545 3249 eie
567 3188 664 3264 eludi,
688 3188 770 3267 quod
791 3191 887 3249 iuetna
908 3187 1076 3268 aliquando
1097 3188 1171 3263 bene

271 3270 351 3348 lauit,
373 3270 539 3349 aliquando
557 3278 681 3351 peoeat,
704 3272 759 3332 aed
781 3272 917 3332 hoenon
939 3271 1040 3333 stabit.
1064 3270 1172 3333 Sienim

272 3353 332 3413 hoo
353 3354 510 3430 voluisset,
531 3353 696 3424 suffecerat
716 3355 834 3416 dicere:
856 3354 927 3414 Non
950 3363 998 3414 eat
1018 3357 1113 3414 iustus
1131 3351 1171 3430 qui

271 3455 333 3495 non
346 3444 463 3516 peceat,
485 3436 558 3514 quid
581 3438 661 3496 enim
681 3437 882 3518 superflueret
894 3435 1005 3509 verbis,
1028 3437 1113 3515 quaei
1130 3433 1172 3493 ali·

271 3520 337 3596 quie
359 3521 399 3578 ait
419 3520 532 3597 iustus,
571 3522 622 3597 qui
644 3519 780 3663 faeiat?
805 3519 907 3580 male?
941 3520 1109 3580 nonenim
1127 3516 1173 3576 niti

270 3604 365 3661 inatus
385 3601 555 3680 laoitbene,
577 3611 608 3662 et
628 3622 648 3661 a
662 3602 741 3664 bene
765 3603 894 3666 ueiendo
917 3603 1014 3662 iuatua
1026 3608 1085 3663 eat.
1104 3599 1175 3677 ideo,

168 3716 175 3729 ι
271 3696 303 3749 ut
325 3688 479 3767 exprimat
501 3686 623 3764 vitium,
643 3685 750 3764 auoit,
767 3689 820 3764 qui
839 3686 932 3745 faeiat
951 3685 1050 3762 beneq
1076 3690 1107 3746 et
1124 3701 1175 3743 non

272 3868 328 3939 ‚0
350 3871 383 3922 ιη
407 3869 455 3924 ed,
480 3869 576 3943 origg
595 3864 725 3916 luerunt.
758 3853 796 3922 ‘ll
814 3850 851 3900 ln
869 3848 915 3899 ab.
933 3845 1112 3898 lencstaett.
