2709 4417
376 407 379 412 .
424 362 459 418 da
479 361 658 419 Sacrameuto
677 365 816 436 baptismi.
974 323 976 326 Ι
1028 354 1093 427 409

259 547 390 608 Decimo
413 569 512 629 nono,
542 552 612 629 quia
634 557 736 611 autem
758 550 927 631 baptismus
950 568 1005 610 cen
1028 548 1092 610 tbe·

185 648 283 690 laurus
307 631 428 710 quidam
450 634 568 713 gratiae
600 634 722 694 divinae
743 642 775 694 et
796 633 1016 694 consolationis
1036 639 1093 710 est,

185 712 247 772 deo
270 732 399 794 magnas
426 717 493 776 Deo
516 718 645 796 gratias,
677 716 797 776 laudem
826 736 863 776 ac
885 717 1014 797 gloriam
1035 733 1091 796 pro
1158 784 1164 793 ,

185 814 212 854 ro
248 815 306 855 nos
337 796 449 858 debere
482 801 658 859 sentiamus.
703 800 779 860 Puto
802 802 881 860 enim
904 806 1028 859 nostrae
1049 800 1092 858 in·

185 879 369 954 gratitudinis
390 881 470 941 hane
491 882 738 962 fuissepoenam,
761 882 843 961 quod
864 882 919 942 illo
935 882 1093 962 superiore

185 961 281 1021 leculo
315 966 472 1024 excaecati
505 984 629 1045 prorsus
661 967 903 1046 ignoraverimus
934 970 1033 1026 tantas
1060 965 1092 1024 in

185 1046 329 1123 laptismo
358 1046 494 1127 sepultas
523 1067 610 1129 opes.
653 1049 729 1108 Cum
760 1050 839 1108 enim
872 1049 1025 1129 baptismo
1056 1065 1094 1107 ao

185 1128 274 1205 grstia
297 1147 353 1188 sua
373 1130 456 1189 Deus
478 1131 623 1191 mundum
647 1132 813 1209 obruisset,
842 1150 900 1192 nos
929 1137 1032 1191 tamen
1061 1131 1093 1190 in

185 1210 308 1269 nolesta
330 1230 425 1292 opera
445 1213 596 1294 prolapsi,
630 1222 702 1293 post
722 1214 934 1295 indulgentiis,
964 1214 1093 1292 aliisque

185 1292 324 1353 imilibus
353 1296 443 1376 nugis
465 1295 586 1376 decepti
619 1316 656 1355 ao
686 1297 803 1356 seducti
831 1316 944 1358 sumus.
986 1295 1094 1375 Neque

185 1376 258 1435 rrius
281 1375 349 1436 Deo
378 1379 518 1438 volumus
540 1379 681 1455 credere,
724 1398 814 1459 quam
844 1381 1094 1439 satisfecissemus

185 1476 230 1516 >ro
250 1462 398 1536 peccetis,
420 1462 548 1541 perinde
569 1469 661 1541 atque
684 1463 709 1521 si
731 1463 872 1522 venalem
894 1463 1007 1522 nostris
1021 1480 1094 1542 ope·

187 1539 255 1600 ibus
278 1544 409 1621 gratiam
426 1540 640 1624 proposuisset
660 1546 754 1606 Deus.

257 1625 381 1698 Verum,
405 1629 455 1704 qni
478 1646 540 1688 non
564 1629 609 1687 sic
629 1629 731 1704 sentit,
755 1627 837 1707 quod
850 1628 933 1687 Deus
956 1646 1011 1707 per
1028 1645 1095 1708 gra·

185 1707 246 1765 iam
270 1719 451 1785 peccatores
474 1711 636 1791 suscipiat,
667 1711 779 1772 toleret
800 1729 837 1772 ac
859 1711 973 1788 salvet,
995 1727 1096 1788 neque

185 1789 236 1847 ilia
259 1791 380 1850 ratione
412 1791 555 1853 iudicium
585 1794 641 1853 Dei
669 1812 764 1873 posse
791 1794 932 1853 sustineri
955 1812 972 1852 a
995 1793 1095 1870 nobis,

185 1890 264 1948 pram
296 1874 449 1950 praesidio
484 1877 617 1955 gratiae,
649 1877 674 1934 is
709 1895 808 1955 neque
836 1880 958 1952 amare,
992 1893 1093 1953 neque

185 1953 461 2016 ›raedicareDeum
485 1977 616 2037 unquam
639 1961 762 2039 poterit,
785 1958 839 2019 sed
856 1967 1004 2039 perpetuo
1028 1965 1092 2018 tan·

185 2055 264 2114 pram
288 2037 473 2098 horrendum
496 2042 626 2100 iudicem
650 2043 840 2104 extimescet.
882 2042 915 2101 ln
939 2041 1091 2120 baptismo

185 2127 277 2179 ‚utem
301 2121 383 2180 Deus
406 2123 474 2182 talis
498 2124 705 2203 praedicatur,
729 2124 811 2202 quod
834 2143 891 2184 nos
912 2130 1092 2203 peccatores

186 2203 329 2281 uscipiat,
352 2205 440 2264 nobis
463 2214 578 2285 parcat,
601 2208 631 2266 in
655 2206 720 2266 dies
733 2209 831 2288 magis
853 2225 890 2267 ac
902 2207 999 2286 magis
1022 2225 1092 2285 pec

185 2290 312 2344 ntorum
334 2287 477 2365 reliquias
500 2297 657 2369 expurget,
702 2290 838 2350 Eccum
861 2289 947 2349 audit
968 2308 1039 2363 cor,
1061 2295 1093 2348 et

185 2373 351 2428 cnstanter
372 2370 483 2446 credit,
516 2391 578 2431 non
607 2380 711 2450 potest
738 2392 799 2432 non
823 2371 936 2452 gaudio
959 2372 1091 2450 exsilire,

185 2469 276 2510 ¹mare
298 2460 329 2510 et
350 2452 527 2531 praedicare
549 2455 656 2514 Deum.
1047 2532 1049 2537 ἲ
1084 2468 1086 2473 ’

254 2533 360 2593 Talem
385 2555 507 2615 quoque
530 2538 619 2597 nobis
641 2537 793 2617 propheta
811 2538 908 2597 Deum
932 2537 1091 2597 describit:

185 2615 258 2675 liont
279 2623 368 2695 pater
389 2621 488 2698 parcit
508 2619 592 2698 liliis,
621 2621 663 2679 ita
692 2639 750 2700 ego
773 2621 832 2679 illis
855 2639 989 2698 parcam.
1032 2620 1091 2680 Re

185 2699 300 2775 quiritur
325 2701 416 2779 igilur
445 2719 466 2759 a
493 2702 597 2780 nobis,
632 2710 664 2761 ut
694 2703 903 2782 amplissimae
929 2704 1091 2782 maiestati,

185 2800 251 2858 puae
280 2801 337 2841 nos
360 2785 491 2846 miseros
523 2804 561 2845 ae
592 2783 754 2846 damnatos
777 2805 896 2845 vermes
919 2790 1004 2845 tanta
1025 2805 1091 2866 gra·

185 2864 212 2923 ia
233 2883 273 2923 ac
295 2866 503 2927 misericordia
524 2869 728 2947 prosequitur,
750 2887 877 2948 agamus
900 2870 1031 2949 gratias,
1054 2886 1091 2927 ac

185 2948 413 3008 niserioordiam
435 2950 536 3030 illam,
559 2951 638 3010 sicut
659 2959 805 3028 meretur,
833 2970 1038 3031 agnoscamus
1056 2957 1092 3010 ¹et

185 3028 412 3092 ›raedioemua-

258 3113 423 3192 Vigesimo,
447 3134 550 3175 verum
574 3115 744 3175 cavendum
768 3125 815 3176 est
836 3116 900 3190 hic,
922 3128 961 3176 n'e
984 3134 1091 3176 secure

185 3195 296 3254 limium
319 3215 461 3276 agamus,
501 3205 532 3259 et
561 3199 606 3257 sic
627 3200 811 3258 sentiamus:
848 3199 879 3260 Si
903 3205 1004 3259 tautum
1027 3198 1090 3258 tbe·

185 3296 278 3337 eurus
300 3279 418 3358 gratiae
451 3281 481 3339 in
504 3280 657 3360 baptismo
687 3289 733 3341 est
755 3283 922 3361 repositus,
954 3287 987 3340 ut
1007 3281 1090 3342 Deus

185 3369 300 3420 ›eccata
320 3362 472 3441 imputare
499 3363 593 3440 nolit,
628 3371 659 3423 et
688 3366 712 3424 si
740 3366 841 3425 statim
871 3365 999 3424 remissa
1020 3369 1092 3422 sunt

185 3451 300 3503 eccata
323 3445 351 3503 vi
374 3444 534 3524 baptismi,
565 3465 633 3506 oum
657 3466 714 3506 nos
738 3447 776 3506 ab
799 3449 842 3507 eis
863 3447 1090 3524 recesserimus,
1125 3510 1127 3513 .

185 3546 233 3585 nm
257 3544 383 3586 securus
406 3529 524 3602 omnia,
546 3535 580 3589 ut
603 3529 673 3588 mibi
698 3530 863 3609 placuerit,
887 3548 967 3589 nunc
989 3548 1089 3609 agam.

185 3610 299 3680 'ossum
324 3609 491 3688 aliquando
513 3617 594 3691 post,
618 3630 686 3671 cum
719 3613 914 3672 commodum
929 3610 1089 3689 videbitur,

185 3693 218 3750 el
250 3692 343 3751 etiam
371 3693 403 3752 in
433 3696 540 3754 mortis
567 3695 704 3774 periculo
733 3694 875 3775 baptismi
903 3695 1089 3772 meminisse,

185 3780 196 3830 ι
216 3773 325 3910 ἔειιιη
358 3776 407 3834 sui
434 3794 639 3840 commonere
661 3778 819 3861 foederis,
851 3797 892 3840 ac
922 3778 1107 3840 concussere

185 3869 214 3928 tp
238 3869 319 3913 smo,
