2709 4417
188 366 194 376 ·
236 344 300 414 222
595 346 693 400 Sermo
707 347 824 399 *lutheri

239 556 291 598 sus
314 534 558 617 desperandum,
598 540 628 593 et
660 534 745 594 nullo
779 532 875 594 modo
905 531 1003 593 libero
1028 533 1128 599 arbitio

239 618 454 681 confidendum
478 624 534 696 est,
557 618 648 681 etiam
671 616 710 676 ad
726 618 883 676 minimum
906 635 984 696 opus
999 617 1063 677 Deo
1081 629 1129 699 gri-

238 711 300 763 tum
324 700 526 762 efficiendum.

320 785 472 859 Quociroa
498 783 578 843 bene
608 783 815 862 Hieronymus
853 801 947 862 super
973 783 1032 842 hoe
1059 801 1130 843 evan-

238 868 321 948 gelio
344 866 425 945 diois,
448 868 566 927 soilioet
588 865 756 926 notandum
780 885 858 943 esse,
882 865 1038 944 quomodo
1069 866 1131 926 Chri·

238 959 302 1011 stus
325 951 493 1030 discipulos
522 968 595 1009 suos
626 949 811 1028 interroget,
849 948 922 1028 quid
944 948 1079 1009 homines
1104 951 1132 1009 de

238 1052 273 1093 se
294 1034 471 1112 loquantur,
505 1039 631 1112 postea,
653 1030 726 1109 quid
748 1033 807 1110 ipsi
828 1031 868 1091 de
891 1051 926 1091 se
949 1031 1131 1109 loquerentur,

238 1118 324 1194 quasi
353 1118 411 1196 ipsi
440 1116 581 1176 homines
610 1133 672 1174 non
701 1121 814 1175 essent.
858 1114 1018 1193 Siquidem
1049 1134 1131 1175 vemm

239 1205 306 1276 est,
329 1199 484 1259 hominem
507 1200 605 1278 gratia
626 1197 762 1256 adiutum
792 1197 860 1276 plus
884 1196 1029 1276 quiddam
1052 1204 1080 1256 et
1096 1218 1132 1256 an-

240 1284 357 1362 gustius
379 1301 464 1359 esse,
497 1300 588 1360 quam
617 1281 789 1358 hominem,
824 1290 917 1358 atque
947 1280 1027 1339 adeo
1058 1284 1134 1359 gratia

238 1366 294 1424 Dei
317 1366 414 1444 ipsum
443 1364 622 1425 deiformem
659 1362 760 1422 reddit
788 1371 820 1422 et
840 1364 928 1442 quasi
952 1361 1084 1440 deffleat,
1110 1371 1134 1423 ιιι

145 1502 148 1508 .
239 1453 271 1508 et
291 1447 447 1527 Scriptura
466 1449 566 1527 ipsum
589 1447 698 1523 Deum,
720 1452 752 1506 et
772 1447 829 1506 Dei
851 1444 948 1505 filium
970 1452 1070 1505 vocet.

319 1531 366 1591 lta
386 1530 542 1591 hominem
566 1548 659 1608 supra
681 1548 804 1588 earnem
827 1535 867 1589 et·
881 1530 1063 1609 sanguinem
1081 1531 1133 1588 exui

238 1620 371 1694 oportet,
394 1621 425 1673 et
445 1614 512 1692 plus
535 1632 625 1691 quam
642 1613 798 1672 hominem
821 1611 904 1688 fieri,
939 1613 965 1672 si
986 1613 1080 1670 iustus
1098 1631 1133 1672 to·

237 1714 302 1755 ram
325 1697 391 1756 Deo
415 1715 483 1757 esse
506 1697 618 1775 oupiat.
661 1695 730 1754 Hoo
752 1703 814 1754 tum
837 1694 880 1772 iit,
903 1713 972 1754 oum
996 1697 1133 1774 oognosoit

238 1778 332 1840 homo
354 1779 414 1838 hoo
435 1779 492 1839 sibi
514 1777 722 1858 impossibile,
761 1784 793 1837 et
813 1777 934 1837 deieoto
957 1779 1060 1836 animo
1083 1797 1132 1857 gra·

239 1863 311 1921 tiam
335 1862 392 1921 Dei
413 1863 548 1940 quaerit,
581 1879 618 1921 ao
645 1862 677 1919 in
709 1880 742 1919 se
764 1863 832 1940 ipso
854 1862 977 1940 penitus
1003 1859 1132 1938 desperat

238 1951 348 2024 postea
380 1944 503 2004 demum
535 1944 618 2004 bona
650 1962 745 2022 opera
775 1952 951 2022 sequuntur.
996 1943 1069 2003 Cum
1088 1945 1132 2002 iau

239 2030 282 2086 ita
304 2027 431 2088 obtenta
452 2034 499 2087 est
521 2028 628 2107 gratia,
652 2036 715 2085 tum
737 2045 809 2085 vere
826 2026 952 2086 liberam
966 2026 1133 2087 voluntatem

238 2110 352 2187 habes,
378 2117 440 2170 tum
463 2110 546 2189 quod
568 2113 597 2169 in
621 2116 651 2169 te
673 2117 721 2169 est
742 2110 846 2170 faoito.
885 2111 964 2168 Fieri
986 2110 1094 2187 nequit,
1110 2119 1133 2168 nt

239 2194 321 2253 Deus
343 2193 434 2252 alioui
456 2195 584 2273 gratiam
607 2213 693 2251 suam
716 2200 828 2272 neget,
851 2194 902 2271 qui
925 2193 966 2251 ad
988 2193 1067 2251 huno
1085 2211 1131 2251 mo

239 2276 310 2335 dum
333 2295 371 2335 ex
394 2282 459 2336 toto
483 2275 577 2336 oorde
596 2275 839 2337 imbeoiilitatem
862 2285 894 2336 et
915 2294 1002 2335 suam
1025 2275 1131 2354 indigni-

238 2366 331 2420 tatem
355 2361 511 2440 agnoseit,
545 2367 577 2421 et
604 2359 642 2418 de
671 2377 704 2417 se
726 2377 850 2438 prorsus
872 2361 1027 2437 desperat.
1068 2358 1132 2417 Haeo

239 2443 356 2522 optima
378 2450 408 2502 et
431 2444 572 2522 proxima
594 2450 641 2501 est
662 2441 701 2500 ad
723 2443 851 2522 gratiam
874 2443 1082 2520 praeparatio,
1109 2448 1133 2498 ut

239 2525 310 2584 diva
333 2524 427 2605 Virgo
450 2528 479 2584 in
502 2543 558 2585 suo
580 2525 695 2605 hymno
720 2523 812 2583 docet
832 2543 869 2582 ao
891 2525 984 2583 dioit:
1015 2524 1132 2583 Esurien-

136 2632 139 2646 ·
239 2614 285 2667 tes
309 2608 396 2668 bonis
418 2608 534 2687 implet,
558 2614 589 2667 et
611 2608 721 2669 divites
742 2608 850 2666 inanes
872 2607 1008 2668 dimittit.

322 2691 407 2751 Haeo
439 2690 645 2770 praedicenda
680 2700 799 2766 essent,
830 2696 861 2749 et
892 2690 1035 2749 homines
1069 2689 1133 2768 prius

240 2774 372 2834 exuendi
393 2794 449 2834 sua
470 2775 594 2854 propria
614 2767 831 2853 persuasione,
866 2780 898 2832 et
927 2774 1006 2832 falsa
1034 2771 1134 2845 fidutia

239 2861 311 2939 post
342 2876 414 2918 vero
452 2859 541 2918 bonis
571 2856 715 2939 operibus
750 2856 907 2935 implendi.
957 2855 1072 2916 Contra
1101 2854 1135 2912 illi

239 2942 327 3021 plura
348 2940 387 3001 de
408 2941 496 3001 bonis
516 2940 659 3020 operibus
682 2938 811 2998 subinde
831 2938 1005 3014 inouioaut,
1029 2947 1059 2998 et
1078 2938 1137 2995 mire

238 3043 340 3104 pauoa
370 3023 409 3083 de
435 3025 523 3084 initio
547 3023 680 3083 faoiendi
701 3021 783 3081 bona
804 3040 914 3100 opera,
948 3024 978 3080 iu
1002 3040 1064 3099 quo
1084 3020 1137 3100 plus

239 3108 329 3167 situm
352 3115 413 3179 est,
437 3127 528 3187 quam
551 3108 580 3165 in
604 3107 693 3167 bouis
716 3105 870 3185 operibus.
914 3105 973 3164 Ubi
995 3106 1076 3164 enim
1095 3103 1138 3162 ini·

239 3193 283 3251 tia
310 3210 373 3251 non
401 3191 481 3251 bene
502 3191 631 3268 habent,
665 3208 734 3248 raro
767 3190 867 3247 exitus
900 3188 973 3248 felix
1007 3188 1138 3266 sequitur,

240 3275 291 3335 ubi
313 3281 415 3334 autem
437 3277 536 3354 gratia
557 3275 614 3334 Dei
636 3273 765 3333 obtenta
785 3282 848 3349 est,
882 3270 1005 3331 abunde
1028 3286 1138 3350 operum

239 3377 273 3418 se
296 3365 392 3418 uetur.
1082 3369 1092 3392 ⁸

275 3376 294 3437 q
321 3441 502 3501 Huiusmodi
533 3439 708 3519 desperatio
736 3436 782 3496 sui
804 3442 836 3496 et
857 3438 976 3516 gratiae
996 3435 1138 3514 inquisiti(

240 3543 303 3584 non
325 3525 433 3585 horem
466 3529 520 3582 aut
541 3523 728 3600 aliquantum
752 3522 898 3598 temporis
920 3518 1031 3579 durare
1054 3518 1137 3578 debet

239 3613 312 3688 post
332 3607 488 3683 desinere,
523 3625 627 3665 veram
656 3605 761 3664 omnia
781 3621 878 3682 opera
899 3610 1020 3678 nostra,
1053 3600 1138 3662 verba

238 3691 454 3774 cogitationes,
477 3688 582 3771 quoad
600 3688 653 3748 hie
664 3689 810 3761 uiuimus,
827 3705 894 3743 non
912 3685 1002 3742 aiiter
1015 3686 1138 3744 ordinati

224 3776 300 3858 sint,
322 3797 421 3861 quam
439 3796 504 3856 eo,
528 3782 564 3836 ut
585 3789 750 3851 nunquam
766 3784 838 3824 non
856 3764 1051 3853 natitatem
1069 3765 1138 3832 nasu

214 3863 361 3930 abundi
384 3866 512 3944 simus,
549 3867 584 3922 at
613 3857 647 3917 in
666 3854 733 3915 Dei
764 3848 891 3928 maone
909 3839 1073 3898 immi*
1095 3844 1131 3890 at
