2709 4417
469 363 488 401 a
504 347 625 401 boaria
644 353 767 416 excepta.
880 393 885 398 .
1015 347 1077 423 125
1142 358 1147 370 ’

189 553 209 594 rs
228 531 344 593 Romae
366 533 419 593 vel
440 534 472 593 in
495 534 561 594 aliis
584 533 712 595 ecclesis
725 540 858 613 exortas,
880 536 959 597 sicut
980 537 1078 617 pridie

189 618 232 695 ixi,
254 614 335 693 quod
358 617 390 675 in
404 617 547 677 Romana
568 617 642 677 sede
663 617 785 677 luerunt
805 617 929 678 ducenti
952 626 983 679 et
1005 619 1079 681 duo·

189 701 253 759 esim
265 699 378 777 Papae,
402 705 557 760 ettamen
580 708 652 759 ante
675 719 781 760 eorum
803 702 991 762 amotionem
1014 703 1078 762 nul·
1120 702 1126 712 ⁸

189 803 205 841 s
235 779 392 842 definitive
425 788 457 842 et
484 784 666 843 sententiam
694 782 823 844 ferendo
851 785 881 843 in
909 783 969 844 lide
998 804 1078 846 erra-

189 866 242 926 rrit.
631 905 635 915 ·

239 945 287 1005 Ad
297 946 514 1026 Theophilum,
537 967 627 1025 quem
649 967 705 1027 pro
729 954 873 1008 suonntu
895 956 988 1028 negat
1010 950 1076 1009 sine

191 1031 282 1089 icuius
305 1029 355 1088 vel
377 1030 550 1089 autoritatis
581 1029 629 1090 vel
656 1031 785 1091 rationis
807 1029 952 1103 inductu,
975 1032 1077 1106 miror,

189 1111 237 1172 lod
260 1112 487 1173 ecclesiasticos
510 1113 614 1172 Patres
637 1114 680 1172 ita
701 1113 879 1189 contemnit,
902 1114 953 1191 qui
975 1113 1077 1193 sophi-

189 1198 211 1255 is
232 1202 279 1254 est
300 1193 467 1255 admodum
487 1194 633 1265 infensus,
655 1195 860 1274 Augustinum
875 1195 1004 1272 induxit,
1026 1197 1077 1274 qni

189 1276 326 1356 beopbilo
349 1296 412 1336 non
435 1277 623 1356 adversatur,
646 1277 799 1337 Christum
812 1278 947 1337 locutum
970 1277 1008 1337 de
1025 1298 1077 1358 ge·

189 1380 229 1420 ere
250 1361 396 1438 martyrii.
420 1358 481 1419 Sed
504 1358 629 1438 doceat,
654 1359 705 1420 ubi
726 1361 915 1438 Augustinus
937 1360 1076 1436 ordinem

189 1443 326 1502 misterii
349 1443 518 1521 negaverit,
542 1461 611 1503 cum
634 1441 747 1501 ibidem
769 1449 855 1502 tract.
882 1445 940 1505 124
962 1442 1000 1502 de
1023 1443 1077 1502 Pe·

189 1527 365 1603 clamatur,
387 1543 457 1584 enm
479 1525 573 1584 fuisse
594 1524 818 1585 abundantiore
840 1527 954 1605 gratia,
984 1545 1075 1584 unum
1147 1589 1149 1595 ,

189 1608 348 1686 rudemque
370 1609 499 1686 primum
522 1607 707 1686 apostolum.
730 1607 770 1667 Et
791 1607 821 1666 iu
843 1605 985 1686 Epistola
999 1612 1075 1672 162:

189 1692 350 1751 1Romana
368 1689 519 1767 Ecclesia,
540 1691 648 1768 inquit,
670 1708 792 1769 semper
813 1690 1074 1769 apostolicaeca-

189 1774 281 1833 ledrac
304 1773 402 1852 viguit
422 1773 620 1852 principatus.
643 1771 746 1846 Quare
767 1791 829 1832 uon
852 1791 902 1832 me
925 1779 1021 1852 roget,
1044 1781 1076 1832 ut

189 1856 387 1916 occlusionem
410 1862 560 1932 nostram,
585 1874 674 1932 quam
699 1863 932 1934 reputaveram,
954 1854 1078 1916 nonde·

189 1939 290 2000 undam.

240 2021 300 2081 Sua
324 2038 403 2098 quae
425 2018 553 2079 adduxit
574 2018 612 2078 de
636 2019 725 2079 Petro
736 2019 784 2100 Ὅ,
809 2021 903 2081 misso
925 2021 956 2079 in
973 2020 1075 2080 Sama·
1144 2015 1147 2023 '

189 2106 249 2180 iam,
276 2111 308 2162 et
329 2121 384 2182 per
404 2102 465 2162 hoc
486 2103 646 2180 primatum
678 2101 717 2168 ab
740 2120 777 2162 eo
800 2102 952 2178 ablatum,
987 2105 1074 2181 quasi

191 2188 328 2246 eseiamus
350 2184 482 2263 aliquem
504 2185 622 2242 mittere
644 2202 678 2242 se
699 2185 810 2264 ipsum,
834 2191 866 2244 ut
887 2185 993 2244 Filium
1017 2185 1073 2244 Dei

197 2268 274 2328 Patre
297 2275 329 2327 et
350 2287 370 2326 a
392 2286 425 2326 se
448 2267 516 2346 ipso
536 2268 672 2344 missum,
694 2286 755 2327 non
779 2268 901 2328 noviter
922 2269 986 2329 ista
1003 2288 1074 2327 ven-

189 2351 236 2411 ilsri
256 2357 445 2428 coeperunt,
475 2348 529 2409 sed
558 2350 662 2409 omnia
689 2349 803 2408 dudum
832 2349 952 2410 fuerunt
974 2350 1074 2410 soluta

189 2434 403 2512 erAlpbarum,
416 2431 590 2491 Johannem
613 2431 652 2491 de
662 2431 757 2492 Turre
780 2439 914 2492 cremata
936 2439 966 2492 et
987 2432 1075 2492 alios.

189 2515 247 2588 lund
270 2517 296 2575 si
319 2516 426 2574 Petrus
449 2513 567 2576 lacobo
590 2515 683 2587 cessit
702 2514 926 2594 Hierosolymis
949 2516 979 2574 in
1003 2533 1076 2575 con·

189 2598 238 2678 ilio,
260 2605 295 2658 et'
313 2598 375 2658 loci
396 2603 427 2656 et
449 2597 613 2657 senectutis
637 2598 787 2657 rationem
810 2597 944 2673 habens,
965 2599 1074 2676 prima-

189 2701 222 2741 rm
242 2681 331 2742 Petro
356 2699 417 2740 non
440 2680 545 2741 aufert.
584 2679 645 2740 Sed
676 2687 709 2739 ut
733 2679 872 2740 videatur
898 2679 1011 2759 aliquid
1033 2680 1075 2740 fa-

189 2783 241 2839 ere,
269 2763 373 2823 tribuit
401 2763 562 2840 primatum
590 2762 718 2821 honoris
747 2763 853 2840 Petro,
883 2764 961 2822 forte
992 2763 1075 2822 velut

190 2847 335 2922 mbiti0s0,
368 2865 435 2904 cum
460 2864 498 2904 ex
521 2864 568 2902 me
591 2844 722 2904 audierit
744 2844 946 2924 Cyprianum,
968 2846 1073 2906 Hiero·

189 2949 291 3008 ymum,
313 2927 547 3002 etAnacletum,
571 2928 732 3007 apostolos
755 2928 892 3006 aequalis
914 2928 1073 2988 fuissebo·

189 3014 247 3073 oris.
269 3011 352 3091 Ergo
376 3011 536 3090 primatum
561 3011 687 3071 honoris
701 3009 893 3076 ,reverendus
915 3011 1005 3071 Pater
1026 3012 1074 3070 tri-

190 3095 332 3171 uitPetro,
355 3113 445 3171 quem
469 3093 497 3152 S.
507 3093 613 3153 Patres
636 3100 760 3172 negant,
782 3100 890 3154 contra
912 3095 1074 3172 primatum

189 3179 309 3257 egiminis
333 3182 427 3255 negat
449 3176 549 3252 Petro,
573 3195 662 3254 quem
685 3194 815 3236 concors
829 3175 989 3237 &Petrum
1007 3196 1073 3235 sen-

189 3261 252 3320 entia
273 3269 304 3320 et
326 3259 447 3326 concilii
472 3258 716 3319 Constantieusis
738 3259 830 3319 Petro
854 3259 965 3318 tribuit.

239 3343 366 3402 Desinat
384 3359 479 3421 ergo,
509 3360 580 3417 oro,
613 3341 737 3421 gloriari
772 3361 807 3402 se
829 3350 937 3402 contra
959 3353 1019 3400 tam
1043 3341 1074 3402 S.

189 3427 270 3503 'atrea
293 3433 402 3484 contra
423 3430 483 3483 tam
508 3424 629 3485 celebre
655 3425 829 3501 concilium,
852 3443 886 3484 se
909 3423 1075 3483 maioribus
1131 3463 1134 3469 -

190 3508 369 3568 utoritatibus
392 3508 507 3583 nixum,
528 3506 609 3585 quod
633 3526 726 3587 saepe
755 3505 940 3566 ostenderim
964 3508 1074 3567 autori-

189 3595 237 3650 stes
262 3611 317 3670 per
344 3610 413 3650 eum
442 3589 581 3650 inductae
603 3592 764 3670 primatum
794 3609 856 3649 non
887 3608 1000 3669 negare
1022 3589 1074 3649 ali·

189 3673 241 3731 uius
258 3673 285 3732 Β,
310 3673 409 3731 Patris
429 3675 591 3737 sententia.
616 3672 718 3750 Quare
740 3675 842 3756 potius
865 3671 1074 3733 cumGraecis

189 3787 562 3806 Ἣ·-

189 3838 304 3889 lActor.
322 3842 350 3894 8.
