2709 4417
207 314 216 328 s
266 366 330 433 368
483 365 578 422 Βοιώ.
596 365 626 420 lu
646 379 730 434 saper
745 363 946 434 Propositioaa

350 556 491 635 Denique
524 554 603 616 haee
629 554 736 636 glossa
771 553 803 614 id
842 552 1031 635 praestabit,
1063 559 1096 614 ut
1126 555 1175 615 iau

268 631 355 701 nulla
375 639 415 699 sit
437 644 574 718 potestas
595 637 699 718 gladii,
723 636 976 718 quandoquidem
991 636 1126 718 pontiflci
1141 642 1175 698 to

269 729 334 783 turn
367 721 474 782 orbem
505 721 685 794 subiiciunt,
718 720 847 782 subieoti
881 740 957 782 vero
987 721 1016 780 ei
1037 739 1099 781 non
1120 729 1177 781 sunt

270 803 329 867 sub
350 805 543 884 imperatoris
565 803 787 880 iurisdietione,
815 805 875 864 nisi
895 823 982 865 nova
1003 810 1037 864 et
1056 803 1176 864 humani·

270 893 319 949 tus
333 887 365 962 ι)
388 887 526 947 instituta
548 886 717 949 iurisdictio
740 887 871 948 olerioos
893 888 982 949 solos
1002 887 1129 963 eximat,
1148 906 1176 947 ao

269 971 366 1032 laicos
394 970 459 1030 illio
490 970 652 1049 relinquat.
708 968 769 1031 Sed
802 970 865 1030 boo
893 989 959 1031 non
988 976 1038 1030 est
1065 968 1174 1029 verbum

271 1052 354 1113 Petri
376 1071 544 1131 exponere,
567 1054 619 1132 qui
641 1071 750 1114 omnes
772 1053 876 1134 gladio
900 1053 1039 1131 subiioit,
1063 1054 1110 1132 qui
1130 1053 1174 1113 sibi

269 1134 398 1195 subiecti
420 1142 500 1198 sunt.
528 1135 575 1195 Ita
589 1142 728 1216 puguant
748 1137 834 1216 leges
856 1136 1020 1197 hominum
1043 1136 1173 1216 oumlegs

270 1219 337 1278 Dei.
370 1216 472 1292 Quare
494 1217 595 1278 nullus
618 1225 664 1278 est
686 1225 849 1300 exemptus
871 1239 892 1279 a
911 1224 1071 1300 potestate
1086 1218 1172 1299 gladii,

275 1301 342 1361 sive
362 1298 468 1377 laicus,
491 1302 556 1361 sive
579 1301 688 1379 olerus,
711 1303 770 1362 nisi
792 1308 941 1382 quantum
962 1303 1033 1382 ipsa
1053 1306 1171 1381 potestas

269 1382 363 1464 gladii
398 1382 526 1444 donavit
558 1402 595 1443 aa
623 1386 771 1464 permisit.
814 1384 899 1447 Siout
934 1385 1009 1445 olim
1046 1384 1169 1445 haeretici
1209 1408 1210 1415 ¹

270 1473 409 1545 tempore
429 1465 594 1546 Augustini
615 1467 820 1546 puniebantur
841 1473 999 1547 potestate
1017 1466 1125 1610 gladii,
1148 1475 1170 1528 st

270 1549 361 1609 etiam
384 1567 465 1608 nuno
488 1568 544 1628 per
570 1551 684 1629 ignem.
728 1549 818 1626 Quod
845 1551 932 1611 nullo
962 1569 1015 1610 mo
1040 1570 1059 1611 o
1084 1551 1169 1611 liceret

269 1629 345 1708 lieri,
367 1632 393 1690 si
416 1631 627 1692 eooleaiastioa
647 1632 818 1696 iurisdictio
840 1639 926 1694 easet
938 1634 1013 1693 iuris
1028 1633 1124 1710 divini,
1141 1653 1169 1693 ea

269 1712 400 1789 seilicet,
423 1733 483 1791 qua
504 1715 638 1794 exempti
660 1721 731 1775 eunt
752 1716 854 1777 cleriei
877 1737 897 1777 a
915 1716 1013 1796 gladii
1026 1720 1168 1797 potestate.

268 1795 309 1856 m
330 1797 409 1856 siout
429 1796 523 1858 hodie
543 1797 638 1858 habet
659 1798 809 1859 olerioalis
831 1805 946 1872 status,
966 1799 1076 1860 melius
1096 1805 1168 1875 esset,

270 1878 398 1939 sublatis
421 1879 667 1959 exemptionibus
695 1901 815 1943 rursum
836 1881 943 1962 gladio
964 1882 1071 1943 subiici
1100 1883 1168 1941 iuxta

269 1967 466 2041 praeoeptum
490 1962 571 2022 Petri
600 1968 631 2022 et
651 1963 738 2023 Pauli
762 1983 869 2025 omnes
899 1964 1017 2041 eleros,
1046 1972 1079 2024 ut
1102 1966 1169 2044 puni-

269 2049 381 2122 rentur,
404 2051 477 2104 tuuo
499 2044 632 2105 eeclesia
652 2046 761 2106 melius
783 2047 928 2125 haberet,
953 2048 1065 2107 timore
1093 2046 1168 2127 gladii

267 2127 402 2205 peooatis
425 2129 582 2206 ooeroitis3
614 2147 697 2188 nuno
720 2137 822 2191 eutem
847 2131 910 2190 suis
932 2129 1170 2210 legibusimpnne

267 2209 389 2269 aluntur
409 2211 440 2268 in
462 2229 553 2270 omne
577 2211 699 2270 malum.

353 2292 459 2352 Potest
480 2300 581 2352 autem
605 2299 744 2373 potestas
761 2293 856 2374 gladii
871 2293 955 2353 olero
970 2296 1101 2374 gratuito
1113 2314 1170 2355 oon·
1209 2362 1210 2378 χ

268 2374 379 2434 oedere
402 2394 489 2435 suum
508 2377 652 2455 rigorem.
699 2377 829 2454 Verum,
858 2377 884 2435 si
904 2375 934 2435 id
957 2375 1058 2438 nollet
1076 2378 1170 2453 latere,

267 2476 330 2517 non
351 2465 459 2537 posset
480 2459 567 2539 cogi,
591 2477 649 2518 neo
670 2458 740 2518 ullis
763 2457 943 2538 pontilioum
974 2458 1104 2520 deoretia
1129 2462 1170 2518 im·
1209 2469 1210 2473 ’

268 2539 374 2620 pediri.
417 2540 488 2600 Non
517 2542 598 2601 enim
625 2541 742 2602 habeut
771 2548 957 2621 potestatem
987 2541 1082 2623 gladii
1103 2561 1171 2604 ooer·

267 2621 373 2701 oendi,
406 2642 496 2702 quem
519 2624 602 2684 Deus
636 2623 720 2684 dedit
749 2624 842 2685 solus.
892 2624 959 2684 Neo
990 2645 1095 2686 verum
1127 2631 1171 2695 est,

266 2703 349 2784 quod
371 2705 401 2764 in
425 2724 516 2765 mann
538 2706 641 2786 Papae
662 2708 701 2766 sit
722 2707 827 2767 iubere
848 2705 985 2786 gladium
1008 2710 1113 2787 eximi,
1133 2710 1172 2767 vel

171 2822 175 2827 v
267 2786 367 2866 eondi,
390 2787 486 2848 libera
507 2797 555 2849 est
574 2796 714 2869 potestas
736 2789 831 2869 gladii
854 2809 873 2848 a
895 2790 962 2850 Deo
986 2791 1108 2868 oollata,
1128 2793 1172 2850 sio-

266 2875 300 2930 ut
326 2877 357 2930 et
380 2870 582 2951 supradixit,
606 2870 687 2950 quod
709 2874 739 2931 in
758 2871 978 2951 temporalibus
995 2873 1172 2933 eamhabeat

266 2953 442 3034 imperator,
464 2954 515 3014 ubi
536 2955 568 3013 in
591 2953 731 3015 omuibus
754 2954 856 3014 dioere
879 2954 1000 3033 debuit,
1022 2954 1100 3016 adeo
1121 2974 1172 3016 non

267 3037 368 3114 potuit
389 3037 515 3097 omniuo
547 3056 678 3118 negare,
713 3036 849 3118 gladium
878 3056 940 3098 nou
970 3056 1041 3098 osae
1072 3040 1102 3098 in
1128 3057 1172 3098 sua

266 3137 368 3180 manu.

346 3201 503 3262 Potuisses
531 3207 633 3262 autem
662 3203 911 3281 praerogativam
947 3203 1111 3264 sacerdotii
1141 3222 1171 3262 er

266 3303 304 3345 eo
328 3285 430 3364 potius
453 3283 635 3364 intelligere,
658 3284 740 3365 quod
763 3286 875 3345 dietum
898 3295 959 3361 est,
984 3305 1049 3346 non
1071 3305 1170 3365 aquo

263 3366 347 3444 libet,
370 3365 424 3427 sed
447 3386 465 3426 a
486 3366 564 3443 Deo,
587 3387 649 3429 uon
671 3369 746 3448 regi,
770 3367 824 3428 aed
846 3367 1018 3441 sacerdoti,
1052 3388 1112 3429 non
1140 3368 1171 3428 de

266 3451 352 3529 regia
374 3451 483 3529 stirpe,
515 3449 631 3510 sedda
662 3449 847 3511 sacerdotali
879 3453 1026 3531 prosapia
1057 3451 1171 3512 deseen-

265 3532 365 3610 denti,
387 3531 425 3592 de
448 3531 659 3594 sacerdotibus
681 3532 841 3611 videlieet,
864 3535 916 3613 qni
939 3540 1028 3595 eraut
1048 3536 1077 3595 in
1102 3536 1170 3596 Ana

220 3679 225 3684 ,
263 3614 329 3674 toth
341 3617 396 3690 *):
426 3615 509 3675 Eleae
531 3617 673 3676 constitui
691 3623 722 3677 te
736 3635 828 3696 anper
839 3623 947 3696 gentes
969 3623 1001 3677 et
1023 3637 1125 3700 regna,
1144 3623 1170 3676 ut

263 3697 378 3759 evellas
402 3705 433 3760 et
454 3697 598 3780 dissipes,
618 3698 766 3759 aedilioes
786 3706 819 3758 et
838 3699 972 3777 plantes.

256 3813 695 3832 Qflfflffl

329 3876 358 3950 ¹)
380 3877 418 3932 ln
440 3877 487 3934 ed.
510 3876 601 3945 orig:
620 3869 803 3926 humanitas.
866 3859 904 3925 *t
918 3859 1029 3910 larem.
1045 3860 1078 3916 a,
