2709 4417
457 372 474 409 a
491 357 613 411 notariis
638 361 763 426 excepta.
986 418 990 423 ,
1018 342 1084 422 183⁵

885 502 898 531 Ο

227 545 297 606 Imo
328 546 362 607 B.
390 545 589 626 Augustinus·
614 544 768 629 approbat
798 544 924 606 modum
955 545 1089 625 praedi·'

189 626 236 688 ndi
260 636 390 689 nostrae
412 629 614 708 tempestatis,
637 629 754 689 docens
777 646 933 708 expresse,
956 629 1076 688 nntium

189 714 315 772 rvenire
341 711 382 771 ad
410 714 570 772 caritatem
599 711 697 771 etad
719 720 823 771 veram
847 711 994 790 gratiam,
1019 713 1077 771 niai

189 794 517 872 aecedentetimore,
551 813 613 855 non
634 793 739 872 ffliali',
769 792 936 853 sedetiam
960 795 1078 858 servili.

189 896 232 937 en
256 877 339 958 Aug.
362 880 530 938 sententia·-
548 884 596 938 est
617 877 719 939 Traet.
735 877 764 949 Ι)
788 879 823 939 9ὲ
846 876 928 956 Ergo
951 876 1079 956 incipiat

189 979 256 1039 ror,
280 963 356 1040 quia
376 961 688 1039 initiumsapientiae
710 960 801 1020 timor
823 960 957 1020 Domini.
1000 958 1078 1019 Ourn

189 1051 253 1104 tem
277 1045 420 1124 eoeperit
440 1045 552 1103 (raritas
574 1042 733 1119 habitare,
754 1042 885 1123 pellitur'
900 1044 1002 1121 timer,
1026 1044 1092 1122 qni*

202 1127 312 1186 loenm
342 1127 549 1207 praeparavit.
580 1123 734 1200 Quantum
762 1127 843 1185 enim
874 1125 932 1184 ilia·
961 1127 1081 1202 erescit*

189 1209 400 1286 adeereseit,
436 1216 467 1270 et
488 1214 634 1289 qnantum
669 1209 722 1268 ilia
757 1208 791 1268 fit
820 1208 961 1285 interior,
990 1211 1081 1268 timor

190 1292 276 1353 ilitur
308 1293 408 1372 forae,
437 1293 535 1352 maior
560 1293 689 1369 caritas,
719 1293 819 1351 min'nr
846 1293 952 1368 timor,
980 1292 1081 1351 minor

189 1376 274 1453 ritas,
297 1378 399 1436 maior
418 1377 518 1435 timer.¹
562 1375 594 1435 si
616 1381 718 1434 autem
735 1374 841 1434 'nullus
870 1375 979 1449 timor,
1015 1380 1094 1434 ntrn'¹

189 1463 285 1537 tqna
306 1460 400 1519 intrat
429 1460 540 1519 caritas
572 1456 643 1538 (dat
673 1457 974 1537 comparationem),
1002 1458 1082 1516 aient

189 1540 294 1601 demna
317 1560 372 1620 per
394 1547 492 1601 setam
514 1539 785 1619 introdueiiinum,
808 1558 869 1619 quo
886 1540 991 1617 suitur,
1014 1540 1093 1599 seta*

189 1625 238 1683 ina
259 1626 364 1701 intrat,
387 1623 442 1684 sed
463 1625 521 1684 niai
544 1631 644 1698 exeat,
667 1642 730 1683 non
754 1623 892 1683 succedit
904 1623 1016 1700 linum,
1035 1623 1081 1682 ain

189 1726 248 1767 nor
270 1709 355 1786 prius
378 1715 510 1786 oeeupat
533 1714 681 1781 mentem,
703 1708 775 1785 quia
796 1705 871 1765 ideo·
891 1706 1023 1782 intravit,
1046 1711 1080 1765 ut

191 1790 367 1850 trodueeret
388 1791 556 1850 caritatem.
580 1789 704 1868 Altegat
725 1788 920 1849 illatrant:
944 1789 1079 1850 Conver-

189 1875 219 1933 rti
241 1874 358 1933 luetum
392 1886 493 1932 meum
522 1873 553 1931 in
575 1871 729 1951 gaudium.
769 1871 1079 1931 Etinfraeententia

189 1964 238 2015 ata
259 1965 307 2016 eat
329 1955 368 2016 de
392 1955 574 2034 Seriptnria,
612 1974 683 2013 nam
720 1957 771 2033 qui
800 1957 867 2014 aine
888 1955 998 2014 timore
1021 1961 1077 2032 eat,

189 2059 221 2099 nn
232 2040 346 2117 poterit
366 2037 534 2098 iustificari.
557 2037 642 2116 Opus
654 2057 729 2117 ergo
745 2043 803 2118 est,
824 2043 858 2097 ut
870 2038 961 2096 intret
979 2038 1078 2116 primo

190 2141 259 2198 mor,
282 2140 451 2200 perquem
473 2121 578 2180 veniat
599 2122 719 2179 caritas,
748 2119 1079 2180 iimormedie'amen-

189 2224 244 2283 rm,
274 2206 385 2265 eantaa
409 2205 534 2264 sanitas.
576 2202 626 2261 Ex
652 2204 719 2265 istis
749 2203 948 2282 apertissime·
974 2203 1078 2282 liquet,

190 2288 232 2346 nia
252 2288 445 2367 poenitentia
467 2293 514 2347 est
536 2285 743 2361 medieinalis,
783 2293 814 2344 et
835 2285 927 2345 timor
948 2292 996 2345 est
1016 2302 1077 2345 me-

189 2372 365 2430 ieamentum
389 2370 556 2430 secundnm
579 2370 800 2448 Augustinnm,
832 2373 866 2427 et
884 2369 995 2427 caritas
1018 2387 1079 2427 non

189 2459 251 2513 rtrat
272 2454 330 2512 niai
353 2472 408 2532 per
431 2455 581 2529 timorem,
603 2451 675 2511 ideo
693 2451 773 2511 bene
784 2449 987 2530 praedicatur,
1008 2469 1081 2531 poe·

190 2537 319 2596 itentiam
342 2554 361 2595 a
382 2537 493 2595 timone
515 2536 660 2614 incipere.

239 2618 281 2678 Et
302 2637 366 2677 non
384 2619 523 2697 accipin,
537 2616 620 2697 quod
641 2615 829 2676 reverendus
851 2615 944 2676 Pater
964 2615 1003 2675 ab
1027 2616 1083 2675 ini-

189 2703 206 2761 ’,ο
224 2702 401 2762 resolutorii
432 2700 536 2760 retent·
554 2698 716 2759 reverendi
739 2698 836 2758 Patris
859 2697 1006 2777 Stanpieii
1028 2717 1082 2759 vo·

188 2803 227 2846 em
260 2785 349 2862 quasi
380 2784 509 2844 coelitus
539 2782 722 2859 demissam,
761 2781 984 2841 Poenitentiam
1007 2782 1080 2840 inei·

191 2885 236 2928 ere
257 2866 297 2926 ab
320 2884 427 2926 amore
463 2873 494 2926 et
521 2864 698 2925 dilectione.
741 2863 818 2923 Nam
841 2864 913 2922 huie
934 2880 1087 2943 expresse

189 2952 325 3010 eluctatur
345 2948 601 3023 ennaremus,
623 2947 723 3007 bonus
745 2948 913 3007 animarum
936 2946 1082 3024 medicus,

189 3032 353 3112 ifflpiatola
383 3031 422 3091 ad
446 3030 600 3092 Studium&
640 3031 700 3091 Ubi
730 3048 830 3108 poena
858 3029 1107 3109 praescribitur,
1178 3028 1181 3034 ’

189 3116 252 3177 ebet
288 3132 359 3175 esse
389 3115 579 3194 poenitentia
601 3122 820 3193 pennatorum,
854 3112 905 3174 nbi
940 3113 1081 3173 remissio

189 3206 302 3280 anatur,
362 3198 424 3258 atia
446 3201 508 3271 eatt
536 3196 697 3276 praeeedit
718 3196 923 3276 poenitentia,
946 3197 1082 3274 seqnitur

189 3283 268 3342 retia.
340 3296 419 3359 eque
443 3298 516 3360 ergo
540 3280 733 3358 poenitentia
754 3280 820 3338 aine
841 3280 958 3358 gratia,
980 3296 1081 3356 neque
1184 3324 1194 3338 .

189 3366 258 3425 ratia
301 3365 367 3422 aine
397 3363 597 3443 poenitentia.
641 3361 742 3422 Debet
772 3362 852 3421 enim
891 3362 1080 3440 poenitentia

189 3450 243 3508 n'na
264 3446 413 3506 damnare
436 3451 606 3525 peecatum,
628 3452 662 3505 nt
683 3444 891 3524 gratiapoaait
911 3443 984 3503 iilud
1007 3443 1082 3504 abo·

189 3548 234 3591 ere.
277 3528 355 3589 lilnd
376 3528 458 3588 idem
489 3536 616 3588 tentatur
636 3528 875 3608 Chrysoatomna
907 3533 973 3587 toto
1003 3525 1080 3586 libro

189 3832 267 3965 Eg
279 3831 669 3952 ‹tetkorigirratnttrmmodw
680 3841 808 3917 legitur:
831 3841 959 3917 August·
977 3840 1120 3898 emtum.
