2709 4417
477 360 550 417 xus
571 359 609 416 ds
627 365 764 430 potestate
782 359 881 430 Pspss.
1077 353 1140 423 379

203 545 332 608 Christi
355 551 387 609 in
408 549 538 611 Romam
560 555 711 626 coactum,
732 549 817 608 cuius
839 554 911 608 sunt
931 566 1039 608 omues
1060 545 1139 608 lines

205 632 342 692 terrae?
377 633 457 694 Pssl.
480 635 509 696 2.
531 640 562 693 et
590 630 681 708 22¹).
734 631 783 690 Au
806 649 868 691 uou
898 639 969 691 sunt
989 631 1138 711 episcopi,

210 715 293 791 quie
314 734 380 776 non
403 715 531 776 induunt
541 722 653 793 vestes,
676 713 867 774 non‘habeut
886 715 1010 794 palatis,
1031 731 1139 791 equos,

209 797 361 876 eliasque
383 817 513 878 pompas
535 797 712 859 Romanas?
747 796 879 873 Sufficit,
908 797 989 876 quod
1011 795 1137 856 verbum

213 879 277 940 Dei
301 880 432 955 docent,
460 880 542 960 quod
565 880 696 960 diligunt
715 899 753 940 ac
775 880 950 959 pascunt2).
994 878 1073 954 Quia
1095 879 1140 939 sic

215 981 280 1023 nec
309 963 471 1042 apostolos
499 962 694 1024 confiteberis
721 964 884 1043 episcopos
908 963 1019 1035 fuisse,
1051 963 1076 1021 si
1097 961 1139 1021 is·

219 1047 301 1106 ciem
332 1066 450 1120 rerum,
482 1066 544 1106 non
574 1065 623 1107 res
650 1047 734 1125 ipses
765 1047 966 1127 contemplari
989 1045 1139 1125 coeperis.

218 1128 288 1190 lmo
317 1149 357 1190 eo
386 1130 529 1190 meliores
551 1130 704 1208 episcopi,
738 1147 799 1208 quo
826 1148 846 1189 s
873 1129 965 1189 larvis
993 1129 1140 1188 facierum

221 1213 417 1290 remotiores,
440 1220 471 1272 et
494 1231 532 1273 eo
555 1213 653 1271 minus
675 1213 901 1292 episcopique
923 1213 1093 1292 propiores.

307 1295 436 1370 Octavo,
458 1294 563 1355 scribit
582 1294 787 1375 Hieronymus
809 1294 848 1355 de
869 1294 1035 1356 illustribus
1058 1294 1141 1370 viria,

223 1376 306 1456 quod
340 1378 485 1438 Achatius
519 1379 684 1458 episcopus
715 1377 937 1452 Caesariensis,
971 1376 1140 1456 discipulus

223 1459 352 1520 llusehii
373 1460 542 1540 Pamphili,
564 1462 734 1540 impetente
756 1460 953 1534 Constantio,
988 1459 1139 1519 Liberium

224 1543 341 1622 Papam
370 1543 562 1623 deposuerit,
597 1550 627 1602 et
648 1543 780 1603 Felicem
810 1545 1012 1604 constituerit.
1054 1542 1140 1619 Item,

225 1625 394 1686 iohannem
424 1625 676 1706 Chrysostomum
713 1646 775 1685 non
804 1627 961 1687 Romanus
990 1626 1141 1698 Pontilex,

225 1707 280 1769 sed
303 1709 493 1788 Theophilus
514 1708 741 1768 Alexsudrinus
769 1716 799 1769 et
824 1709 1025 1790 Epiphanius,
1049 1707 1142 1788 Cypri

226 1792 365 1871 episcopi
395 1794 445 1859 (ut
472 1792 501 1852 in
530 1792 676 1872 tripart),
698 1792 917 1871 deposuerunt.
960 1791 1043 1851 ldem
1071 1790 1141 1870 Epi-

227 1873 358 1953 phanius
390 1874 482 1954 Cypri
513 1875 612 1934 minor
642 1875 805 1954 episcopus
834 1875 970 1936 lohsnne
998 1873 1140 1934 Hieroso.-

227 1956 379 2036 lymitano
418 1957 567 2036 episcopo
602 1956 731 2017 eundem
763 1957 1056 2035 excommunicavit,
1093 1952 1141 2038 [ct

227 2040 380 2118 poenituit
401 2040 644 2099 communicasse
674 2058 742 2099 curn
764 2039 835 2115 illo,
871 2048 904 2100 ut
934 2041 971 2100 D.
993 2038 1141 2118 Hierony-

226 2140 291 2181 mus
316 2122 421 2182 scribit
448 2129 555 2182 contra
582 2121 743 2201 eundeml.
786 2122 827 2182 Ει
855 2125 880 2183 si
901 2123 1043 2183 bistones
1065 2139 1142 2182 cou-

226 2203 358 2276 rideres,
390 2204 546 2284 quomodo
576 2224 657 2264 nunc
684 2206 886 2285 imperatores
908 2206 1037 2301 Pspsm,
1060 2222 1142 2265 nunc

228 2295 337 2347 contre
361 2287 476 2383 Papsm
500 2288 717 2366 imperatores,
747 2289 820 2348 item
860 2289 944 2368 Peps
967 2289 1141 2368 episcopos,

228 2380 257 2429 et
278 2371 418 2449 episcopi
440 2371 554 2449 Papam
569 2371 722 2447 mutarint,
743 2373 912 2453 statuerint,
935 2370 1142 2468 deposuerint,

228 2452 334 2513 credes
356 2463 387 2512 te
408 2452 504 2513 Ilisds
525 2452 677 2531 quandam
703 2452 820 2531 videre,
843 2473 901 2514 nec
924 2455 1031 2513 mirum
1040 2453 1143 2531 ,quis

229 2533 382 2597 Christum
416 2554 476 2596 non
500 2534 675 2613 sudieruut,
707 2536 889 2597 ambitiones
919 2498 1142 2631 prohibentem,

228 2617 295 2678 ideo
320 2619 413 2678 toties
435 2617 620 2679 colliduntur
640 2626 671 2679 et
694 2618 900 2695 turbentur³).

308 2699 417 2776 Nous,
453 2700 524 2779 quid
553 2699 591 2760 ad
620 2700 681 2761 hoc
703 2699 908 2780 dicemus⁴)?
952 2702 1073 2762 Versus
1095 2664 1143 2761 esi

228 2783 277 2842 ille
300 2784 469 2861 sententia,
491 2801 580 2862 quem
603 2789 669 2843 tote
690 2785 831 2861 ecclesia,
854 2786 959 2845 omnis
980 2786 1072 2844 etism
1083 2784 1142 2845 Ds-

230 2873 318 2943 creta,
342 2885 451 2927 omnes
473 2865 616 2927 doctores
639 2873 756 2939 tenent,
779 2868 1005 2928 essevidelioet
1025 2867 1142 2946 episco-

228 2968 282 3027 pos
305 2949 518 3029 apostolorum
531 2967 727 3009 successores
749 2958 782 3010 ut
802 2949 869 3010 dist.
884 2953 933 3013 21.
955 2951 992 3010 in.
1008 2949 1143 3024 novo⁵).

227 3032 254 3093 si
276 3040 327 3092 est
348 3031 436 3103 false,
459 3031 671 3110 quidisctstur
694 3040 779 3093 tante
790 3033 973 3095 autoritate?
1015 3032 1142 3106 Sinera,

226 3113 384 3212 quomodo
420 3114 504 3174 solus
538 3114 694 3174 Romanus
731 3116 869 3213 pontifex
903 3123 950 3176 est
982 3132 1143 3175 successor

225 3200 313 3258 unius
337 3196 472 3277 apostoli
494 3197 589 3272 Petri,
617 3200 650 3256 et
672 3199 764 3258 ceteri
787 3217 894 3259 omnes
916 3199 1047 3259 Romani
1068 3216 1142 3277 poo-

224 3281 314 3341 tiiicis
336 3288 409 3340 sunt
429 3278 566 3339 subditi?
588 3278 649 3339 Cur
670 3299 732 3340 non
755 3289 786 3341 et
807 3282 858 3340 alii
876 3281 1010 3379 apostoli
1030 3279 1144 3340 habent

222 3361 442 3424 successores?
490 3361 570 3421 llum
599 3361 757 3429 fuerunt⁸t
792 3365 884 3424 ceteri
913 3358 1048 3444 apostoli
1075 3380 1141 3422 suc·

281 3586 311 3645 ιι
336 3585 365 3637 ln
386 3583 428 3638 ed.
447 3587 539 3654 priore
561 3589 634 3639 etin
660 3587 745 3654 orig:
764 3584 808 3639 21.
845 3584 877 3648 9)
898 3585 928 3637 ln
949 3583 1011 3637 edit
1033 3584 1141 3652 priore:

223 3657 344 3727 diligent
368 3674 401 3709 ac
419 3663 542 3726 pascant
579 3657 612 3722 3)
634 3658 661 3708 ln
691 3656 754 3709 edit.
781 3658 874 3724 priore
899 3657 967 3708 hsec
991 3654 1085 3707 sddits
1107 3655 1143 3709 ls-

222 3736 343 3798 guntnr:
370 3728 508 3782 Poenituis
533 3729 751 3781 communicasse
770 3745 831 3780 cnm
852 3728 917 3795 illo,
945 3733 974 3778 nt
992 3726 1025 3778 D.
1045 3726 1145 3780 Hiero

212 3814 320 3878 aymus
337 3800 435 3851 scribit
452 3806 549 3852 contra
566 3800 697 3855 cundem.
717 3801 748 3870 4)
769 3800 858 3856 lbid.·.
869 3769 999 3855 dicimus
1013 3801 1051 3865 hh
1062 3798 1156 3855 hb’th

202 3880 226 3916 0
249 3868 279 3917 in
297 3881 382 3919 novo
420 3868 452 3934 6)
469 3869 599 3928 Ibidem:
618 3873 681 3930 Ant
697 3876 831 3933 inerunt.
