2709 4417
218 357 260 427 3ss
359 322 362 326 ⁸
402 362 559 432 nispanuo
576 361 686 432 nptias
704 361 799 416 mnia
819 377 844 416 a.
864 361 927 415 xix

140 606 143 613 .
220 548 359 630 rebatur,
382 552 483 630 capite
505 549 593 612 nobie
612 547 809 629 vulpeculas,
831 566 911 627 quae
932 546 1123 612 demoliuntur

218 634 350 694 vineam.
393 633 509 694 Taceat
539 651 630 713 ergo,
658 649 791 711 quaeso,
822 631 1010 691 reverendus
1038 630 1121 714 Pater,

218 722 250 776 et
269 716 358 776 nobie
388 736 451 777 non
478 716 604 776 insultet
625 734 693 775 cum
716 713 843 776 Graecis
865 722 897 774 at
918 713 1121 796 Orientalibus,

218 800 270 878 qui
291 799 415 861 aRom.
438 799 615 860 deficientes
638 798 772 859 ecclesia
793 817 812 856 a
833 795 895 858 fide
915 816 1040 876 quoque
1053 797 1122 860 oue

218 882 318 942 stiana
348 882 419 942 lacti
446 888 519 943 sunt
549 881 682 943 exsules.
726 881 957 940 consectarium
980 887 1042 960 est,
1073 900 1121 960 quo

218 971 310 1044 paeto
336 966 516 1044 accipienda
546 966 585 1024 sit
611 964 719 1024 illatio.
761 963 818 1022 Est
839 963 943 1042 radix,
974 982 1048 1044 ergo
1081 964 1122 1025 do

219 1047 318 1125 mina,
339 1067 403 1108 non
426 1049 508 1109 enim
532 1047 571 1107 de
592 1047 695 1107 radice
714 1046 865 1124 loquimur
886 1044 975 1124 initii,
996 1047 1046 1106 vel
1063 1053 1123 1108 tem·

218 1130 311 1209 poris,
334 1129 449 1191 sedda
471 1129 574 1190 radice
595 1129 729 1190 influxus
751 1137 782 1188 et
802 1128 1045 1209 principalitatis.

301 1210 416 1287 Quarto
442 1212 517 1273 loco·
536 1213 640 1272 nititur
661 1211 846 1272 reverendus
869 1212 974 1291 Pater,
997 1231 1032 1271 se
1053 1213 1124 1273 evol·

152 1311 156 1314 ·
218 1313 291 1354 vere
320 1314 359 1355 ex
390 1295 490 1358 verbis
516 1295 713 1376 Hieronymi,
745 1301 778 1356 et
818 1294 873 1354 illa
907 1296 1022 1354 vitare:
1064 1314 1124 1355 nam

218 1395 338 1438 summo
360 1377 512 1440 sacerdoti
541 1378 644 1438 tribuit
672 1376 796 1457 quidem
819 1385 862 1439 'et
892 1376 957 1436 dari
986 1395 1127 1440 summam

218 1460 407 1540 dignitatem,
430 1461 483 1523 sed
505 1462 565 1522 hoc
585 1460 640 1520 fiat
660 1460 882 1520 iurehumano.
905 1459 967 1520 sed
990 1478 1044 1520 cur
1064 1464 1127 1522 tuno

218 1544 253 1603 B.
280 1542 485 1624 Hieronymus
513 1545 681 1605 Damasum
708 1543 873 1603 Piscatoris
908 1543 1047 1622 appellat
1072 1562 1129 1603 snc-

219 1643 391 1705 ceesorem,
423 1633 455 1687 et
476 1627 641 1688 cathedrae
662 1627 745 1687 Petri
765 1624 830 1685 vult
852 1625 1020 1685 associari?
1060 1625 1129 1686 Illud

220 1709 357 1769 divinum
382 1711 479 1770 citans
507 1710 613 1773 Matth.
637 1712 686 1774 16.
715 1728 807 1789 super
830 1708 914 1769 illam
937 1717 1056 1788 petram
1073 1709 1131 1768 fun·

219 1790 320 1852 date‘m
344 1792 506 1853 ecclesiam
535 1793 609 1855 scio.
652 1792 743 1866 Quod
771 1793 815 1851 ita
840 1792 966 1870 reliquis
999 1792 1131 1852 ecclesiis

220 1876 411 1958 appropriari
432 1894 494 1935 non
517 1880 635 1955 potest,
672 1881 706 1934 ut
735 1873 906 1934 Bernartius
927 1875 1132 1952 ratiocinatur,

147 1960 156 1973 '
218 1963 250 2017 et
270 1957 453 2036 prohdolor
475 1977 542 2017 cnm
560 1977 678 2018 summa
695 1957 937 2017 Christianorum
957 1957 1068 2017 iniuria
1090 1977 1133 2016 sn·

198 2042 285 2098 'mus
308 2042 427 2119 experti
449 2047 553 2120 portas
575 2041 742 2100 inferorum
755 2039 964 2119 praevaluisse
987 2040 1133 2100 eeclesiae

218 2121 528 2203 Hierosolymitanae,
549 2123 773 2201 Antiochense,
794 2122 1035 2200 Alexandrinae,
1057 2121 1133 2182 addo

219 2223 342 2283 quoque
363 2206 544 2285 Boemicae,
581 2206 664 2286 quod
686 2213 789 2266 tamen
816 2205 855 2266 de
883 2206 1036 2284 ecclesia,
1059 2224 1133 2285 quae

219 2288 345 2348 fundata
367 2295 414 2348 est
435 2309 527 2369 super
547 2289 678 2366 Petram,
701 2290 813 2349 veritae
835 2290 1014 2369 incorrupta
1026 2288 1133 2348 Christi

219 2388 281 2432 non
303 2372 423 2449 patitur.
467 2371 528 2432 eeu
545 2373 737 2432 verissimum
759 2377 808 2432 est
826 2373 858 2431 in
879 2372 933 2449 iis,
967 2390 1047 2450 qnae
1069 2378 1133 2432 sunt

219 2452 300 2528 fidei,
322 2453 405 2532 qnod
426 2454 632 2534 Hieronymus
653 2456 686 2514 in
706 2453 815 2515 eadem
831 2453 974 2535 Epistola
996 2453 1133 2532 affirmat

218 2535 392 2616 ubieunque
406 2537 495 2598 fuerit
516 2556 636 2618 corpus,
657 2537 700 2598 ibi
714 2537 985 2618 congregabuntur
1006 2540 1039 2597 et
1056 2538 1133 2617 aqui·

220 2617 324 2693 lae*).
351 2619 534 2701 ‘Profligato
556 2639 574 2681 a
598 2619 680 2681 mala
704 2620 814 2682 sobole
834 2621 1036 2700 patrimonio,
1058 2620 1133 2701 apud

220 2721 276 2762 vos
298 2702 383 2762 solos
405 2704 582 2783 incorrupta
601 2704 724 2763 Patrum
746 2705 872 2764 omnino
894 2709 1034 2764 servetur
1054 2711 1133 2764 auto

219 2786 304 2845 ritas.
346 2784 389 2844 At
411 2787 523 2846 hocin
544 2787 707 2867 principali
728 2786 829 2855 adhuc
849 2786 1009 2847 evidenter
1030 2787 1133 2866 proba

220 2867 335 2945 vimus,
359 2887 421 2928 non
442 2870 508 2929 inre
529 2869 663 2929 humano
691 2871 854 2949 primatum
878 2870 1019 2931 obtinere
1041 2870 1133 2930 eccla·

219 2952 297 3010 siam
319 2950 418 3030 Rom,
441 2951 496 3012 sed
519 2951 632 3013 divino.
934 2979 936 2983 ·

168 3085 171 3109 ι
302 3032 442 3095 Praestat
462 3043 564 3095 temen
587 3034 713 3114 diluere,
735 3054 815 3114 quae
835 3035 1032 3096 venerandus
1050 3037 1133 3097 Pater

168 3112 171 3118 ’
220 3135 278 3197 pro
301 3136 336 3176 se
357 3137 396 3177 ex
416 3118 541 3179 Hieron.
564 3117 707 3201 adduxit,
729 3120 827 3198 primo
844 3118 1074 3199 adeagrium,
1090 3119 1133 3182 ub:

220 3202 399 3280 episcopum
425 3201 544 3263 Romae
573 3208 604 3261 et
630 3201 777 3281 Hugubii,
810 3202 1084 3282 Constantinopoli
1111 3217 1133 3263 et

220 3283 327 3362 Regii,
350 3284 487 3344 eiusdem
511 3285 608 3344 meriti
631 3284 758 3344 dicit·et
778 3285 950 3347 sacerdotii.
995 3285 1065 3346 Hoc
1087 3287 1133 3346 sci·

220 3367 334 3443 vimus,
365 3374 529 3445 antequam
552 3366 708 3447 Theognis
726 3376 914 3431 nasceretur.
957 3369 1068 3448 Neque
1087 3369 1132 3429 Pa

219 3456 309 3530 patus
332 3456 379 3509 est
399 3449 476 3510 ordo
503 3449 583 3509 ultra
604 3452 837 3530 episcopatum,
858 3471 928 3513 nam
942 3454 999 3512 -sic
1025 3460 1058 3512 et
1079 3453 1133 3512 alit

137 3568 138 3574 κ
220 3532 291 3593 loco
314 3533 459 3611 aequales
482 3532 555 3593 dicit
576 3533 669 3593 fuisse
691 3533 865 3616 apostolos,¹
883 3536 934 3596 ubi
956 3542 1059 3596 tamen
1083 3537 1131 3615 pri

222 3621 335 3676 rnatum
358 3615 389 3678 S.
412 3615 501 3677 Petro
525 3636 586 3677 non
609 3616 744 3679 abstulit.
864 3618 866 3623 ’

252 3873 285 3941 ’)
307 3876 411 3938 Metu.
431 3880 484 3940 24.
