2709 4417
242 354 311 423 ,232
490 359 584 413 Rosci.
603 359 632 413 L.
652 375 738 428 snper
756 360 944 444 Propositon.

311 545 490 608 statuerunt
500 546 604 626 itsqne
616 565 671 627 pro
684 547 769 608 Eccii
781 546 952 623 voluntate,
974 546 1064 610 libros
1074 548 1132 614 doni
1157 530 1160 545 ⁵
1175 544 1187 601 Τ

246 629 464 708 relinquendos
487 649 577 708 esse,
606 637 638 691 et
669 631 765 691 solius
794 631 962 691 memoriae
984 641 1014 691 et
1034 631 1132 712 linguan

246 713 370 788 viribus,
392 731 429 773 ac
439 712 581 775 libertate
592 712 818 792 disputandum,
839 714 901 774 hoc
924 720 981 784 est
1002 715 1079 792 quod
1098 736 1136 797 op·

248 797 312 857 timi
347 794 470 873 quidem
507 795 669 872 dixerunt,
716 796 797 856 hanc
828 796 1065 876 disputationem
1093 819 1137 861 non

248 878 286 940 de
308 879 448 955 veritate,
470 877 524 938 sed
548 877 586 938 de
609 878 700 938 laude
716 880 883 945 memoriae
903 888 936 939 et
958 879 1078 959 liuguae
1095 884 1140 961 agi·
1184 906 1186 916 ·

248 963 315 1023 tari.
338 961 510 1021 Praetexuit
533 969 635 1021 lamen
659 969 691 1021 et
711 961 761 1022 hio
783 961 882 1038 Adam
904 961 958 1021 ille
989 962 1088 1022 lolium
1105 963 1142 1027 lici
1182 985 1186 1019 a

247 1042 492 1125 pulcherrimum,
514 1043 596 1123 quod
618 1063 694 1104 sane
716 1044 832 1118 nullus,
854 1045 913 1104 nisi
937 1045 977 1104 sit
997 1046 1096 1124 stipes,
1111 1048 1142 1107 in

248 1128 376 1208 telligat,
398 1126 552 1204 videlieet
575 1127 691 1205 puerile
713 1135 744 1188 et
764 1127 924 1189 ridiculum
947 1146 1026 1205 esse,
1048 1128 1143 1190 theoto

247 1231 318 1292 gum
342 1208 454 1270 elibris
467 1215 520 1271 aut
541 1209 661 1270 schedis
685 1210 849 1289 disputare.
871 1209 911 1270 Et
933 1211 1052 1289 mirum,
1073 1230 1143 1290 quau

248 1293 394 1354 blandum
433 1291 491 1352 sibi
527 1292 610 1372 vulgi
645 1313 779 1353 murmur
810 1293 870 1354 boc
897 1295 1023 1373 ingenio
1045 1295 1145 1356 invene

248 1383 337 1451 runt,
360 1373 443 1453 quod
465 1374 503 1435 de
526 1375 571 1434 his
594 1374 685 1435 rebus
708 1375 822 1436 iudicat
843 1377 922 1435 siout
944 1376 983 1436 de
1004 1396 1145 1456 puerorum

186 1514 187 1517 ,
248 1458 441 1519 scholasticis
464 1459 723 1530 exercitamentis,
745 1460 831 1538 quasi
848 1477 910 1518 non
934 1465 966 1518 et
980 1461 1145 1538 Augustinus

250 1549 361 1603 contra
384 1540 580 1600 Manichaeos
603 1548 634 1601 et
643 1541 821 1602 Donatisfas
843 1541 964 1602 collatis
988 1541 1070 1601 libris
1089 1563 1145 1624 png·
1182 1572 1184 1597 ι

182 1632 185 1637 ’
247 1625 374 1686 neverit.
389 1623 501 1685 Verum
516 1625 674 1684 veritatem
688 1624 741 1684 ille
756 1622 932 1704 quaerebat,
948 1643 1010 1684 non
1025 1625 1146 1704 glorian.
1181 1612 1186 1691 l

330 1705 516 1784 Praetereo,
548 1705 628 1785 quod
652 1707 748 1767 Eccio
781 1724 908 1767 necesse
938 1707 996 1766 fuit
1028 1708 1144 1768 ultimum
1182 1718 1186 1775 t

247 1790 373 1851 verbum
396 1787 526 1866 cedere,
562 1791 626 1849 sive
650 1797 838 1870 opponeret,
868 1790 933 1849 sive
956 1790 1146 1868 responderet
1168 1776 1186 1857 l

247 1881 280 1934 ut
311 1874 355 1932 sic
383 1879 564 1953 argumenta
592 1871 727 1932 insoluta
746 1872 864 1933 facilius
896 1873 1056 1933 victoriam
1076 1874 1146 1932 simu
1182 1876 1186 1941 l

247 1957 353 2016 larent.
396 1953 474 2014 Tum
507 1956 532 2014 si
571 1954 666 2015 alicui
695 1956 737 2015 rei
759 1954 912 2015 liniendae
940 1954 1039 2015 dictus
1060 1956 1146 2016 luisset
1182 1944 1186 2027 l

245 2038 321 2112 disc,
330 2037 456 2097 liberum
470 2036 512 2095 illi
526 2037 583 2097 suit
595 2037 655 2097 hoc
672 2038 918 2112 nonobservare,
936 2056 993 2096 nos
1002 2038 1145 2118 religiosos

245 2128 276 2181 et
288 2120 487 2181 observantes
509 2139 578 2180 esse
601 2123 745 2199 oportuit.
769 2121 907 2180 Breviter
923 2122 974 2198 qui
998 2131 1144 2200 pugnatum

245 2222 425 2264 veneramus
442 2209 550 2264 contra
561 2222 680 2264 errores
696 2210 727 2263 et
745 2203 910 2278 haereses„
922 2221 990 2262 cum
1008 2203 1113 2264 invidia
1124 2213 1145 2263 et

245 2306 327 2346 vana
339 2286 439 2369 gloria
451 2287 607 2365 negotium
620 2285 734 2346 habere
743 2287 842 2347 coacti
854 2305 966 2344 sumus.
992 2286 1068 2345 Nam
1080 2286 1144 2365 quod

247 2368 287 2428 ad
312 2388 361 2428 me
379 2370 521 2447 pertinet,
544 2388 610 2428 cum
635 2388 684 2428 me
706 2376 751 2428 tot
773 2367 973 2429 concionibus
996 2370 1026 2427 iu
1049 2369 1153 2449 populo-

243 2451 379 2514 iabulam
394 2456 425 2510 et
445 2451 566 2511 sibilum
591 2452 717 2527 faceret,
734 2452 781 2511 'ita
793 2450 968 2511 volentibus
991 2452 1054 2510 suis
1075 2471 1144 2531 squa-

241 2534 319 2606 mis,
351 2533 616 2609 libens'transeo‚
657 2541 690 2593 ut
719 2535 770 2612 qui
793 2533 869 2593 nihil
897 2553 997 2613 aequis
1021 2536 1143 2613 optarim,

243 2636 332 2694 quam
356 2617 488 2676 nominis
512 2618 570 2677 mei
592 2616 790 2680 oblivionem.
812 2616 878 2676 Nec
895 2618 940 2675 sic
953 2624 1055 2676 tamen
1077 2616 1143 2695 quid-

243 2718 334 2777 quam
355 2706 599 2777 promoverunt,
624 2719 694 2759 uam
717 2699 828 2769 velint,
852 2699 961 2774 nolint,
984 2702 1086 2759 testari
1107 2718 1144 2758 co·

241 2788 354 2863 guntur
365 2789 396 2841 et
406 2782 475 2861 ipsi,
488 2781 669 2842 Oarolstadii
683 2782 910 2862 propositiones
924 2781 1050 2841 domum
1060 2782 1145 2841 salvas

240 2865 386 2939 rediisse,
409 2883 466 2924 nec
489 2885 549 2924 una
571 2865 621 2924 vel
643 2865 763 2944 syllaba
784 2866 946 2938 refutatos,
970 2883 1047 2942 quas
1069 2866 1145 2924 etiam

242 2947 355 3008 crudas
378 2946 527 3008 devorare
549 2947 659 3008 Eccius
682 2954 839 3007 statuerat.

324 3028 402 3103 Quin
437 3032 578 3110 egregius
613 3031 670 3090 iste
704 3030 957 3091 scholasticorum
999 3029 1146 3090 doctorum

240 3120 398 3193 patronus,
420 3130 481 3191 quo
505 3119 637 3190 caveret,
658 3133 698 3173 ne
721 3113 815 3172 victus
831 3113 994 3188 videretur,
1016 3114 1095 3173 inter
1113 3111 1147 3171 di·

240 3194 423 3275 sputandum
449 3194 612 3256 Protheum
644 3197 780 3256 imitatus
802 3194 902 3255 subito
936 3215 994 3267 ea,
1027 3214 1104 3273 quae
1122 3196 1147 3254 in

239 3279 389 3358 principio
413 3297 527 3357 magno
549 3279 664 3358 impetu
686 3280 896 3359 impugnarat,
918 3279 947 3336 iu
971 3276 1033 3337 fine
1056 3278 1148 3337 omnia

239 3362 404 3432 concessit,
425 3360 488 3419 imo
512 3360 683 3439 affirmavit,
708 3368 770 3421 tum
793 3379 1026 3440 praeoccupans
1049 3361 1149 3443 gloria·

238 3451 286 3502 tus
310 3451 376 3520 est,
411 3443 492 3521 quod
523 3444 554 3502 in
583 3445 766 3504 sententiam
801 3463 885 3502 suam
911 3442 1148 3504 Oarolostadium

238 3526 439 3604 pertraxerit,
470 3525 586 3587 audens
609 3528 700 3586 etiam
723 3526 785 3587 hoo
806 3525 924 3597 dicereq
952 3525 1149 3587 scholasticos

238 3607 381 3669 doctores
394 3627 551 3688 nunquam
575 3609 663 3669 aliter
686 3610 828 3671 docuisse
849 3615 881 3670 et
894 3609 1050 3687 sapuisse·
1068 3608 1150 3684 Quod

235 3709 302 3751 cum
326 3691 454 3752 sentiret
474 3691 686 3773 impudentius
708 3692 788 3765 utut,
815 3711 908 3769 cuam
929 3690 1036 3750 audire
1058 3693 1150 3768 possit

224 3776 405 3860 quicunque
430 3775 651 3840 Scholasticos
670 3775 827 3854 legisset,
859 3773 907 3827 nino
926 3774 1005 3826 sane
1020 3776 1167 3840 nemnem-

215 3862 277 3943 vit,
314 3871 353 3927 ut
375 3863 515 3928 Scotum
546 3880 621 3924 cum
646 3855 802 3921 Scotistis
829 3851 919 3920 suns„
942 3854 979 3904 et
999 3842 1187 3918 Qbffim
