2709 4417
227 361 291 426 330
456 361 550 415 Resol.
568 360 601 415 L.
619 369 704 428 snper
720 327 918 427 l’ropositione

228 550 425 625 praeceptum
447 543 593 618 divinum,
616 543 667 603 ubi
680 545 782 623 ignem
800 561 896 603 nemo
909 543 1049 621 minatur,
1069 545 1125 622 quin

230 626 447 708 glorificantur,
470 634 501 686 et
522 626 622 686 adhue
638 626 753 685 bonum
767 633 879 685 statum
893 625 1045 687 ecelesiae
1064 644 1128 685 son·

230 711 359 786 mamus,
372 727 430 768 neo
441 709 650 769 antichristum
660 710 690 767 in
705 707 807 767 medio
820 708 927 788 templi
940 709 1129 788 agnoscimus.

293 793 396 870 Igitur,
417 810 479 852 vox
501 794 560 851 ista
581 791 833 870 blasphemiaest
854 791 1047 870 impiissima,
1062 789 1130 869 quod
1171 807 1172 811 ’

230 874 336 934 Petrus
358 876 426 932 iura
439 874 581 933 eoelestis
598 874 715 952 imperii
728 879 841 951 teneat,
863 891 933 933 aum
948 872 1045 933 solum
1060 873 1132 932 mini·

229 958 352 1018 sterium
366 955 450 1015 verbi
463 963 567 1016 teneat
577 957 607 1015 in
621 963 710 1031 terra,
732 955 870 1015 Christus
881 955 969 1015 solus
992 957 1031 1015 sit
1042 952 1070 1032 ¹)
1083 955 1131 1016 Do

229 1038 583 1098 minusooelietterrae.
626 1037 746 1098 Deinde
768 1039 929 1118 imperium
942 1042 1090 1098 terrenum
1108 1044 1133 1097 et
1167 1032 1171 1042 '

229 1120 410 1196 Christns²j
435 1120 540 1181 doouit
566 1127 597 1180 et
617 1121 725 1180 Petrus
751 1127 962 1181 contemnere.
1004 1120 1061 1180 Hie
1082 1140 1132 1180 non

230 1223 291 1264 non
314 1203 412 1262 solum
436 1222 498 1262 non
521 1203 643 1279 habere,
667 1202 825 1264 sedetiam
843 1205 911 1263 iura
932 1204 1131 1262 einsinmanu

227 1286 308 1345 Petri
330 1286 497 1348 constituit.

310 1367 390 1426 Hino
412 1374 547 1427 seoutum
569 1375 616 1428 est
637 1368 762 1445 malum,
785 1367 868 1446 qnod
890 1367 1068 1427 adulatores
1083 1367 1131 1428 Ro·

230 1469 352 1509 manum
375 1449 550 1529 pontificem
572 1452 603 1509 in
626 1457 756 1529 utroque
774 1468 870 1528 regno
895 1449 1053 1509 dominum
1073 1469 1130 1510 oon-

231 1534 373 1609 stituunt,
404 1532 485 1609 quod
509 1552 567 1592 ueo
589 1532 711 1593 Christo
734 1532 856 1611 quidem
880 1532 986 1592 datum
1009 1541 1071 1606 est,
1091 1534 1129 1610 qni

206 1634 318 1688 ,suum
341 1634 467 1694 regnum
496 1621 590 1695 negat
628 1635 666 1674 ex
696 1616 757 1676 hoo
778 1614 893 1676 mundo
917 1633 997 1675 esse.
1037 1615 1127 1674 llirnn

229 1704 341 1772 autem,
364 1696 445 1775 quod
468 1697 573 1757 Petrus
596 1697 750 1757 Neronem
773 1699 945 1778 prinoipem
968 1703 1128 1777 passusest,

230 1798 290 1839 non
305 1778 396 1839 modo
410 1780 439 1837 in
455 1779 564 1854 Roma,
587 1779 746 1839 sedetiam
768 1782 798 1839 in
821 1800 878 1840 sua
899 1799 1000 1856 oruoe,
1022 1780 1071 1857 qui
1088 1799 1128 1859 po·
1171 1802 1172 1820 ¹

230 1863 287 1921 tuit
308 1863 336 1920 ei
357 1863 424 1921 iura
445 1864 556 1921 terreni
574 1863 691 1941 imperii
714 1863 850 1938 auferre,
879 1869 933 1922 aut
955 1869 1038 1922 oerte
1056 1863 1128 1921 irivo-

229 1943 290 2003 lum
314 1951 345 2003 et
366 1944 491 2022 impium
513 1952 576 2022 est,
605 1963 815 2005 successorem
840 1946 920 2005 Petri
943 1945 1004 2006 hoo
1026 1963 1127 2022 praesu-

230 2045 329 2102 mere,
362 2025 443 2104 quod
466 2028 496 2085 in
519 2027 608 2087 Petro
631 2046 695 2087 non
715 2027 810 2087 fnisse
832 2028 975 2087 oernitur.
1019 2027 1129 2086 Pereunt

229 2127 304 2188 ergo
325 2110 575 2187 arrogantissima
597 2109 830 2183 voeabulaista
852 2110 986 2189 lmperii,
1007 2110 1071 2168 iura
1088 2110 1128 2166 in·

229 2192 320 2270 perii,
355 2191 498 2251 eoelestis
522 2199 553 2251 et
575 2193 685 2252 terreni
714 2194 842 2271 imperii.
886 2191 951 2252 Soli
972 2192 1040 2253 Deo
1068 2191 1129 2250 liaeo

229 2274 431 2349 eumenium,
453 2275 590 2334 ministro
613 2275 764 2334 eeclesiae
784 2282 816 2333 et
836 2274 1006 2353 sacerdoti,
1037 2274 1129 2334 Christi

230 2376 329 2433 servo,
348 2356 535 2416 modestiora
557 2356 734 2416 tribuantur.

493 2474 635 2552 Sequitur
657 2473 764 2534 eadem
788 2474 887 2553 palea.

313 2555 381 2615 Non
405 2575 478 2637 ergo
503 2556 796 2635 quaelibstterrena,
810 2557 973 2633 sententia,
997 2554 1050 2615 sed
1070 2554 1130 2614 illud

230 2638 371 2713 verbum,
401 2657 461 2716 quo
485 2645 690 2699 constructum
716 2645 762 2698 est
785 2639 904 2698 coelum
929 2649 958 2698 et
981 2645 1069 2713 terra,
1088 2657 1132 2716 per

203 2791 205 2795 Α
231 2720 313 2800 quod
336 2719 468 2798 denique
491 2722 595 2781 omnia
617 2721 741 2781 oondita
763 2729 834 2780 sunt
848 2722 1014 2797 elementa,
1035 2721 1131 2780 Roma·

232 2822 301 2862 nam
325 2802 462 2862 fundavit
485 2804 656 2865 ecelesiam.
1025 2852 1028 2858 .

315 2885 394 2945 Vide
411 2893 566 2963 monstra,
599 2895 651 2947 aut
682 2887 760 2945 haee
782 2886 820 2946 de
842 2885 909 2946 sola
933 2885 1066 2946 ecelesia
1084 2885 1134 2946 Ro·

232 2988 322 3027 mana
345 2969 498 3043 dicuntur,
532 2976 563 3028 et
585 2971 735 3049 sequitur,
769 2988 876 3030 omnes
899 2968 977 3028 alias
1000 2969 1136 3029 ecelesias

231 3070 299 3110 esse
322 3060 443 3110 terrena
466 3053 617 3110 sententia
640 3059 787 3127 statutas,
820 3059 852 3111 et
873 3053 940 3111 sine
963 3051 1057 3112 verbo
1079 3051 1136 3127 Dei,

187 3197 191 3202 ,
231 3133 297 3194 sine
320 3152 379 3211 quo
403 3133 476 3191 nihil
499 3134 610 3193 factum
635 3141 697 3210 est,
727 3133 807 3212 qnod
830 3135 944 3193 factum
968 3140 1030 3209 est,
1054 3139 1083 3192 et
1101 3135 1137 3192 sio

232 3234 339 3275 omnes
362 3215 441 3274 aliae
463 3216 613 3276 eeclesiae
635 3222 706 3275 sunt
733 3215 822 3293 nihil3
858 3223 912 3274 aut
938 3215 1028 3274 simul
1056 3216 1136 3274 etiam

232 3296 270 3356 de
293 3298 358 3356 aliis
382 3297 519 3357 eeclesiis
538 3297 768 3378 intelligendum
793 3305 849 3375 est,
872 3297 1073 3356 essesoilioet
1093 3315 1137 3356 eas

230 3379 432 3459 perverbum
457 3380 535 3455 Dei,
570 3381 651 3459 qnod
688 3381 791 3440 omnia
822 3378 1138 3456 condidit„statutas.

231 3460 272 3521 Et
294 3463 428 3540 seqnitur
449 3462 531 3537 hino,
554 3463 627 3522 nihil
650 3462 805 3543 singulare
827 3462 866 3522 de
888 3462 1031 3522 Romana
1052 3461 1138 3521 eoele-

232 3545 278 3603 sia
300 3544 381 3619 diei,
413 3545 470 3603 nisi
494 3546 616 3604 inanem
637 3564 781 3624 pompam
805 3544 1004 3625 syllabarum.
1048 3544 1088 3604 Et
1104 3544 1139 3602 ita

232 3625 426 3686 deoretistam
451 3626 531 3686 huno
559 3634 611 3686 aut
639 3627 824 3688 intolerabili
854 3629 1012 3707 impietate
1035 3643 1139 3706 negare

216 3795 293 3926 Chl)
316 3796 346 3850 ln
366 3799 434 3856 edit.
452 3802 562 3871 priore:
584 3805 633 3851 eat.
653 3798 687 3857 ‘ht
705 3795 794 3847 liuida.
808 3796 963 3856 immanium
980 3798 1151 3841 anthemum

262 3875 363 3928 rietus.
