<?xml version="1.0" encoding="UTF-8"?>
<!DOCTYPE html PUBLIC "-//W3C//DTD XHTML 1.0 Transitional//EN"
    "http://www.w3.org/TR/xhtml1/DTD/xhtml1-transitional.dtd">
<html xmlns="http://www.w3.org/1999/xhtml" xml:lang="en" lang="en">
 <head>
  <title>
</title>
<meta http-equiv="Content-Type" content="text/html;charset=utf-8" />
  <meta name='ocr-system' content='tesseract 3.04.00' />
  <meta name='ocr-capabilities' content='ocr_page ocr_carea ocr_par ocr_line ocrx_word'/>
</head>
<body>
  <div class='ocr_page' id='page_1' title='image "./operalatinavari00schmgoog_0283.png"; bbox 0 0 2709 4417; ppageno 0'>
   <div class='ocr_carea' id='block_1_1' title="bbox 425 350 1123 425">
    <p class='ocr_par' dir='ltr' id='par_1_1' title="bbox 425 350 1123 425">
     <span class='ocr_line' id='line_1_1' title="bbox 425 350 1123 425; baseline -0.007 -15"><span class='ocrx_word' id='word_1_1' title='bbox 425 357 485 411; x_wconf 86' lang='lat' dir='ltr'><strong>suia</strong></span> <span class='ocrx_word' id='word_1_2' title='bbox 504 357 612 425; x_wconf 81' lang='lat' dir='ltr'><strong>Lipsiae</strong></span> <span class='ocrx_word' id='word_1_3' title='bbox 630 354 778 424; x_wconf 81' lang='lat' dir='ltr'><strong>disputatis</strong></span> <span class='ocrx_word' id='word_1_4' title='bbox 799 371 823 407; x_wconf 84' lang='lat' dir='ltr'><strong>s.</strong></span> <span class='ocrx_word' id='word_1_5' title='bbox 842 351 911 407; x_wconf 76' lang='grc' dir='ltr'><strong>ΧΙΧ.</strong></span> <span class='ocrx_word' id='word_1_6' title='bbox 1061 350 1123 417; x_wconf 81' lang='grc'><strong>271</strong></span> 
     </span>
    </p>
   </div>
   <div class='ocr_carea' id='block_1_2' title="bbox 203 537 1158 3526">
    <p class='ocr_par' dir='ltr' id='par_1_2' title="bbox 205 537 1158 938">
     <span class='ocr_line' id='line_1_2' title="bbox 205 537 1125 633; baseline -0.004 -26.969"><span class='ocrx_word' id='word_1_7' title='bbox 205 543 354 633; x_wconf 81' lang='lat' dir='ltr'>operibus</span> <span class='ocrx_word' id='word_1_8' title='bbox 376 543 532 622; x_wconf 86' lang='lat' dir='ltr'><strong>diffidere,</strong></span> <span class='ocrx_word' id='word_1_9' title='bbox 565 550 595 603; x_wconf 91' lang='lat' dir='ltr'><strong>et</strong></span> <span class='ocrx_word' id='word_1_10' title='bbox 622 543 706 603; x_wconf 86' lang='lat' dir='ltr'><strong>vetut</strong></span> <span class='ocrx_word' id='word_1_11' title='bbox 727 537 1000 639; x_wconf 46' lang='lat' dir='ltr'><strong>daralytiouml),</strong></span> <span class='ocrx_word' id='word_1_12' title='bbox 1022 542 1125 602; x_wconf 88' lang='lat' dir='ltr'><strong>remis·</strong></span> 
     </span>
     <span class='ocr_line' id='line_1_3' title="bbox 213 547 1158 706; baseline -0.003 -19"><span class='ocrx_word' id='word_1_13' title='bbox 213 629 253 687; x_wconf 84' lang='lat' dir='ltr'><strong>sis</strong></span> <span class='ocrx_word' id='word_1_14' title='bbox 275 627 418 687; x_wconf 90' lang='lat' dir='ltr'><strong>manibus</strong></span> <span class='ocrx_word' id='word_1_15' title='bbox 440 626 636 706; x_wconf 88' lang='lat' dir='ltr'><strong>etpedibus</strong></span> <span class='ocrx_word' id='word_1_16' title='bbox 671 627 799 705; x_wconf 83' lang='lat' dir='ltr'><strong>gratiam</strong></span> <span class='ocrx_word' id='word_1_17' title='bbox 827 644 953 705; x_wconf 85' lang='lat' dir='ltr'><strong>operum</strong></span> <span class='ocrx_word' id='word_1_18' title='bbox 967 547 1124 685; x_wconf 67' lang='lat' dir='ltr'><strong>Jartificem</strong></span> <span class='ocrx_word' id='word_1_19' title='bbox 1155 624 1158 631; x_wconf 78' lang='grc'><strong>“</strong></span> 
     </span>
     <span class='ocr_line' id='line_1_4' title="bbox 210 707 1125 808; baseline -0.003 -38"><span class='ocrx_word' id='word_1_20' title='bbox 210 710 385 808; x_wconf 82' lang='lat' dir='ltr'><strong>implorare,</strong></span> <span class='ocrx_word' id='word_1_21' title='bbox 405 710 477 770; x_wconf 88' lang='lat' dir='ltr'><strong>ticet</strong></span> <span class='ocrx_word' id='word_1_22' title='bbox 498 709 579 769; x_wconf 90' lang='lat' dir='ltr'><strong>hanc</strong></span> <span class='ocrx_word' id='word_1_23' title='bbox 599 710 782 768; x_wconf 83' lang='lat' dir='ltr'><strong>sententiam</strong></span> <span class='ocrx_word' id='word_1_24' title='bbox 795 707 906 767; x_wconf 79' lang='lat' dir='ltr'><strong>Eccius</strong></span> <span class='ocrx_word' id='word_1_25' title='bbox 928 726 995 767; x_wconf 89' lang='lat' dir='ltr'><strong>cum</strong></span> <span class='ocrx_word' id='word_1_26' title='bbox 1018 708 1125 768; x_wconf 84' lang='lat' dir='ltr'><strong>factio-</strong></span> 
     </span>
     <span class='ocr_line' id='line_1_5' title="bbox 210 792 1128 873; baseline -0.003 -20"><span class='ocrx_word' id='word_1_27' title='bbox 210 796 248 853; x_wconf 88' lang='lat' dir='ltr'><strong>sis</strong></span> <span class='ocrx_word' id='word_1_28' title='bbox 284 794 349 853; x_wconf 89' lang='lat' dir='ltr'><strong>suis</strong></span> <span class='ocrx_word' id='word_1_29' title='bbox 376 795 409 852; x_wconf 91' lang='lat' dir='ltr'><strong>in</strong></span> <span class='ocrx_word' id='word_1_30' title='bbox 441 793 596 873; x_wconf 81' lang='lat' dir='ltr'><strong>singulare</strong></span> <span class='ocrx_word' id='word_1_31' title='bbox 628 810 703 852; x_wconf 90' lang='lat' dir='ltr'><strong>suae</strong></span> <span class='ocrx_word' id='word_1_32' title='bbox 733 792 872 852; x_wconf 78' lang='lat' dir='ltr'><strong>inscitiae</strong></span> <span class='ocrx_word' id='word_1_33' title='bbox 914 798 1128 872; x_wconf 85' lang='lat' dir='ltr'><strong>argumentum¹</strong></span> 
     </span>
     <span class='ocr_line' id='line_1_6' title="bbox 210 876 409 938; baseline 0.005 -2"><span class='ocrx_word' id='word_1_34' title='bbox 210 876 409 938; x_wconf 85' lang='lat' dir='ltr'><strong>damnaverit.</strong></span> 
     </span>
    </p>

    <p class='ocr_par' dir='ltr' id='par_1_3' title="bbox 210 956 1125 1765">
     <span class='ocr_line' id='line_1_7' title="bbox 308 956 1124 1038; baseline -0.004 -20"><span class='ocrx_word' id='word_1_35' title='bbox 308 958 477 1018; x_wconf 84' lang='lat' dir='ltr'><strong>Facasssnt</strong></span> <span class='ocrx_word' id='word_1_36' title='bbox 508 976 582 1038; x_wconf 87' lang='lat' dir='ltr'><strong>ergo</strong></span> <span class='ocrx_word' id='word_1_37' title='bbox 604 976 705 1037; x_wconf 80' lang='lat' dir='ltr'>nugae</span> <span class='ocrx_word' id='word_1_38' title='bbox 727 962 759 1016; x_wconf 86' lang='lat' dir='ltr'><strong>at</strong></span> <span class='ocrx_word' id='word_1_39' title='bbox 781 965 961 1036; x_wconf 86' lang='lat' dir='ltr'><strong>argumenta</strong></span> <span class='ocrx_word' id='word_1_40' title='bbox 982 956 1124 1034; x_wconf 85' lang='lat' dir='ltr'><strong>humana,</strong></span> 
     </span>
     <span class='ocr_line' id='line_1_8' title="bbox 210 1039 1124 1120; baseline -0.002 -20"><span class='ocrx_word' id='word_1_41' title='bbox 210 1060 285 1120; x_wconf 86' lang='lat' dir='ltr'><strong>quae</strong></span> <span class='ocrx_word' id='word_1_42' title='bbox 308 1040 433 1101; x_wconf 90' lang='lat' dir='ltr'><strong>dicunt:</strong></span> <span class='ocrx_word' id='word_1_43' title='bbox 477 1039 561 1100; x_wconf 90' lang='lat' dir='ltr'><strong>Unus</strong></span> <span class='ocrx_word' id='word_1_44' title='bbox 583 1051 615 1099; x_wconf 87' lang='lat' dir='ltr'><strong>et</strong></span> <span class='ocrx_word' id='word_1_45' title='bbox 634 1039 716 1099; x_wconf 94' lang='lat' dir='ltr'><strong>idem</strong></span> <span class='ocrx_word' id='word_1_46' title='bbox 740 1047 825 1099; x_wconf 85' lang='lat' dir='ltr'><strong>sotus</strong></span> <span class='ocrx_word' id='word_1_47' title='bbox 847 1058 908 1098; x_wconf 94' lang='lat' dir='ltr'><strong>non</strong></span> <span class='ocrx_word' id='word_1_48' title='bbox 931 1046 1124 1120; x_wconf 82' lang='lat' dir='ltr'><strong>potestesse</strong></span> 
     </span>
     <span class='ocr_line' id='line_1_9' title="bbox 213 1121 1122 1204; baseline -0.003 -20"><span class='ocrx_word' id='word_1_49' title='bbox 213 1130 388 1204; x_wconf 74' lang='lat' dir='ltr'><strong>acceptatur</strong></span> <span class='ocrx_word' id='word_1_50' title='bbox 410 1129 442 1183; x_wconf 90' lang='lat' dir='ltr'><strong>et</strong></span> <span class='ocrx_word' id='word_1_51' title='bbox 455 1123 682 1202; x_wconf 86' lang='lat' dir='ltr'><strong>deacceptatus,</strong></span> <span class='ocrx_word' id='word_1_52' title='bbox 704 1123 775 1201; x_wconf 89' lang='lat' dir='ltr'><strong>quia</strong></span> <span class='ocrx_word' id='word_1_53' title='bbox 797 1128 880 1181; x_wconf 88' lang='lat' dir='ltr'><strong>esset</strong></span> <span class='ocrx_word' id='word_1_54' title='bbox 899 1121 998 1182; x_wconf 90' lang='lat' dir='ltr'><strong>bonus</strong></span> <span class='ocrx_word' id='word_1_55' title='bbox 1010 1128 1041 1182; x_wconf 90' lang='lat' dir='ltr'><strong>et</strong></span> <span class='ocrx_word' id='word_1_56' title='bbox 1062 1139 1122 1183; x_wconf 89' lang='lat' dir='ltr'><strong>non</strong></span> 
     </span>
     <span class='ocr_line' id='line_1_10' title="bbox 212 1204 1125 1286; baseline -0.004 -18"><span class='ocrx_word' id='word_1_57' title='bbox 212 1206 315 1286; x_wconf 81' lang='lat' dir='ltr'><strong>bonus.</strong></span> <span class='ocrx_word' id='word_1_58' title='bbox 324 1206 393 1267; x_wconf 89' lang='lat' dir='ltr'><strong>Hoc</strong></span> <span class='ocrx_word' id='word_1_59' title='bbox 405 1207 486 1266; x_wconf 90' lang='lat' dir='ltr'><strong>enim</strong></span> <span class='ocrx_word' id='word_1_60' title='bbox 501 1205 674 1268; x_wconf 75' lang='lat' dir='ltr'><strong>subtilitatis</strong></span> <span class='ocrx_word' id='word_1_61' title='bbox 688 1205 830 1266; x_wconf 78' lang='lat' dir='ltr'><strong>Scoticae</strong></span> <span class='ocrx_word' id='word_1_62' title='bbox 842 1204 965 1282; x_wconf 90' lang='lat' dir='ltr'><strong>induco,</strong></span> <span class='ocrx_word' id='word_1_63' title='bbox 977 1212 1010 1264; x_wconf 92' lang='lat' dir='ltr'><strong>ut</strong></span> <span class='ocrx_word' id='word_1_64' title='bbox 1024 1212 1125 1265; x_wconf 89' lang='lat' dir='ltr'><strong>osten·</strong></span> 
     </span>
     <span class='ocr_line' id='line_1_11' title="bbox 212 1287 1124 1369; baseline -0.003 -19"><span class='ocrx_word' id='word_1_65' title='bbox 212 1289 295 1369; x_wconf 87' lang='lat' dir='ltr'><strong>dam,</strong></span> <span class='ocrx_word' id='word_1_66' title='bbox 319 1308 412 1369; x_wconf 89' lang='lat' dir='ltr'><strong>quam</strong></span> <span class='ocrx_word' id='word_1_67' title='bbox 433 1289 529 1369; x_wconf 83' lang='lat' dir='ltr'><strong>longe</strong></span> <span class='ocrx_word' id='word_1_68' title='bbox 548 1287 649 1349; x_wconf 87' lang='lat' dir='ltr'><strong>obsint</strong></span> <span class='ocrx_word' id='word_1_69' title='bbox 670 1307 690 1348; x_wconf 92' lang='lat' dir='ltr'><strong>a</strong></span> <span class='ocrx_word' id='word_1_70' title='bbox 712 1289 854 1364; x_wconf 83' lang='lat' dir='ltr'><strong>veritate,</strong></span> <span class='ocrx_word' id='word_1_71' title='bbox 881 1287 951 1346; x_wconf 88' lang='lat' dir='ltr'><strong>dum</strong></span> <span class='ocrx_word' id='word_1_72' title='bbox 979 1306 1028 1347; x_wconf 90' lang='lat' dir='ltr'><strong>res</strong></span> <span class='ocrx_word' id='word_1_73' title='bbox 1050 1288 1124 1347; x_wconf 82' lang='lat' dir='ltr'><strong>istas</strong></span> 
     </span>
     <span class='ocr_line' id='line_1_12' title="bbox 214 1370 1123 1451; baseline -0.002 -19"><span class='ocrx_word' id='word_1_74' title='bbox 214 1372 326 1432; x_wconf 80' lang='lat' dir='ltr'><strong>divinas</strong></span> <span class='ocrx_word' id='word_1_75' title='bbox 358 1372 500 1432; x_wconf 87' lang='lat' dir='ltr'><strong>humanis</strong></span> <span class='ocrx_word' id='word_1_76' title='bbox 529 1371 707 1431; x_wconf 74' lang='lat' dir='ltr'><strong>ratiunculis</strong></span> <span class='ocrx_word' id='word_1_77' title='bbox 735 1372 883 1451; x_wconf 87' lang='lat' dir='ltr'><strong>incipiunt</strong></span> <span class='ocrx_word' id='word_1_78' title='bbox 909 1372 1016 1430; x_wconf 88' lang='lat' dir='ltr'><strong>metiri.</strong></span> <span class='ocrx_word' id='word_1_79' title='bbox 1046 1370 1123 1430; x_wconf 86' lang='lat' dir='ltr'><strong>Nam</strong></span> 
     </span>
     <span class='ocr_line' id='line_1_13' title="bbox 213 1453 1125 1535; baseline -0.001 -21"><span class='ocrx_word' id='word_1_80' title='bbox 213 1456 261 1515; x_wconf 90' lang='lat' dir='ltr'><strong>nisi</strong></span> <span class='ocrx_word' id='word_1_81' title='bbox 283 1454 459 1534; x_wconf 72' lang='lat' dir='ltr'><strong>scripturae</strong></span> <span class='ocrx_word' id='word_1_82' title='bbox 481 1456 639 1514; x_wconf 87' lang='lat' dir='ltr'><strong>veritatem</strong></span> <span class='ocrx_word' id='word_1_83' title='bbox 666 1456 858 1535; x_wconf 81' lang='lat' dir='ltr'><strong>ignorarent,</strong></span> <span class='ocrx_word' id='word_1_84' title='bbox 880 1453 940 1513; x_wconf 88' lang='lat' dir='ltr'><strong>ista</strong></span> <span class='ocrx_word' id='word_1_85' title='bbox 961 1472 1022 1514; x_wconf 90' lang='lat' dir='ltr'><strong>non</strong></span> <span class='ocrx_word' id='word_1_86' title='bbox 1044 1453 1125 1513; x_wconf 88' lang='lat' dir='ltr'><strong>dice·</strong></span> 
     </span>
     <span class='ocr_line' id='line_1_14' title="bbox 215 1537 1125 1617; baseline -0.002 -19"><span class='ocrx_word' id='word_1_87' title='bbox 215 1545 282 1612; x_wconf 88' lang='lat' dir='ltr'><strong>rent,</strong></span> <span class='ocrx_word' id='word_1_88' title='bbox 306 1539 384 1597; x_wconf 89' lang='lat' dir='ltr'><strong>etsi</strong></span> <span class='ocrx_word' id='word_1_89' title='bbox 407 1545 490 1597; x_wconf 89' lang='lat' dir='ltr'><strong>recte</strong></span> <span class='ocrx_word' id='word_1_90' title='bbox 501 1537 707 1617; x_wconf 84' lang='lat' dir='ltr'><strong>intelligerent</strong></span> <span class='ocrx_word' id='word_1_91' title='bbox 728 1537 884 1597; x_wconf 84' lang='lat' dir='ltr'><strong>materiam</strong></span> <span class='ocrx_word' id='word_1_92' title='bbox 906 1538 1033 1616; x_wconf 86' lang='lat' dir='ltr'><strong>gratiae,</strong></span> <span class='ocrx_word' id='word_1_93' title='bbox 1055 1555 1125 1617; x_wconf 80' lang='lat' dir='ltr'><strong>pec</strong></span> 
     </span>
     <span class='ocr_line' id='line_1_15' title="bbox 216 1620 1123 1700; baseline -0.002 -19"><span class='ocrx_word' id='word_1_94' title='bbox 216 1624 281 1698; x_wconf 85' lang='lat' dir='ltr'><strong>cati,</strong></span> <span class='ocrx_word' id='word_1_95' title='bbox 310 1627 343 1681; x_wconf 88' lang='lat' dir='ltr'><strong>et</strong></span> <span class='ocrx_word' id='word_1_96' title='bbox 364 1620 452 1681; x_wconf 85' lang='lat' dir='ltr'><strong>liberi</strong></span> <span class='ocrx_word' id='word_1_97' title='bbox 480 1620 609 1700; x_wconf 84' lang='lat' dir='ltr'><strong>arbitrii,</strong></span> <span class='ocrx_word' id='word_1_98' title='bbox 638 1639 702 1681; x_wconf 94' lang='lat' dir='ltr'><strong>non</strong></span> <span class='ocrx_word' id='word_1_99' title='bbox 731 1621 806 1680; x_wconf 89' lang='lat' dir='ltr'><strong>istas</strong></span> <span class='ocrx_word' id='word_1_100' title='bbox 833 1620 1045 1681; x_wconf 78' lang='lat' dir='ltr'><strong>cavillationes</strong></span> <span class='ocrx_word' id='word_1_101' title='bbox 1068 1638 1123 1700; x_wconf 87' lang='lat' dir='ltr'><strong>pro</strong></span> 
     </span>
     <span class='ocr_line' id='line_1_16' title="bbox 215 1702 662 1765; baseline 0.005 -2"><span class='ocrx_word' id='word_1_102' title='bbox 215 1704 292 1764; x_wconf 87' lang='lat' dir='ltr'><strong>bonis</strong></span> <span class='ocrx_word' id='word_1_103' title='bbox 315 1702 487 1765; x_wconf 89' lang='lat' dir='ltr'><strong>rationibus</strong></span> <span class='ocrx_word' id='word_1_104' title='bbox 508 1702 662 1765; x_wconf 75' lang='lat' dir='ltr'><strong>ducerent.</strong></span> 
     </span>
    </p>

    <p class='ocr_par' dir='ltr' id='par_1_4' title="bbox 206 1785 1135 2447">
     <span class='ocr_line' id='line_1_17' title="bbox 285 1785 1121 1867; baseline 0 -20"><span class='ocrx_word' id='word_1_105' title='bbox 285 1786 366 1847; x_wconf 87' lang='lat' dir='ltr'><strong>Dico</strong></span> <span class='ocrx_word' id='word_1_106' title='bbox 396 1804 487 1867; x_wconf 85' lang='lat' dir='ltr'><strong>ergo:</strong></span> <span class='ocrx_word' id='word_1_107' title='bbox 521 1785 608 1847; x_wconf 91' lang='lat' dir='ltr'><strong>Idem</strong></span> <span class='ocrx_word' id='word_1_108' title='bbox 631 1794 717 1847; x_wconf 89' lang='lat' dir='ltr'><strong>actus</strong></span> <span class='ocrx_word' id='word_1_109' title='bbox 741 1792 789 1844; x_wconf 91' lang='lat' dir='ltr'><strong>est</strong></span> <span class='ocrx_word' id='word_1_110' title='bbox 808 1790 986 1865; x_wconf 81' lang='lat' dir='ltr'><strong>acceptatus</strong></span> <span class='ocrx_word' id='word_1_111' title='bbox 1008 1793 1038 1847; x_wconf 88' lang='lat' dir='ltr'><strong>et</strong></span> <span class='ocrx_word' id='word_1_112' title='bbox 1059 1804 1121 1847; x_wconf 92' lang='lat' dir='ltr'><strong>non</strong></span> 
     </span>
     <span class='ocr_line' id='line_1_18' title="bbox 215 1867 1123 1949; baseline 0 -20"><span class='ocrx_word' id='word_1_113' title='bbox 215 1868 442 1949; x_wconf 77' lang='lat' dir='ltr'><strong>deaccaptatus3</strong></span> <span class='ocrx_word' id='word_1_114' title='bbox 464 1867 545 1948; x_wconf 92' lang='lat' dir='ltr'><strong>quod</strong></span> <span class='ocrx_word' id='word_1_115' title='bbox 568 1875 669 1931; x_wconf 83' lang='lat' dir='ltr'><strong>autem</strong></span> <span class='ocrx_word' id='word_1_116' title='bbox 694 1887 755 1929; x_wconf 90' lang='lat' dir='ltr'><strong>non</strong></span> <span class='ocrx_word' id='word_1_117' title='bbox 778 1867 959 1947; x_wconf 84' lang='lat' dir='ltr'><strong>deacceptat</strong></span> <span class='ocrx_word' id='word_1_118' title='bbox 960 1889 995 1929; x_wconf 89' lang='lat' dir='ltr'><strong>ur</strong></span> <span class='ocrx_word' id='word_1_119' title='bbox 1016 1871 1123 1949; x_wconf 86' lang='lat' dir='ltr'><strong>(opor</strong></span> 
     </span>
     <span class='ocr_line' id='line_1_19' title="bbox 214 1936 1122 2046; baseline 0.001 -34"><span class='ocrx_word' id='word_1_120' title='bbox 214 1959 247 2012; x_wconf 85' lang='lat' dir='ltr'><strong>tet</strong></span> <span class='ocrx_word' id='word_1_121' title='bbox 267 1954 352 2013; x_wconf 90' lang='lat' dir='ltr'><strong>enim</strong></span> <span class='ocrx_word' id='word_1_122' title='bbox 375 1970 480 2015; x_wconf 89' lang='lat' dir='ltr'><strong>eorum</strong></span> <span class='ocrx_word' id='word_1_123' title='bbox 503 1951 603 2013; x_wconf 88' lang='lat' dir='ltr'><strong>verbis</strong></span> <span class='ocrx_word' id='word_1_124' title='bbox 627 1936 706 2046; x_wconf 78' lang='lat' dir='ltr'><strong>uti),</strong></span> <span class='ocrx_word' id='word_1_125' title='bbox 734 1969 797 2011; x_wconf 91' lang='lat' dir='ltr'><strong>non</strong></span> <span class='ocrx_word' id='word_1_126' title='bbox 826 1958 873 2010; x_wconf 91' lang='lat' dir='ltr'><strong>est</strong></span> <span class='ocrx_word' id='word_1_127' title='bbox 895 1951 1015 2011; x_wconf 90' lang='lat' dir='ltr'><strong>bonitas</strong></span> <span class='ocrx_word' id='word_1_128' title='bbox 1037 1959 1122 2017; x_wconf 86' lang='lat' dir='ltr'><strong>actus</strong></span> 
     </span>
     <span class='ocr_line' id='line_1_20' title="bbox 213 2033 1123 2114; baseline 0.003 -22"><span class='ocrx_word' id='word_1_129' title='bbox 213 2035 234 2095; x_wconf 90' lang='lat' dir='ltr'><strong>in</strong></span> <span class='ocrx_word' id='word_1_130' title='bbox 258 2054 372 2112; x_wconf 87' lang='lat' dir='ltr'><strong>causa,</strong></span> <span class='ocrx_word' id='word_1_131' title='bbox 411 2033 465 2095; x_wconf 93' lang='lat' dir='ltr'><strong>sed</strong></span> <span class='ocrx_word' id='word_1_132' title='bbox 488 2035 682 2114; x_wconf 84' lang='lat' dir='ltr'><strong>ignoscentia</strong></span> <span class='ocrx_word' id='word_1_133' title='bbox 703 2033 823 2110; x_wconf 88' lang='lat' dir='ltr'><strong>divina,</strong></span> <span class='ocrx_word' id='word_1_134' title='bbox 850 2052 929 2113; x_wconf 84' lang='lat' dir='ltr'><strong>quae</strong></span> <span class='ocrx_word' id='word_1_135' title='bbox 950 2035 1008 2094; x_wconf 87' lang='lat' dir='ltr'><strong>nisi</strong></span> <span class='ocrx_word' id='word_1_136' title='bbox 1032 2046 1123 2107; x_wconf 86' lang='lat' dir='ltr'><strong>esset,</strong></span> 
     </span>
     <span class='ocr_line' id='line_1_21' title="bbox 210 2114 1122 2198; baseline 0.007 -22"><span class='ocrx_word' id='word_1_137' title='bbox 210 2118 305 2179; x_wconf 87' lang='lat' dir='ltr'><strong>nullus</strong></span> <span class='ocrx_word' id='word_1_138' title='bbox 332 2124 416 2179; x_wconf 86' lang='lat' dir='ltr'><strong>esset</strong></span> <span class='ocrx_word' id='word_1_139' title='bbox 446 2123 633 2197; x_wconf 87' lang='lat' dir='ltr'><strong>acceptatus.</strong></span> <span class='ocrx_word' id='word_1_140' title='bbox 677 2114 779 2191; x_wconf 78' lang='lat' dir='ltr'><strong>Quare</strong></span> <span class='ocrx_word' id='word_1_141' title='bbox 807 2116 881 2178; x_wconf 88' lang='lat' dir='ltr'><strong>satis</strong></span> <span class='ocrx_word' id='word_1_142' title='bbox 901 2123 1005 2196; x_wconf 86' lang='lat' dir='ltr'><strong>patet,</strong></span> <span class='ocrx_word' id='word_1_143' title='bbox 1031 2120 1122 2198; x_wconf 89' lang='lat' dir='ltr'><strong>quod</strong></span> 
     </span>
     <span class='ocr_line' id='line_1_22' title="bbox 210 2200 1127 2282; baseline 0.008 -24"><span class='ocrx_word' id='word_1_144' title='bbox 210 2209 275 2263; x_wconf 90' lang='lat' dir='ltr'><strong>sunt</strong></span> <span class='ocrx_word' id='word_1_145' title='bbox 306 2202 407 2282; x_wconf 85' lang='lat' dir='ltr'><strong>ignari</strong></span> <span class='ocrx_word' id='word_1_146' title='bbox 429 2201 550 2261; x_wconf 88' lang='lat' dir='ltr'><strong>divinae</strong></span> <span class='ocrx_word' id='word_1_147' title='bbox 573 2200 819 2278; x_wconf 86' lang='lat' dir='ltr'><strong>misericordiae</strong></span> <span class='ocrx_word' id='word_1_148' title='bbox 850 2218 888 2261; x_wconf 86' lang='lat' dir='ltr'><strong>ac</strong></span> <span class='ocrx_word' id='word_1_149' title='bbox 914 2219 969 2279; x_wconf 86' lang='lat' dir='ltr'><strong>per</strong></span> <span class='ocrx_word' id='word_1_150' title='bbox 1006 2201 1066 2263; x_wconf 89' lang='lat' dir='ltr'><strong>hoo</strong></span> <span class='ocrx_word' id='word_1_151' title='bbox 1095 2213 1127 2265; x_wconf 90' lang='lat' dir='ltr'><strong>at</strong></span> 
     </span>
     <span class='ocr_line' id='line_1_23' title="bbox 207 2282 1135 2366; baseline 0.004 -23"><span class='ocrx_word' id='word_1_152' title='bbox 207 2283 328 2360; x_wconf 81' lang='lat' dir='ltr'><strong>Christi,</strong></span> <span class='ocrx_word' id='word_1_153' title='bbox 351 2282 421 2343; x_wconf 92' lang='lat' dir='ltr'><strong>dum</strong></span> <span class='ocrx_word' id='word_1_154' title='bbox 435 2301 512 2362; x_wconf 90' lang='lat' dir='ltr'><strong>opus</strong></span> <span class='ocrx_word' id='word_1_155' title='bbox 524 2282 638 2344; x_wconf 93' lang='lat' dir='ltr'><strong>bonum</strong></span> <span class='ocrx_word' id='word_1_156' title='bbox 651 2284 809 2343; x_wconf 87' lang='lat' dir='ltr'><strong>inveniunt</strong></span> <span class='ocrx_word' id='word_1_157' title='bbox 830 2285 1043 2363; x_wconf 80' lang='lat' dir='ltr'><strong>acceptatione</strong></span> <span class='ocrx_word' id='word_1_158' title='bbox 1061 2286 1124 2366; x_wconf 80' lang='lat' dir='ltr'><strong>dig-</strong></span> <span class='ocrx_word' id='word_1_159' title='bbox 1133 2340 1135 2347; x_wconf 93' lang='lat'><em>.</em></span> 
     </span>
     <span class='ocr_line' id='line_1_24' title="bbox 206 2365 816 2447; baseline 0.002 -22"><span class='ocrx_word' id='word_1_160' title='bbox 206 2385 288 2444; x_wconf 91' lang='lat' dir='ltr'><strong>num,</strong></span> <span class='ocrx_word' id='word_1_161' title='bbox 310 2368 378 2426; x_wconf 89' lang='lat' dir='ltr'><strong>sine</strong></span> <span class='ocrx_word' id='word_1_162' title='bbox 397 2365 605 2426; x_wconf 88' lang='lat' dir='ltr'><strong>misericordia</strong></span> <span class='ocrx_word' id='word_1_163' title='bbox 626 2367 816 2447; x_wconf 85' lang='lat' dir='ltr'><strong>ignoscente.</strong></span> 
     </span>
    </p>

    <p class='ocr_par' dir='ltr' id='par_1_5' title="bbox 203 2448 1150 3526">
     <span class='ocr_line' id='line_1_25' title="bbox 288 2448 1123 2529; baseline 0.005 -21"><span class='ocrx_word' id='word_1_164' title='bbox 288 2448 435 2510; x_wconf 85' lang='lat' dir='ltr'><strong>Dicercnt</strong></span> <span class='ocrx_word' id='word_1_165' title='bbox 422 2456 582 2528; x_wconf 84' lang='lat' dir='ltr'><strong>t&#39;,rursus</strong></span> <span class='ocrx_word' id='word_1_166' title='bbox 614 2467 667 2509; x_wconf 88' lang='lat' dir='ltr'><strong>our</strong></span> <span class='ocrx_word' id='word_1_167' title='bbox 701 2467 775 2529; x_wconf 83' lang='lat' dir='ltr'><strong>ergo</strong></span> <span class='ocrx_word' id='word_1_168' title='bbox 802 2453 826 2510; x_wconf 87' lang='lat'><strong>1.</strong></span> <span class='ocrx_word' id='word_1_169' title='bbox 849 2448 961 2510; x_wconf 79' lang='lat' dir='ltr'><strong>dohan.</strong></span> <span class='ocrx_word' id='word_1_170' title='bbox 983 2455 1011 2513; x_wconf 73' lang='lat'><strong>5.</strong></span> <span class='ocrx_word' id='word_1_171' title='bbox 1036 2449 1123 2513; x_wconf 90' lang='lat' dir='ltr'><strong>dicit:</strong></span> 
     </span>
     <span class='ocr_line' id='line_1_26' title="bbox 203 2531 1122 2612; baseline 0.003 -21"><span class='ocrx_word' id='word_1_172' title='bbox 203 2531 264 2606; x_wconf 80' lang='lat' dir='ltr'><strong>Qui</strong></span> <span class='ocrx_word' id='word_1_173' title='bbox 287 2539 377 2592; x_wconf 89' lang='lat' dir='ltr'><strong>natus</strong></span> <span class='ocrx_word' id='word_1_174' title='bbox 399 2539 446 2592; x_wconf 91' lang='lat' dir='ltr'><strong>est</strong></span> <span class='ocrx_word' id='word_1_175' title='bbox 467 2551 506 2592; x_wconf 83' lang='lat' dir='ltr'><strong>ex</strong></span> <span class='ocrx_word' id='word_1_176' title='bbox 524 2531 602 2607; x_wconf 90' lang='lat' dir='ltr'><strong>Deo,</strong></span> <span class='ocrx_word' id='word_1_177' title='bbox 624 2551 688 2592; x_wconf 94' lang='lat' dir='ltr'><strong>non</strong></span> <span class='ocrx_word' id='word_1_178' title='bbox 709 2540 833 2611; x_wconf 71' lang='lat' dir='ltr'><strong>peccat,</strong></span> <span class='ocrx_word' id='word_1_179' title='bbox 855 2531 1042 2612; x_wconf 88' lang='lat' dir='ltr'><strong>respondeo:</strong></span> <span class='ocrx_word' id='word_1_180' title='bbox 1067 2535 1122 2594; x_wconf 90' lang='lat' dir='ltr'><strong>lm-</strong></span> 
     </span>
     <span class='ocr_line' id='line_1_27' title="bbox 204 2612 1122 2695; baseline 0.004 -20"><span class='ocrx_word' id='word_1_181' title='bbox 204 2613 339 2693; x_wconf 88' lang='lat' dir='ltr'><strong>posibile</strong></span> <span class='ocrx_word' id='word_1_182' title='bbox 361 2622 417 2695; x_wconf 84' lang='lat' dir='ltr'><strong>est,</strong></span> <span class='ocrx_word' id='word_1_183' title='bbox 439 2621 592 2695; x_wconf 87' lang='lat' dir='ltr'><strong>utpeccet</strong></span> <span class='ocrx_word' id='word_1_184' title='bbox 609 2612 688 2675; x_wconf 87' lang='lat' dir='ltr'><strong>fliius</strong></span> <span class='ocrx_word' id='word_1_185' title='bbox 704 2614 760 2674; x_wconf 88' lang='lat' dir='ltr'><strong>Dei</strong></span> <span class='ocrx_word' id='word_1_186' title='bbox 783 2616 964 2694; x_wconf 87' lang='lat' dir='ltr'><strong>quicunque.</strong></span> <span class='ocrx_word' id='word_1_187' title='bbox 1006 2615 1122 2679; x_wconf 86' lang='lat' dir='ltr'><strong>Tamen</strong></span> 
     </span>
     <span class='ocr_line' id='line_1_28' title="bbox 204 2696 1123 2781; baseline 0.006 -24"><span class='ocrx_word' id='word_1_188' title='bbox 204 2699 294 2758; x_wconf 90' lang='lat' dir='ltr'><strong>simut</strong></span> <span class='ocrx_word' id='word_1_189' title='bbox 317 2717 422 2758; x_wconf 86' lang='lat' dir='ltr'><strong>verum</strong></span> <span class='ocrx_word' id='word_1_190' title='bbox 446 2696 522 2758; x_wconf 64' lang='lat' dir='ltr'><strong>est*</strong></span> <span class='ocrx_word' id='word_1_191' title='bbox 531 2703 541 2776; x_wconf 74' lang='lat' dir='ltr'><strong>t</strong></span> <span class='ocrx_word' id='word_1_192' title='bbox 566 2696 649 2777; x_wconf 91' lang='lat' dir='ltr'><strong>quod</strong></span> <span class='ocrx_word' id='word_1_193' title='bbox 671 2706 796 2778; x_wconf 88' lang='lat' dir='ltr'><strong>peccat,</strong></span> <span class='ocrx_word' id='word_1_194' title='bbox 822 2697 875 2758; x_wconf 88' lang='lat' dir='ltr'><strong>sed</strong></span> <span class='ocrx_word' id='word_1_195' title='bbox 898 2699 970 2779; x_wconf 89' lang='lat' dir='ltr'><strong>quia</strong></span> <span class='ocrx_word' id='word_1_196' title='bbox 990 2700 1123 2781; x_wconf 82' lang='lat' dir='ltr'><strong>ignosci</strong></span> 
     </span>
     <span class='ocr_line' id='line_1_29' title="bbox 205 2780 1132 2860; baseline 0.006 -21"><span class='ocrx_word' id='word_1_197' title='bbox 205 2789 254 2840; x_wconf 88' lang='lat' dir='ltr'><strong>tur</strong></span> <span class='ocrx_word' id='word_1_198' title='bbox 268 2782 308 2859; x_wconf 90' lang='lat' dir='ltr'><strong>ei,</strong></span> <span class='ocrx_word' id='word_1_199' title='bbox 330 2780 401 2841; x_wconf 93' lang='lat' dir='ltr'><strong>ideo</strong></span> <span class='ocrx_word' id='word_1_200' title='bbox 413 2798 486 2841; x_wconf 87' lang='lat' dir='ltr'><strong>vere</strong></span> <span class='ocrx_word' id='word_1_201' title='bbox 504 2782 597 2840; x_wconf 87' lang='lat' dir='ltr'><strong>etiam</strong></span> <span class='ocrx_word' id='word_1_202' title='bbox 611 2798 745 2860; x_wconf 85' lang='lat' dir='ltr'><strong>peccans</strong></span> <span class='ocrx_word' id='word_1_203' title='bbox 758 2800 820 2841; x_wconf 91' lang='lat' dir='ltr'><strong>non</strong></span> <span class='ocrx_word' id='word_1_204' title='bbox 834 2784 951 2860; x_wconf 81' lang='lat' dir='ltr'><strong>peccdt,</strong></span> <span class='ocrx_word' id='word_1_205' title='bbox 974 2784 1032 2843; x_wconf 88' lang='lat' dir='ltr'><strong>nisr</strong></span> <span class='ocrx_word' id='word_1_206' title='bbox 1024 2783 1132 2845; x_wconf 60' lang='lat' dir='ltr'><strong>Pau-1</strong></span> 
     </span>
     <span class='ocr_line' id='line_1_30' title="bbox 208 2863 1123 2942; baseline 0.008 -20"><span class='ocrx_word' id='word_1_207' title='bbox 208 2863 253 2922; x_wconf 83' lang='lat' dir='ltr'><strong>lua</strong></span> <span class='ocrx_word' id='word_1_208' title='bbox 275 2883 340 2924; x_wconf 92' lang='lat' dir='ltr'><strong>non</strong></span> <span class='ocrx_word' id='word_1_209' title='bbox 362 2864 419 2923; x_wconf 84' lang='lat' dir='ltr'><strong>init</strong></span> <span class='ocrx_word' id='word_1_210' title='bbox 444 2871 534 2924; x_wconf 87' lang='lat' dir='ltr'><strong>natus</strong></span> <span class='ocrx_word' id='word_1_211' title='bbox 559 2883 598 2923; x_wconf 86' lang='lat' dir='ltr'><strong>ex</strong></span> <span class='ocrx_word' id='word_1_212' title='bbox 618 2864 701 2942; x_wconf 88' lang='lat' dir='ltr'><strong>Deo,</strong></span> <span class='ocrx_word' id='word_1_213' title='bbox 731 2864 840 2925; x_wconf 85' lang='lat' dir='ltr'><strong>Roma.</strong></span> <span class='ocrx_word' id='word_1_214' title='bbox 863 2867 891 2937; x_wconf 77' lang='lat'><strong>7,</strong></span> <span class='ocrx_word' id='word_1_215' title='bbox 930 2864 979 2925; x_wconf 90' lang='lat' dir='ltr'><strong>ubi</strong></span> <span class='ocrx_word' id='word_1_216' title='bbox 1009 2869 1123 2929; x_wconf 87' lang='lat' dir='ltr'><strong>servire</strong></span> 
     </span>
     <span class='ocr_line' id='line_1_31' title="bbox 208 2945 1122 3027; baseline 0.007 -22"><span class='ocrx_word' id='word_1_217' title='bbox 208 2945 339 3007; x_wconf 89' lang='lat' dir='ltr'><strong>sedicit</strong></span> <span class='ocrx_word' id='word_1_218' title='bbox 367 2945 430 3027; x_wconf 86' lang='lat' dir='ltr'><strong>legi</strong></span> <span class='ocrx_word' id='word_1_219' title='bbox 456 2948 589 3027; x_wconf 88' lang='lat' dir='ltr'><strong>pcccati,</strong></span> <span class='ocrx_word' id='word_1_220' title='bbox 621 2954 674 3008; x_wconf 85' lang='lat' dir='ltr'><strong>aut</strong></span> <span class='ocrx_word' id='word_1_221' title='bbox 704 2946 771 3026; x_wconf 88' lang='lat' dir='ltr'><strong>ipse</strong></span> <span class='ocrx_word' id='word_1_222' title='bbox 792 2945 949 3007; x_wconf 86' lang='lat' dir='ltr'><strong>Johannes</strong></span> <span class='ocrx_word' id='word_1_223' title='bbox 979 2950 1122 3011; x_wconf 88' lang='lat' dir='ltr'><strong>mentitus</strong></span> 
     </span>
     <span class='ocr_line' id='line_1_32' title="bbox 209 3027 1122 3112; baseline 0.007 -23"><span class='ocrx_word' id='word_1_224' title='bbox 209 3036 256 3089; x_wconf 91' lang='lat' dir='ltr'><strong>est</strong></span> <span class='ocrx_word' id='word_1_225' title='bbox 277 3035 387 3090; x_wconf 91' lang='lat' dir='ltr'><strong>contra</strong></span> <span class='ocrx_word' id='word_1_226' title='bbox 412 3048 447 3089; x_wconf 90' lang='lat' dir='ltr'><strong>se</strong></span> <span class='ocrx_word' id='word_1_227' title='bbox 467 3030 478 3089; x_wconf 90' lang='lat' dir='ltr'><strong>i</strong></span> <span class='ocrx_word' id='word_1_228' title='bbox 499 3048 582 3107; x_wconf 85' lang='lat' dir='ltr'><strong>sum,</strong></span> <span class='ocrx_word' id='word_1_229' title='bbox 605 3028 655 3089; x_wconf 90' lang='lat' dir='ltr'><strong>ubi</strong></span> <span class='ocrx_word' id='word_1_230' title='bbox 677 3028 764 3089; x_wconf 88' lang='lat' dir='ltr'><strong>dicit:</strong></span> <span class='ocrx_word' id='word_1_231' title='bbox 794 3027 826 3090; x_wconf 84' lang='lat' dir='ltr'><strong>si</strong></span> <span class='ocrx_word' id='word_1_232' title='bbox 849 3028 1029 3110; x_wconf 81' lang='lat' dir='ltr'><strong>dixerimus,</strong></span> <span class='ocrx_word' id='word_1_233' title='bbox 1051 3034 1122 3112; x_wconf 86' lang='lat' dir='ltr'><strong>quia</strong></span> 
     </span>
     <span class='ocr_line' id='line_1_33' title="bbox 209 3048 1124 3193; baseline 0.007 -21"><span class='ocrx_word' id='word_1_234' title='bbox 209 3118 368 3192; x_wconf 85' lang='lat' dir='ltr'><strong>peccatum</strong></span> <span class='ocrx_word' id='word_1_235' title='bbox 386 3132 451 3173; x_wconf 88' lang='lat' dir='ltr'><strong>non</strong></span> <span class='ocrx_word' id='word_1_236' title='bbox 477 3048 641 3186; x_wconf 64' lang='lat' dir='ltr'><strong>dabamus,</strong></span> <span class='ocrx_word' id='word_1_237' title='bbox 672 3131 729 3172; x_wconf 89' lang='lat' dir='ltr'><strong>nos</strong></span> <span class='ocrx_word' id='word_1_238' title='bbox 758 3112 843 3193; x_wconf 93' lang='lat' dir='ltr'><strong>ipsos</strong></span> <span class='ocrx_word' id='word_1_239' title='bbox 873 3113 1063 3193; x_wconf 87' lang='lat' dir='ltr'><strong>seducimus,</strong></span> <span class='ocrx_word' id='word_1_240' title='bbox 1093 3126 1124 3178; x_wconf 87' lang='lat' dir='ltr'><strong>et</strong></span> 
     </span>
     <span class='ocr_line' id='line_1_34' title="bbox 210 3195 1122 3279; baseline 0.006 -24"><span class='ocrx_word' id='word_1_241' title='bbox 210 3197 349 3256; x_wconf 84' lang='lat' dir='ltr'><strong>veritas</strong></span> <span class='ocrx_word' id='word_1_242' title='bbox 341 3215 372 3256; x_wconf 92' lang='grc' dir='ltr'><strong>ιιι</strong></span> <span class='ocrx_word' id='word_1_243' title='bbox 394 3195 485 3256; x_wconf 88' lang='lat' dir='ltr'><strong>nobis</strong></span> <span class='ocrx_word' id='word_1_244' title='bbox 507 3214 570 3256; x_wconf 93' lang='lat' dir='ltr'><strong>non</strong></span> <span class='ocrx_word' id='word_1_245' title='bbox 593 3203 648 3256; x_wconf 88' lang='lat' dir='ltr'><strong>est.</strong></span> <span class='ocrx_word' id='word_1_246' title='bbox 693 3197 836 3275; x_wconf 83' lang='lat' dir='ltr'><strong>Sequitur</strong></span> <span class='ocrx_word' id='word_1_247' title='bbox 854 3195 976 3267; x_wconf 79' lang='lat' dir='ltr'><strong>enim⁸)</strong></span> <span class='ocrx_word' id='word_1_248' title='bbox 1003 3201 1122 3279; x_wconf 85' lang='lat' dir='ltr'><strong>exposi-</strong></span> 
     </span>
     <span class='ocr_line' id='line_1_35' title="bbox 210 3277 1122 3359; baseline 0.004 -21"><span class='ocrx_word' id='word_1_249' title='bbox 210 3280 251 3340; x_wconf 91' lang='lat' dir='ltr'><strong>tio</strong></span> <span class='ocrx_word' id='word_1_250' title='bbox 264 3277 483 3358; x_wconf 84' lang='lat' dir='ltr'><strong>etconcordia,</strong></span> <span class='ocrx_word' id='word_1_251' title='bbox 505 3298 594 3359; x_wconf 87' lang='lat' dir='ltr'><strong>qnam</strong></span> <span class='ocrx_word' id='word_1_252' title='bbox 607 3277 688 3339; x_wconf 90' lang='lat' dir='ltr'><strong>dedi.</strong></span> <span class='ocrx_word' id='word_1_253' title='bbox 710 3277 740 3339; x_wconf 84' lang='lat' dir='ltr'><strong>Si</strong></span> <span class='ocrx_word' id='word_1_254' title='bbox 754 3285 866 3357; x_wconf 85' lang='lat' dir='ltr'><strong>autem,</strong></span> <span class='ocrx_word' id='word_1_255' title='bbox 888 3279 1030 3359; x_wconf 66' lang='lat' dir='ltr'><strong>inquio),</strong></span> <span class='ocrx_word' id='word_1_256' title='bbox 1053 3302 1122 3342; x_wconf 82' lang='lat' dir='ltr'><strong>oon·</strong></span> 
     </span>
     <span class='ocr_line' id='line_1_36' title="bbox 211 3361 1150 3444; baseline 0.005 -24"><span class='ocrx_word' id='word_1_257' title='bbox 211 3363 281 3421; x_wconf 82' lang='lat' dir='ltr'><strong>fessi</strong></span> <span class='ocrx_word' id='word_1_258' title='bbox 303 3362 449 3422; x_wconf 83' lang='lat' dir='ltr'><strong>fuerimus</strong></span> <span class='ocrx_word' id='word_1_259' title='bbox 471 3369 599 3444; x_wconf 89' lang='lat' dir='ltr'><strong>peccata</strong></span> <span class='ocrx_word' id='word_1_260' title='bbox 622 3369 740 3441; x_wconf 86' lang='lat' dir='ltr'><strong>nostra,</strong></span> <span class='ocrx_word' id='word_1_261' title='bbox 768 3361 867 3422; x_wconf 88' lang='lat' dir='ltr'><strong>fldelis</strong></span> <span class='ocrx_word' id='word_1_262' title='bbox 895 3372 942 3423; x_wconf 87' lang='lat' dir='ltr'><strong>est</strong></span> <span class='ocrx_word' id='word_1_263' title='bbox 965 3372 995 3422; x_wconf 87' lang='lat' dir='ltr'><strong>et</strong></span> <span class='ocrx_word' id='word_1_264' title='bbox 1016 3365 1150 3443; x_wconf 57' lang='lat' dir='ltr'><strong>iustus„</strong></span> 
     </span>
     <span class='ocr_line' id='line_1_37' title="bbox 212 3408 1122 3526; baseline 0.003 -22"><span class='ocrx_word' id='word_1_265' title='bbox 212 3452 241 3504; x_wconf 90' lang='lat' dir='ltr'><strong>ut</strong></span> <span class='ocrx_word' id='word_1_266' title='bbox 260 3446 397 3505; x_wconf 87' lang='lat' dir='ltr'><strong>remittat</strong></span> <span class='ocrx_word' id='word_1_267' title='bbox 418 3445 507 3505; x_wconf 90' lang='lat' dir='ltr'><strong>nobis</strong></span> <span class='ocrx_word' id='word_1_268' title='bbox 529 3453 657 3526; x_wconf 86' lang='lat' dir='ltr'><strong>peccota</strong></span> <span class='ocrx_word' id='word_1_269' title='bbox 675 3408 788 3506; x_wconf 63' lang='lat' dir='ltr'><strong>nos’tra.</strong></span> <span class='ocrx_word' id='word_1_270' title='bbox 834 3444 885 3505; x_wconf 80' lang='lat' dir='ltr'><strong>Sia</strong></span> <span class='ocrx_word' id='word_1_271' title='bbox 907 3447 1122 3509; x_wconf 78' lang='lat' dir='ltr'><strong>confitentibus</strong></span> 
     </span>
    </p>
   </div>
   <div class='ocr_carea' id='block_1_3' title="bbox 196 3714 1157 3934">
    <p class='ocr_par' dir='ltr' id='par_1_6' title="bbox 196 3714 1157 3934">
     <span class='ocr_line' id='line_1_38' title="bbox 244 3714 1123 3790; baseline -0.001 -16"><span class='ocrx_word' id='word_1_272' title='bbox 244 3721 276 3787; x_wconf 79' lang='lat'><strong>1)</strong></span> <span class='ocrx_word' id='word_1_273' title='bbox 298 3721 328 3771; x_wconf 87' lang='lat' dir='ltr'><strong>in</strong></span> <span class='ocrx_word' id='word_1_274' title='bbox 351 3719 414 3774; x_wconf 88' lang='lat' dir='ltr'><strong>edd.</strong></span> <span class='ocrx_word' id='word_1_275' title='bbox 434 3720 504 3788; x_wconf 79' lang='lat' dir='ltr'><strong>orig.</strong></span> <span class='ocrx_word' id='word_1_276' title='bbox 523 3719 591 3772; x_wconf 83' lang='lat' dir='ltr'><strong>haec</strong></span> <span class='ocrx_word' id='word_1_277' title='bbox 611 3717 710 3772; x_wconf 85' lang='lat' dir='ltr'><strong>verba:</strong></span> <span class='ocrx_word' id='word_1_278' title='bbox 731 3717 805 3772; x_wconf 82' lang='lat' dir='ltr'><strong>velut</strong></span> <span class='ocrx_word' id='word_1_279' title='bbox 824 3715 1019 3788; x_wconf 77' lang='lat' dir='ltr'><strong>paralyticum,</strong></span> <span class='ocrx_word' id='word_1_280' title='bbox 1029 3714 1123 3790; x_wconf 72' lang='lat' dir='ltr'><strong>legun·</strong></span> 
     </span>
     <span class='ocr_line' id='line_1_39' title="bbox 202 3790 1141 3869; baseline 0.01 -31"><span class='ocrx_word' id='word_1_281' title='bbox 202 3797 248 3867; x_wconf 82' lang='lat' dir='ltr'><strong>¹tar</strong></span> <span class='ocrx_word' id='word_1_282' title='bbox 269 3797 359 3854; x_wconf 75' lang='lat' dir='ltr'><strong>post:</strong></span> <span class='ocrx_word' id='word_1_283' title='bbox 380 3792 510 3857; x_wconf 61' lang='lat' dir='ltr'><strong>podem.</strong></span> <span class='ocrx_word' id='word_1_284' title='bbox 547 3790 579 3852; x_wconf 67' lang='lat'><strong>2)</strong></span> <span class='ocrx_word' id='word_1_285' title='bbox 598 3793 630 3846; x_wconf 85' lang='lat' dir='ltr'><strong>tn</strong></span> <span class='ocrx_word' id='word_1_286' title='bbox 659 3792 725 3847; x_wconf 86' lang='lat' dir='ltr'><strong>edd.</strong></span> <span class='ocrx_word' id='word_1_287' title='bbox 750 3796 874 3869; x_wconf 63' lang='lat' dir='ltr'><strong>origine.</strong></span> <span class='ocrx_word' id='word_1_288' title='bbox 904 3793 1016 3847; x_wconf 66' lang='lat' dir='ltr'><strong>‘icam</strong></span> <span class='ocrx_word' id='word_1_289' title='bbox 1041 3800 1141 3847; x_wconf 69' lang='grc' dir='ltr'>ιιιιιιιι</span> 
     </span>
     <span class='ocr_line' id='line_1_40' title="bbox 196 3860 1157 3934; baseline 0.023 -30"><span class='ocrx_word' id='word_1_290' title='bbox 196 3863 271 3906; x_wconf 71' lang='lat' dir='ltr'><strong>iaxta</strong></span> <span class='ocrx_word' id='word_1_291' title='bbox 289 3866 339 3909; x_wconf 77' lang='lat' dir='ltr'><strong>est..</strong></span> <span class='ocrx_word' id='word_1_292' title='bbox 376 3860 410 3917; x_wconf 79' lang='lat'><strong>3}</strong></span> <span class='ocrx_word' id='word_1_293' title='bbox 430 3862 500 3915; x_wconf 76' lang='lat' dir='ltr'><strong>iord.</strong></span> <span class='ocrx_word' id='word_1_294' title='bbox 519 3863 618 3921; x_wconf 78' lang='lat' dir='ltr'><strong>deest:</strong></span> <span class='ocrx_word' id='word_1_295' title='bbox 639 3872 731 3927; x_wconf 76' lang='lat' dir='ltr'><strong>enim.</strong></span> <span class='ocrx_word' id='word_1_296' title='bbox 767 3869 803 3929; x_wconf 77' lang='grc' dir='ltr'><strong>ιι</strong></span> <span class='ocrx_word' id='word_1_297' title='bbox 825 3868 900 3925; x_wconf 76' lang='lat' dir='ltr'><strong>inid.</strong></span> <span class='ocrx_word' id='word_1_298' title='bbox 918 3866 1157 3934; x_wconf 62' lang='grc' dir='ltr'>ιωιειιιιιι·</span> 
     </span>
    </p>
   </div>
   <div class='ocr_carea' id='block_1_4' title="bbox 0 0 1366 4417">
    <p class='ocr_par' dir='ltr' id='par_1_7' title="bbox 0 0 1366 4417">
     <span class='ocr_line' id='line_1_41' title="bbox 0 0 1366 4417; baseline 0 0"><span class='ocrx_word' id='word_1_299' title='bbox 0 0 1366 4417; x_wconf 95' lang='lat' dir='ltr'><strong> </strong></span> 
     </span>
    </p>
   </div>
  </div>
 </body>
</html>
