2709 4417
477 333 632 388 allotariis
651 339 777 402 excepta.
987 384 990 389 .
1009 326 1076 396 129

189 517 298 578 sdieit:
320 516 578 595 Unumquemque
598 525 793 596 reoept-urum
807 513 978 576 seeundum
989 513 1074 595 quod

206 619 334 680 corpore
354 601 461 680 gessit,
484 599 521 659 D.
540 594 631 661 P'ater
652 600 736 678 dioit,
758 600 916 660 homiuem
937 600 1077 680 recipere

189 685 244 743 iam
272 683 441 743 seeundum
464 681 547 761 quod
573 683 605 743 in
626 683 807 764 purgatorio
841 683 946 761 gessit.
975 684 1078 762 Augu·
1120 712 1123 719 ,

189 769 247 826 inus
275 766 363 845 dioit,
393 784 498 825 omne·
516 767 655 827 meritum
684 767 735 826 hin
763 766 952 844 comparari,
986 771 1018 826 et
1040 765 1077 827 D.
1123 766 1126 777 “

189 858 242 909 tter
261 848 455 928 contradicit,
477 849 569 909 etiam
590 851 621 910 in
635 850 813 930 purgatorio
824 848 965 908 meritum
989 866 1076 908 oom-

189 934 261 993 uari.
307 933 513 1010 Hieronymus
536 930 619 1012 dioit,
641 941 805 1013 postquam
828 951 846 992 e
868 948 999 1012 torpore
1021 950 1072 990 ex·
1109 968 1112 976 ·

189 1017 345 1095 sserimus,
367 1015 442 1075 nihil
463 1033 521 1075 nos
542 1017 710 1095 promereri
731 1015 814 1095 apud
835 1015 945 1086 Deum,
967 1014 1004 1074 D.
1020 1014 1073 1074 Pa-

189 1099 425 1175 reontradioit‚
455 1104 619 1178 postquam
648 1119 666 1160 e
688 1116 818 1179 corpore
840 1100 1074 1173 excesserimus,

189 1181 304 1242 thuein
325 1182 503 1262 purgatorio
526 1201 583 1242 nos
605 1183 793 1263 promereri,
822 1182 865 1241 ita
886 1180 925 1241 de
946 1179 1075 1241 Ambro-

189 1284 211 1326 u.
232 1264 376 1326 iudicent
392 1267 454 1324 iam
474 1264 699 1327 illustrissimae
712 1264 950 1340 dominationes,
974 1263 1074 1323 excel·

189 1349 266 1408 ntiae
288 1356 320 1408 et
340 1348 546 1428 praestantiae
567 1355 709 1425 vestrae,
738 1367 776 1407 an
799 1367 855 1427 per
877 1365 927 1409 me
948 1346 1074 1406 inducta

189 1430 230 1499 hil
250 1431 365 1491 laniant
385 1429 425 1491 ad
447 1432 650 1510 propositum,
673 1450 753 1511 quae
775 1430 890 1491 directe
912 1430 987 1491 nihil
1010 1431 1072 1489 dio-

189 1512 337 1574 tPatrum
368 1515 600 1575 annuariantur.
641 1515 718 1575 Peto
752 1533 849 1594 ergo,
888 1513 971 1593 quod
1004 1532 1078 1572 vere

189 1596 263 1674 tlvat,
287 1597 337 1656 vel
359 1596 518 1673 ostendat,
542 1597 701 1676 quomodo
724 1596 763 1657 ad
785 1599 979 1677 propositum
1002 1596 1076 1656 nihil

189 1681 253 1756 aiat,
275 1698 334 1740 neo
356 1687 497 1756 moretm,
521 1680 678 1759 quomodo
704 1686 735 1741 et
756 1698 817 1761 ego
832 1681 935 1759 plures
958 1699 1025 1740 sum
1048 1678 1077 1738 ei

189 1761 338 1823 lduaturus
366 1765 563 1841 autoritates,
606 1771 639 1823 ut
660 1764 903 1824 manifestarium
926 1764 985 1840 sit,
1019 1763 1079 1821 hoo

189 1864 220 1907 un
255 1865 323 1907 esse
353 1846 629 1926 theologistarum,
668 1846 724 1908 sed
767 1865 911 1907 verorum
959 1845 1078 1906 theolo-

189 1947 274 1990 orum.

464 2095 504 2155 M.
538 2060 805 2157 Luthsrns..

238 2258 314 2339 Ego,
340 2260 392 2338 qui
414 2259 506 2320 eredo
528 2260 656 2338 fortiter,
677 2261 740 2320 imo
763 2261 861 2321 ausim
880 2259 991 2336 diuers,
1014 2259 1079 2319 seio

189 2342 788 2505 tttt‘tt.ttaltlttttttttt
808 2341 1079 2485 {tltttt‘t

493 2472 501 2503 ,
1006 2469 1013 2485 ,
1069 2460 1080 2471 .

189 2505 241 2568 lusit
261 2507 429 2589 Gregorius
451 2511 482 2568 in
503 2508 649 2589 dialogo:
684 2509 754 2570 Non
777 2510 957 2584 remittitur,
980 2525 1081 2585 nequo

189 2591 268 2653 uhoo
289 2591 396 2653 seoulo
407 2611 467 2652 neo
486 2593 517 2652 in
531 2591 643 2672 futuro,
665 2593 775 2653 voleus
786 2600 915 2672 peooata
929 2588 1079 2670 quaedam

190 2676 271 2735 emitti
292 2675 326 2736 in
349 2676 541 2755 purgatorio.

239 2756 377 2818 Admitto
400 2765 432 2818 et
453 2758 528 2818 illud
561 2760 589 2820 2.
612 2757 732 2819 Maaha.
756 2760 812 2821 12:
844 2757 961 2818 Sancta
981 2762 1081 2816 estet

189 2839 286 2902 alubris
307 2841 456 2920 cogitatio
469 2860 524 2920 pro
538 2840 841 2906 defunctis'exorare
863 2848 921 2901 eto.
944 2837 1004 2899 Sed
1021 2838 1083 2898 hoo

189 2924 241 3002 ulo,
262 2923 346 3003 quod
369 2924 399 2983 in
422 2925 564 2984 universa
583 2923 739 3002 Scriptura
766 2942 828 2984 non
850 2922 999 2983 habeatur
1019 2940 1081 2982 me·

189 3008 257 3067 toria
277 3007 467 3087 purgatorii,
500 3025 579 3085 quae
600 3014 708 3086 posset
728 3013 808 3067 stare
829 3007 860 3065 iu
883 3005 1082 3066 contentione

189 3096 194 3149 'z
211 3091 408 3168 oonviuosre,
430 3108 501 3150 uam
513 3096 544 3150 et
560 3089 638 3150 liber
649 3089 914 3167 Maohabaeorum,
936 3106 1004 3148 oum
1018 3104 1081 3147 non

189 3173 250 3251 tin
272 3191 404 3249 munna,
427 3192 485 3252 pro
504 3171 645 3235 fidelibus
667 3180 778 3251 potens
800 3179 861 3249 est,
885 3178 993 3245 ooutra
1013 3188 1083 3249 per·

189 3274 277 3317 uaoes
298 3255 375 3316 nihil
397 3255 479 3317 fauit
500 3254 540 3317 Et
554 3255 668 3315 dietum
689 3254 830 3336 Gregorii
852 3254 998 3315 laoillims
1020 3251 1082 3312 elu-

189 3339 251 3419 itur,
272 3338 358 3418 quod
370 3358 471 3418 neque
491 3340 550 3418 hio,
573 3358 673 3418 neque
689 3339 832 3399 i-ufuturo
857 3343 1017 3417 pennatum
1038 3354 1083 3395 re-

189 3422 306 3500 ditatur,
328 3421 361 3482 id
382 3429 439 3500 est,
460 3441 625 3501 nunquam.
647 3421 722 3482 Ideo
745 3423 818 3483 uolo
841 3421 913 3480 mihi
934 3420 1081 3499 suspioio·

189 3523 233 3565 sm
253 3503 330 3582 lieri,
352 3504 436 3583 quod
456 3505 591 3566 faverem
612 3505 758 3565 Bohemis
782 3513 814 3565 et
834 3503 971 3565 Graeois.
1013 3501 1082 3562 Hoo

189 3606 221 3649 ro
261 3606 354 3651 nmo.

233 3607 294 3731 {d
314 3669 462 3750 replioam
482 3670 520 3735 D.
547 3671 584 3736 D.
616 3670 717 3733 diuam
746 3670 822 3732 nihil
848 3668 957 3750 aliud,
991 3687 1084 3750 quam

189 3751 243 3808 uod
263 3754 325 3809 iam
350 3753 448 3843 prius·
462 3751 533 3814 dixi.
571 3754 658 3818 idem
684 3758 770 3821 enim
793 3757 932 3843 repetit,
960 3753 1038 3818 ideo
1069 3756 1104 3815 et

189 3846 226 3885 sm
243 3830 432 3907 respondeo.

189 3936 250 3977 uum
262 3950 311 3988 opp.
330 3945 354 3985 V.
367 3945 396 3984 Α.
411 3949 445 3988 ad
457 3952 501 3996 re!-
518 3955 575 4002 Μή.
594 3962 612 4005 l.
627 3974 653 4016 p.
670 3967 728 4012 Vol.
743 3971 795 4014 ΠΙ.
928 3947 956 4018 q
