2709 4417
243 341 289 407 312
451 345 604 413 Disputatio
624 300 820 398 st'Exousatio
841 344 951 398 botheri

185 541 195 560 “
248 532 300 610 qui
321 529 396 592 nihil
428 532 566 592 continet
598 531 657 591 nisi
692 530 902 610 epistolam
924 529 1087 591 Lntheri
1121 528 1164 589 ad

246 613 403 674 Eooium
442 614 567 675 datam
590 619 638 688 ,et
663 613 822 674 Lutheri
854 613 988 673 theses
1023 618 1164 674 contra

248 715 370 757 novos
395 703 432 757 et
452 704 605 757 veteres
629 715 796 757 errores.
827 696 862 755 ln
884 695 1060 776 exemplari
1076 694 1163 758 huius

239 778 325 857 iibri,
346 779 428 857 quod
451 778 540 840 uobis
563 799 602 840 ex
617 778 804 840 bibliotheca
822 777 1022 839 Scheurliana
1037 783 1159 856 praesto

248 867 328 939 arat,
344 861 422 922 tituli
436 864 568 942 paginae
581 861 665 941 typia
681 880 738 921 nec
751 862 840 941 nigro
856 880 915 921 nec
925 861 988 921 alio
1004 861 1158 940 pigmento

247 945 349 1004 tinctis
370 944 448 1005 haec
470 953 541 1005 sunt
566 945 716 1024 impressa
744 943 911 1004 vocabula:
953 943 1155 1006 illustrissimo

249 1027 379 1106 principi
413 1034 443 1087 et
474 1027 646 1088 Marohioni
673 1026 732 1089 No.
762 1027 798 1086 D.
827 1025 984 1107 Friderico
1009 1025 1061 1087 111.
1084 1025 1154 1088 Duai

247 1108 403 1170 Saxobiac
435 1109 466 1172 8.
495 1110 584 1172 Rom.
628 1108 704 1189 Imp.
736 1108 1000 1170 Archimarsoalco
1031 1107 1154 1190 Principi

247 1191 383 1253 Electori
406 1200 436 1252 ct
457 1193 488 1252 in
510 1191 687 1274 regionibus
710 1189 854 1252 saxonici
875 1193 956 1273 regis
975 1191 1110 1265 vicario,
1131 1199 1156 1252 et

247 1275 278 1334 in
310 1274 416 1334 ultima
450 1277 564 1355 pagina
599 1275 665 1355 pari
698 1276 818 1334 ratione
845 1274 996 1356 imprfflaa
1023 1274 1156 1354 leguntur

247 1357 339 1418 haec:
382 1357 516 1419 Domino
539 1376 595 1418 suo
618 1357 812 1428 Clementiss.

328 1439 399 1501 Alia
419 1440 507 1505 huius
537 1439 633 1501 libelli
650 1439 745 1500 editio
758 1440 916 1522 originalia
932 1441 963 1499 in
978 1440 1079 1499 lucem
1094 1459 1155 1520 pro-

248 1521 304 1583 diit
324 1523 446 1603 Lipsiae
466 1522 522 1584 sub
544 1522 605 1584 hoo
626 1523 736 1584 titulo:

238 1646 242 1650 -
329 1606 504 1686 Disputatio
537 1612 568 1683 01
599 1605 756 1665 excusatio
779 1605 892 1666 Fratris
913 1602 1073 1665 Martini
1094 1604 1157 1664 Lu·

248 1689 333 1749 ther
355 1689 501 1749 adversus
523 1688 759 1749 Criminationes
781 1688 817 1748 D.
839 1687 990 1747 Jobannis
1013 1687 1098 1747 Ecoii
1120 1690 1157 1765 [s.

246 1771 269 1914 d
299 1771 423 1852 insigne
455 1770 577 1832 Valent.
616 1770 791 1832 Sohumann
828 1771 848 1830 i.
880 1788 907 1833 e.
934 1766 1087 1852 Lipsiae).
1128 1770 1157 1829 ln

243 1874 323 1915 -ne:
348 1857 436 1919 1119.
459 1855 489 1917 4.

329 1937 446 1997 Panaer
465 1936 546 1996 Anu.
567 1941 631 2015 typ.
653 1934 720 2012 vll,
744 1936 813 2000 209.
835 1955 864 1996 r.
883 1933 916 1996 d.
937 1933 1099 2004 Hardtlll,
1114 1937 1160 1998 22.

261 2057 263 2062 -
330 2018 438 2080 latino
460 2019 569 2100 legitur
590 2019 640 2078 hic
661 2017 784 2079 libeibrs
816 2018 846 2077 in
875 2016 944 2081 coil.
975 2015 1055 2097 Opp.
1078 2016 1160 2076 Lutb.

246 2101 374 2162 ienensi
388 2101 411 2178 1,
433 2121 463 2183 p.
486 2104 546 2165 239
568 2119 645 2181 sqq,
664 2099 813 2161 Wittenb.
834 2099 847 2159 Ι
868 2101 973 2179 prato
994 2119 1062 2179 sqq.
1084 2096 1163 2161 Loa-

203 2216 206 2221 ·
247 2184 339 2251 soher
365 2185 596 2246 Reform-Act.
626 2183 683 2260 111,
705 2183 765 2247 563
787 2201 853 2262 sqq.
878 2180 968 2265 (212.
990 2182 1083 2259 814),
1117 2183 1162 2259 (in

248 2265 371 2330 collect.
392 2266 553 2328 Basilienai
574 2265 735 2326 Lucubrat.
761 2264 848 2325 Lutb.
872 2267 952 2331 1520
981 2261 1160 2345 (1010110)

249 2349 461 2410 tantummodo
494 2349 723 2410 Ponitioncs
749 2347 907 2407 botheri
935 2354 1071 2408 contra
1102 2365 1163 2408 no-

248 2451 318 2493 ros
339 2438 377 2492 et
397 2438 557 2493 vetares
578 2449 731 2492 errores
753 2430 891 2491 redditae
917 2433 1018 2509 aunt),
1040 2429 1164 2491 Germa

250 2515 319 2575 nice
341 2534 391 2595 ap.
413 2514 534 2577 Walcb.
556 2514 622 2593 XV,
645 2515 706 2578 974
727 2532 794 2592 sqq.
815 2547 853 2558 -
950 2530 953 2561 τ

415 2874 665 3065 Disputatio
696 2946 740 3037 ot
753 2939 1000 3053 1110000110
1110 3027 1114 3032 ,

249 3129 283 3211 Ε.
305 3130 437 3205 Martini
464 3129 591 3192 liutheri
623 3130 772 3192 advorsus
804 3116 1032 3191 criminationes
1060 3125 1097 3188 n.
1117 3125 1164 3186 Jo·

593 3212 704 3274 bannis
724 3210 817 3276 Eooii.
1144 3210 1146 3213 ’

258 3325 274 3393 ¹*
370 3365 408 3427 D.
430 3351 576 3426 Martinus
597 3362 710 3425 Lutber
731 3363 847 3443 optimo
868 3359 989 3465 Lectori
1012 3357 1043 3421 S.

312 3517 423 3578 Eccius
445 3535 530 3577 meus
551 3516 701 3591 irascitur,
722 3515 763 3573 mi
780 3513 892 3590 lector,
914 3510 1164 3588 consecravitque

251 3599 316 3662 sodi
339 3599 529 3679 apostolicae
552 3598 645 3658 aliam
666 3596 893 3677 disputationis·
907 3592 1078 3672 schadam‚·
1102 3591 1164 3671 ple-

246 3701 322 3745 nam
349 3683 415 3744 irae
449 3700 526 3743 suae
556 3689 588 3742 et
616 3680 840 3741 criminationis
875 3678 958 3750 mai„
995 3674 1164 3751 adieoitque

252 3765 390 3828 rioribus
411 3764 692 3851 propositionibus
714 3780 826 3838 unam„
842 3760 967 3820 iortxter
983 3756 1164 3845 irasqeuteu

239 3862 282 3911 oo
302 3853 373 3934 ost,
407 3853 471 3917 nisi
496 3854 652 3917 timerem
675 3843 893 3930 disputationi
918 3837 1048 3896 tunm
1067 3845 1164 3904 mqa
