2709 4417
447 334 603 394 atlotmlis
622 347 746 410 excepta.
823 364 825 369 ·
848 370 850 375 ·
872 358 876 373 ·
1008 332 1070 404 159

207 492 419 608 Hieronymus
460 533 566 588 contra
598 528 803 609 Pelagianos,
836 527 1007 610 Cyprianus
1039 535 1072 590 et

193 612 337 674 obrosius
358 618 468 673 contra
488 610 619 672 Arianos
642 618 673 671 et
693 611 906 692 Novatianos,
936 630 991 674 eos
1012 630 1069 693 pro

193 696 276 756 ›itrio
299 695 494 774 interpretari
516 712 633 754 sacram
655 694 853 774 Scripturam.

226 778 325 856 Petit,
349 776 432 856 quod
443 776 570 858 probem
582 796 684 838 meam
694 780 886 853 seutentiam,
902 796 972 839 cum
984 794 1069 839 suam

193 863 283 924 »bare
306 880 372 922 non
392 861 506 940 possit,
533 880 632 921 meam
656 880 732 922 vero
754 861 914 942 probatam
937 862 1069 922 iudicum

193 949 296 1024 inquo
318 943 444 1004 iudicio.

227 1028 282 1088 De
305 1025 434 1087 doneo
454 1027 514 1086 alia
535 1033 583 1086 est
603 1028 684 1087 ratio
705 1027 885 1106 Hieronymi
906 1027 946 1088 ad
967 1026 1070 1106 Helpi·

193 1132 246 1189 m,
272 1111 349 1191 quia
368 1109 492 1170 aliunde
514 1109 667 1189 probatur·
681 1128 721 1169 ex
743 1109 921 1189 Scriptura,
943 1111 1068 1170 Mariam

193 1214 273 1276 sper
300 1194 455 1253 mansisse
485 1194 656 1272 virginem,
689 1194 780 1274 igitur
810 1191 936 1254 donec
956 1192 1069 1253 ibidem

193 1300 202 1340 ι
237 1277 322 1338 dicit
348 1278 664 1352 consummationem,
697 1275 779 1354 quod
807 1276 856 1335 hio
883 1296 944 1337 non
967 1281 1071 1357 potest

193 1381 261 1424 ere.
386 1416 389 1420 .

228 1445 334 1505 Porro
357 1441 397 1503 do
414 1442 582 1503 rationibus
610 1441 686 1501 meis
708 1443 807 1522 gratia
828 1440 984 1503 brevitatis
1007 1458 1070 1501 uon

193 1548 267 1590 ror⁴
305 1524 368 1585 Sed
390 1525 472 1604 qnod
492 1525 575 1604 dicit,
597 1543 647 1584 me
668 1532 782 1584 certum
804 1524 915 1585 fecisse
928 1544 968 1585 ex
981 1522 1071 1583 dietis

193 1632 223 1689 s,
251 1607 339 1690 qnod
360 1610 482 1668 animae
502 1607 654 1688 suffragiis
666 1608 834 1668 viventium
857 1608 1003 1668 liberatae
1017 1607 1072 1666 mi-

193 1693 388 1769 sbeeutur,
421 1690 499 1750 male
537 1691 609 1750 milri
636 1691 783 1769 imponit,
815 1709 875 1750 neo
894 1693 974 1751 euim
998 1689 1071 1750 mihi

193 1778 275 1837 unia
295 1774 391 1854 fingo.
436 1774 615 1855 Reperietur
636 1774 718 1832 enim
745 1775 776 1833 iu
806 1772 955 1834 dilutione
976 1771 1070 1832 adno-

193 1862 306 1922 ionum
328 1876 478 1933 mearum,
502 1856 638 1917 noluisse
659 1856 838 1916 Paschalem
862 1876 916 1916 sua
938 1856 995 1916 sibi
1016 1855 1071 1914 mi·

193 1945 202 2004 i
225 1941 379 2024 praemia,
401 1939 472 1999 ideo
495 1939 639 1999 maluisse
661 1938 779 2018 ardere,
802 1939 856 1999 sed
878 1941 973 2000 missa
993 1938 1071 1997 haee

193 2027 245 2096 io,
267 2030 301 2084 et
319 2023 660 2083 iudicibus-committo.

236 2108 355 2180 Porro,
377 2125 440 2166 non
462 2122 564 2185 nego,
586 2107 656 2183 quin
685 2107 717 2165 in
740 2103 984 2166 tribulationibus
1003 2102 1070 2181 quis

193 2190 259 2252 rdet
271 2190 380 2265 Deum,
404 2188 457 2248 sed
479 2187 540 2247 hoe
562 2187 631 2247 loco
653 2189 752 2267 accipi
774 2206 835 2246 non
851 2190 963 2268 potest,
988 2184 1070 2264 quod

206 2276 238 2333 iu
261 2272 353 2333 coelo
376 2278 501 2330 cantare
520 2288 576 2330 eos
597 2270 685 2349 dicit,
714 2276 746 2330 et
773 2269 813 2331 ab
841 2271 901 2329 illis
922 2268 1071 2330 absterse-

193 2358 297 2418 ,Dens
319 2373 443 2416 omnem
466 2354 622 2413 lacrimam
645 2361 702 2415 ete.
725 2352 813 2413 Unde
835 2354 929 2432 liquet
951 2352 1074 2439 lectori,

193 2437 314 2501 iomodo
337 2437 518 2497 seutentiam
543 2454 641 2496 meam
662 2437 806 2497 invertat.
839 2434 929 2496 Unde
950 2434 1074 2493 animae

210 2520 390 2604 purgatorio
413 2525 553 2597 cantant,
589 2518 755 2579 secundum
777 2518 966 2591 Johanuem,
994 2517 1071 2595 Deo,

211 2623 326 2686 quaero
348 2621 483 2679 eausam,
504 2602 647 2682 explicet,
668 2604 726 2661 uisi
738 2601 924 2674 certitudinis
936 2600 1073 2680 gloriae,

193 2707 254 2753 rare
275 2687 437 2759 falsissime
459 2686 707 2757 comminiscitur,
730 2684 812 2764 quod
833 2691 941 2745 contra
964 2702 1012 2742 me
1028 2682 1072 2761 ip-

193 2790 226 2831 nu
247 2770 367 2851 loquar.
389 2766 479 2829 Unde
499 2787 560 2829 nou
584 2786 677 2848 nego,
698 2766 797 2828 bonos
818 2766 943 2863 gloriari
965 2766 997 2825 in
1024 2765 1073 2825 tri-

193 2852 374 2927 dationibus,
397 2857 429 2911 et
448 2858 587 2929 cantare,
615 2850 668 2910 sed
690 2851 802 2931 negavi
822 2849 905 2911 rllam
927 2846 1074 2931 glossam,

193 2956 249 2997 ram
270 2937 339 3016 ipse
359 2933 465 3013 finxit,
497 2935 579 3015 quod
607 2937 732 2995 eantare
759 2933 850 2992 sitin
873 2928 1072 2993 tribulationi·

193 3039 215 3081 rs
241 3019 332 3080 deum
362 3016 506 3095 laudare,
539 3016 677 3096 alioquin
704 3014 806 3098 augeli
835 3033 897 3076 nou
928 3019 1075 3075 canerent
1111 3034 1116 3041 ·

193 3121 227 3165 eo
248 3108 280 3171 et
302 3100 396 3163 beati.

241 3182 333 3261 Quod
360 3201 494 3245 errorem
517 3182 759 3261 patentissimum
792 3178 957 3267 deleudepe
984 3198 1074 3240 cona-

193 3287 229 3346 ιτ,
263 3266 383 3329 scilieet
404 3265 522 3326 animas
544 3265 676 3326 dormire
698 3284 808 3325 somno
830 3264 936 3345 pacis,
957 3261 1074 3323 scilieet

193 3349 261 3413 uoad
283 3368 322 3411 co
361 3369 397 3409 us
420 3354 493 3422 eta,
515 3349 660 3427 quoniam
682 3348 785 3407 anima
806 3353 948 3428 separata
968 3364 987 3404 a
1009 3363 1073 3404 cor-

193 3450 237 3495 ore
256 3453 319 3495 uon
352 3431 463 3497 aburat
481 3430 513 3491 in
540 3449 670 3511 corpore
692 3431 783 3491 variis
807 3428 975 3490 molestiis:
1004 3426 1074 3487 vide
1167 3476 1168 3481 ,

193 3514 319 3594 nlritiem,
341 3515 393 3594 qui
416 3532 483 3573 cum
505 3513 655 3574 solvendo
677 3513 717 3573 ad
739 3532 849 3593 corpus
870 3510 1023 3571 retulisset
1043 3512 1073 3587 in

193 3597 301 3679 epulcro
324 3599 540 3683 quiescentes,
569 3598 630 3657 iam
658 3615 693 3657 se
716 3595 856 3657 naualert
878 3594 918 3654 ad
940 3592 1073 3675 quietem

193 3680 323 3745 cimaea
350 3674 515 3741 laboribus
535 3679 683 3761 corporis.
724 3678 786 3743 Sed
812 3679 888 3743 heus
915 3674 997 3736 boue
1018 3677 1074 3751 vir,

193 3763 281 3820 thou
295 3764 455 3838 quiescere
476 3782 497 3822 a
519 3760 692 3848 laboribus,
715 3762 953 3850 quiaridelleet
969 3760 1091 3824 nonin

193 3857 271 3913 pore
290 3842 454 3905 molestias
472 3848 641 3936 patiatur,
672 3861 786 3920 tamen
808 3845 1110 3937 incomparalibus
