<?xml version="1.0" encoding="UTF-8"?>
<!DOCTYPE html PUBLIC "-//W3C//DTD XHTML 1.0 Transitional//EN"
    "http://www.w3.org/TR/xhtml1/DTD/xhtml1-transitional.dtd">
<html xmlns="http://www.w3.org/1999/xhtml" xml:lang="en" lang="en">
 <head>
  <title>
</title>
<meta http-equiv="Content-Type" content="text/html;charset=utf-8" />
  <meta name='ocr-system' content='tesseract 3.04.00' />
  <meta name='ocr-capabilities' content='ocr_page ocr_carea ocr_par ocr_line ocrx_word'/>
</head>
<body>
  <div class='ocr_page' id='page_1' title='image "./operalatinavari00schmgoog_0258.png"; bbox 0 0 2709 4417; ppageno 0'>
   <div class='ocr_carea' id='block_1_1' title="bbox 217 304 925 418">
    <p class='ocr_par' dir='ltr' id='par_1_1' title="bbox 217 304 925 418">
     <span class='ocr_line' id='line_1_1' title="bbox 217 304 925 418; baseline -0.02 -9"><span class='ocrx_word' id='word_1_1' title='bbox 217 349 283 418; x_wconf 70' lang='grc'>246</span> <span class='ocrx_word' id='word_1_2' title='bbox 463 347 558 401; x_wconf 79' lang='lat' dir='ltr'>Resol.</span> <span class='ocrx_word' id='word_1_3' title='bbox 578 347 604 396; x_wconf 83' lang='lat' dir='ltr'>t.</span> <span class='ocrx_word' id='word_1_4' title='bbox 623 361 711 414; x_wconf 78' lang='lat' dir='ltr'>saper</span> <span class='ocrx_word' id='word_1_5' title='bbox 728 304 925 413; x_wconf 75' lang='lat' dir='ltr'>Propositiou.</span> 
     </span>
    </p>
   </div>
   <div class='ocr_carea' id='block_1_2' title="bbox 191 530 1119 3587">
    <p class='ocr_par' dir='ltr' id='par_1_2' title="bbox 219 530 1119 1112">
     <span class='ocr_line' id='line_1_2' title="bbox 219 530 1118 620; baseline -0.002 -24"><span class='ocrx_word' id='word_1_6' title='bbox 219 541 385 620; x_wconf 80' lang='lat' dir='ltr'>opiniones</span> <span class='ocrx_word' id='word_1_7' title='bbox 404 535 598 615; x_wconf 71' lang='lat' dir='ltr'><strong>impugnavit</strong></span> <span class='ocrx_word' id='word_1_8' title='bbox 620 540 653 593; x_wconf 87' lang='lat' dir='ltr'>et</span> <span class='ocrx_word' id='word_1_9' title='bbox 675 532 862 613; x_wconf 86' lang='lat' dir='ltr'>praevaluit.</span> <span class='ocrx_word' id='word_1_10' title='bbox 893 530 980 592; x_wconf 84' lang='lat' dir='ltr'>Idem</span> <span class='ocrx_word' id='word_1_11' title='bbox 1001 531 1118 603; x_wconf 19' lang='lat' dir='ltr'>feeit-Oc</span> 
     </span>
     <span class='ocr_line' id='line_1_3' title="bbox 223 615 1118 697; baseline -0.007 -14"><span class='ocrx_word' id='word_1_12' title='bbox 223 643 314 697; x_wconf 82' lang='lat' dir='ltr'>earn,</span> <span class='ocrx_word' id='word_1_13' title='bbox 334 621 474 680; x_wconf 84' lang='lat' dir='ltr'>iecerunt</span> <span class='ocrx_word' id='word_1_14' title='bbox 496 626 527 676; x_wconf 86' lang='lat' dir='ltr'>et</span> <span class='ocrx_word' id='word_1_15' title='bbox 549 617 637 676; x_wconf 77' lang='lat' dir='ltr'>multi</span> <span class='ocrx_word' id='word_1_16' title='bbox 661 617 729 692; x_wconf 90' lang='lat' dir='ltr'>alii,</span> <span class='ocrx_word' id='word_1_17' title='bbox 752 616 874 676; x_wconf 85' lang='lat' dir='ltr'>iaciunt</span> <span class='ocrx_word' id='word_1_18' title='bbox 893 633 994 692; x_wconf 85' lang='lat' dir='ltr'>usquc</span> <span class='ocrx_word' id='word_1_19' title='bbox 1014 615 1043 673; x_wconf 90' lang='lat' dir='ltr'>in</span> <span class='ocrx_word' id='word_1_20' title='bbox 1061 634 1118 694; x_wconf 83' lang='lat' dir='ltr'>prae</span> 
     </span>
     <span class='ocr_line' id='line_1_4' title="bbox 223 696 1119 780; baseline -0.007 -16"><span class='ocrx_word' id='word_1_21' title='bbox 223 713 344 764; x_wconf 87' lang='lat' dir='ltr'>sentem</span> <span class='ocrx_word' id='word_1_22' title='bbox 368 703 461 777; x_wconf 87' lang='lat' dir='ltr'>diem,</span> <span class='ocrx_word' id='word_1_23' title='bbox 483 710 607 759; x_wconf 87' lang='lat' dir='ltr'>etcum</span> <span class='ocrx_word' id='word_1_24' title='bbox 630 700 762 780; x_wconf 84' lang='lat' dir='ltr'>siugulis</span> <span class='ocrx_word' id='word_1_25' title='bbox 783 717 894 759; x_wconf 86' lang='lat' dir='ltr'>eornm</span> <span class='ocrx_word' id='word_1_26' title='bbox 916 697 1045 758; x_wconf 91' lang='lat' dir='ltr'>liberum</span> <span class='ocrx_word' id='word_1_27' title='bbox 1059 696 1119 780; x_wconf 85' lang='lat' dir='ltr'>sit¹]</span> 
     </span>
     <span class='ocr_line' id='line_1_5' title="bbox 224 781 1119 862; baseline -0.007 -15"><span class='ocrx_word' id='word_1_28' title='bbox 224 786 369 847; x_wconf 85' lang='lat' dir='ltr'>omnibus</span> <span class='ocrx_word' id='word_1_29' title='bbox 390 782 615 857; x_wconf 86' lang='lat' dir='ltr'>contradicere,</span> <span class='ocrx_word' id='word_1_30' title='bbox 638 801 694 841; x_wconf 81' lang='lat' dir='ltr'>our</span> <span class='ocrx_word' id='word_1_31' title='bbox 715 802 776 862; x_wconf 85' lang='lat' dir='ltr'>ego</span> <span class='ocrx_word' id='word_1_32' title='bbox 801 801 882 841; x_wconf 91' lang='lat' dir='ltr'>unus</span> <span class='ocrx_word' id='word_1_33' title='bbox 903 781 966 840; x_wconf 88' lang='lat' dir='ltr'>hac</span> <span class='ocrx_word' id='word_1_34' title='bbox 976 781 1070 860; x_wconf 84' lang='lat' dir='ltr'>gratia</span> <span class='ocrx_word' id='word_1_35' title='bbox 1086 783 1119 861; x_wconf 86' lang='lat' dir='ltr'>pn&#39;</span> 
     </span>
     <span class='ocr_line' id='line_1_6' title="bbox 223 863 1117 945; baseline -0.006 -17"><span class='ocrx_word' id='word_1_36' title='bbox 223 869 301 930; x_wconf 82' lang='lat' dir='ltr'>vor?</span> <span class='ocrx_word' id='word_1_37' title='bbox 323 869 464 945; x_wconf 84' lang='lat' dir='ltr'>Denique</span> <span class='ocrx_word' id='word_1_38' title='bbox 483 885 556 924; x_wconf 82' lang='lat' dir='ltr'>cum</span> <span class='ocrx_word' id='word_1_39' title='bbox 579 875 611 924; x_wconf 89' lang='lat' dir='ltr'>ct</span> <span class='ocrx_word' id='word_1_40' title='bbox 635 884 695 944; x_wconf 86' lang='lat' dir='ltr'>ego</span> <span class='ocrx_word' id='word_1_41' title='bbox 716 867 748 924; x_wconf 90' lang='lat' dir='ltr'>in</span> <span class='ocrx_word' id='word_1_42' title='bbox 771 865 842 924; x_wconf 88' lang='lat' dir='ltr'>aliis</span> <span class='ocrx_word' id='word_1_43' title='bbox 865 863 972 923; x_wconf 89' lang='lat' dir='ltr'>multis</span> <span class='ocrx_word' id='word_1_44' title='bbox 995 865 1117 923; x_wconf 87' lang='lat' dir='ltr'>sententii</span> 
     </span>
     <span class='ocr_line' id='line_1_7' title="bbox 223 945 1119 1030; baseline -0.007 -18"><span class='ocrx_word' id='word_1_45' title='bbox 223 954 290 1012; x_wconf 89' lang='lat' dir='ltr'>sine</span> <span class='ocrx_word' id='word_1_46' title='bbox 311 950 439 1030; x_wconf 85' lang='lat' dir='ltr'>querela</span> <span class='ocrx_word' id='word_1_47' title='bbox 460 947 604 1009; x_wconf 92' lang='lat' dir='ltr'>omnibns</span> <span class='ocrx_word' id='word_1_48' title='bbox 633 947 827 1024; x_wconf 68' lang='lat' dir='ltr'>contradixi,</span> <span class='ocrx_word' id='word_1_49' title='bbox 857 966 914 1006; x_wconf 90' lang='lat' dir='ltr'>cur</span> <span class='ocrx_word' id='word_1_50' title='bbox 939 947 971 1006; x_wconf 93' lang='lat' dir='ltr'>in</span> <span class='ocrx_word' id='word_1_51' title='bbox 1004 945 1058 1004; x_wconf 91' lang='lat' dir='ltr'>hac</span> <span class='ocrx_word' id='word_1_52' title='bbox 1084 966 1119 1006; x_wconf 86' lang='lat' dir='ltr'>un</span> 
     </span>
     <span class='ocr_line' id='line_1_8' title="bbox 223 1032 593 1112; baseline -0.008 -17"><span class='ocrx_word' id='word_1_53' title='bbox 223 1053 336 1095; x_wconf 82' lang='lat' dir='ltr'>noram</span> <span class='ocrx_word' id='word_1_54' title='bbox 360 1033 460 1112; x_wconf 83' lang='lat' dir='ltr'>legem</span> <span class='ocrx_word' id='word_1_55' title='bbox 482 1032 593 1109; x_wconf 89' lang='lat' dir='ltr'>patior.</span> 
     </span>
    </p>

    <p class='ocr_par' dir='ltr' id='par_1_3' title="bbox 224 1111 1119 2590">
     <span class='ocr_line' id='line_1_9' title="bbox 306 1111 1119 1193; baseline -0.007 -18"><span class='ocrx_word' id='word_1_56' title='bbox 306 1116 413 1193; x_wconf 85' lang='lat' dir='ltr'>Itaque</span> <span class='ocrx_word' id='word_1_57' title='bbox 435 1115 525 1192; x_wconf 74' lang='lat' dir='ltr'>rogo,</span> <span class='ocrx_word' id='word_1_58' title='bbox 546 1112 688 1172; x_wconf 80' lang='lat' dir='ltr'>attendat</span> <span class='ocrx_word' id='word_1_59' title='bbox 710 1115 762 1190; x_wconf 92' lang='lat' dir='ltr'>qui</span> <span class='ocrx_word' id='word_1_60' title='bbox 782 1112 880 1187; x_wconf 85' lang='lat' dir='ltr'>volet,</span> <span class='ocrx_word' id='word_1_61' title='bbox 903 1130 969 1171; x_wconf 94' lang='lat' dir='ltr'>non</span> <span class='ocrx_word' id='word_1_62' title='bbox 990 1111 1071 1188; x_wconf 87' lang='lat' dir='ltr'>quis,</span> <span class='ocrx_word' id='word_1_63' title='bbox 1089 1131 1119 1170; x_wconf 88' lang='lat' dir='ltr'>au</span> 
     </span>
     <span class='ocr_line' id='line_1_10' title="bbox 225 1193 1119 1275; baseline -0.007 -17"><span class='ocrx_word' id='word_1_64' title='bbox 225 1206 334 1258; x_wconf 85' lang='lat' dir='ltr'>eontra</span> <span class='ocrx_word' id='word_1_65' title='bbox 356 1215 445 1275; x_wconf 86' lang='lat' dir='ltr'>qnos,</span> <span class='ocrx_word' id='word_1_66' title='bbox 468 1194 523 1253; x_wconf 87' lang='lat' dir='ltr'>sed</span> <span class='ocrx_word' id='word_1_67' title='bbox 545 1194 618 1273; x_wconf 93' lang='lat' dir='ltr'>quid</span> <span class='ocrx_word' id='word_1_68' title='bbox 641 1201 673 1254; x_wconf 88' lang='lat' dir='ltr'>et</span> <span class='ocrx_word' id='word_1_69' title='bbox 694 1202 898 1273; x_wconf 85' lang='lat' dir='ltr'>contraquae</span> <span class='ocrx_word' id='word_1_70' title='bbox 920 1193 1032 1253; x_wconf 89' lang='lat' dir='ltr'>dicam.</span> <span class='ocrx_word' id='word_1_71' title='bbox 1052 1193 1119 1266; x_wconf 74' lang='lat' dir='ltr'>Cedo</span> 
     </span>
     <span class='ocr_line' id='line_1_11' title="bbox 224 1275 1119 1360; baseline -0.008 -20"><span class='ocrx_word' id='word_1_72' title='bbox 224 1289 382 1360; x_wconf 82' lang='lat' dir='ltr'>respectqs</span> <span class='ocrx_word' id='word_1_73' title='bbox 399 1297 612 1357; x_wconf 86' lang='lat' dir='ltr'>personarum,</span> <span class='ocrx_word' id='word_1_74' title='bbox 636 1297 714 1356; x_wconf 88' lang='lat' dir='ltr'>quas</span> <span class='ocrx_word' id='word_1_75' title='bbox 724 1278 809 1338; x_wconf 87' lang='lat' dir='ltr'>Deus</span> <span class='ocrx_word' id='word_1_76' title='bbox 832 1295 897 1336; x_wconf 92' lang='lat' dir='ltr'>non</span> <span class='ocrx_word' id='word_1_77' title='bbox 919 1277 1040 1353; x_wconf 83' lang='lat' dir='ltr'>accipit,</span> <span class='ocrx_word' id='word_1_78' title='bbox 1061 1275 1119 1355; x_wconf 66' lang='lat' dir='ltr'>Lep&#39;</span> 
     </span>
     <span class='ocr_line' id='line_1_12' title="bbox 228 1357 1119 1439; baseline -0.006 -17"><span class='ocrx_word' id='word_1_79' title='bbox 228 1383 295 1422; x_wconf 89' lang='lat' dir='ltr'>mus</span> <span class='ocrx_word' id='word_1_80' title='bbox 317 1365 349 1421; x_wconf 90' lang='lat' dir='ltr'>in</span> <span class='ocrx_word' id='word_1_81' title='bbox 371 1360 554 1439; x_wconf 81' lang='lat' dir='ltr'>Evangelio,</span> <span class='ocrx_word' id='word_1_82' title='bbox 576 1361 787 1439; x_wconf 77' lang='lat' dir='ltr'>praecipiente</span> <span class='ocrx_word' id='word_1_83' title='bbox 810 1359 957 1434; x_wconf 85' lang='lat' dir='ltr'>Christo,</span> <span class='ocrx_word' id='word_1_84' title='bbox 980 1357 1093 1418; x_wconf 83' lang='lat' dir='ltr'>Scribas</span> <span class='ocrx_word' id='word_1_85' title='bbox 1111 1379 1119 1418; x_wconf 76' lang='grc' dir='ltr'>ε</span> 
     </span>
     <span class='ocr_line' id='line_1_13' title="bbox 227 1440 1119 1504; baseline -0.006 0"><span class='ocrx_word' id='word_1_86' title='bbox 227 1445 411 1504; x_wconf 69' lang='lat' dir='ltr'>Pharisaeos</span> <span class='ocrx_word' id='word_1_87' title='bbox 444 1445 475 1501; x_wconf 91' lang='lat' dir='ltr'>in</span> <span class='ocrx_word' id='word_1_88' title='bbox 524 1442 672 1502; x_wconf 81' lang='lat' dir='ltr'>cathedra</span> <span class='ocrx_word' id='word_1_89' title='bbox 692 1443 772 1503; x_wconf 77' lang='lat' dir='ltr'>Moci</span> <span class='ocrx_word' id='word_1_90' title='bbox 807 1441 956 1501; x_wconf 81' lang='lat' dir='ltr'>sedentes</span> <span class='ocrx_word' id='word_1_91' title='bbox 985 1440 1119 1500; x_wconf 81' lang='lat' dir='ltr'>audiendo</span> 
     </span>
     <span class='ocr_line' id='line_1_14' title="bbox 227 1522 1119 1603; baseline -0.004 -17"><span class='ocrx_word' id='word_1_92' title='bbox 227 1546 317 1600; x_wconf 82' lang='lat' dir='ltr'>esse,</span> <span class='ocrx_word' id='word_1_93' title='bbox 340 1545 402 1586; x_wconf 93' lang='lat' dir='ltr'>non</span> <span class='ocrx_word' id='word_1_94' title='bbox 425 1525 496 1603; x_wconf 90' lang='lat' dir='ltr'>quia</span> <span class='ocrx_word' id='word_1_95' title='bbox 517 1543 672 1603; x_wconf 87' lang='lat' dir='ltr'>personae</span> <span class='ocrx_word' id='word_1_96' title='bbox 695 1532 819 1601; x_wconf 88' lang='lat' dir='ltr'>essent,</span> <span class='ocrx_word' id='word_1_97' title='bbox 841 1524 871 1584; x_wconf 93' lang='lat' dir='ltr'>id</span> <span class='ocrx_word' id='word_1_98' title='bbox 895 1534 964 1599; x_wconf 69' lang='lat' dir='ltr'>est,</span> <span class='ocrx_word' id='word_1_99' title='bbox 977 1522 1119 1583; x_wconf 67' lang='lat' dir='ltr'>Scribaei</span> 
     </span>
     <span class='ocr_line' id='line_1_15' title="bbox 226 1605 1119 1684; baseline -0.003 -16"><span class='ocrx_word' id='word_1_100' title='bbox 226 1609 403 1684; x_wconf 86' lang='lat' dir='ltr'>Pharisaei,</span> <span class='ocrx_word' id='word_1_101' title='bbox 424 1606 481 1666; x_wconf 86' lang='lat' dir='ltr'>scd</span> <span class='ocrx_word' id='word_1_102' title='bbox 502 1608 575 1684; x_wconf 90' lang='lat' dir='ltr'>quia</span> <span class='ocrx_word' id='word_1_103' title='bbox 595 1608 705 1668; x_wconf 76' lang='lat' dir='ltr'>Mosen</span> <span class='ocrx_word' id='word_1_104' title='bbox 728 1607 888 1667; x_wconf 72' lang='lat' dir='ltr'>docerent.</span> <span class='ocrx_word' id='word_1_105' title='bbox 912 1605 1059 1684; x_wconf 83' lang='lat' dir='ltr'>Alioquin</span> <span class='ocrx_word' id='word_1_106' title='bbox 1079 1625 1119 1665; x_wconf 84' lang='lat' dir='ltr'>cnr</span> 
     </span>
     <span class='ocr_line' id='line_1_16' title="bbox 227 1689 1118 1768; baseline -0.001 -18"><span class='ocrx_word' id='word_1_107' title='bbox 227 1693 349 1750; x_wconf 87' lang='lat' dir='ltr'>sitiam</span> <span class='ocrx_word' id='word_1_108' title='bbox 377 1689 516 1750; x_wconf 76' lang='lat' dir='ltr'>aeonium</span> <span class='ocrx_word' id='word_1_109' title='bbox 537 1692 826 1768; x_wconf 81' lang='lat' dir='ltr'>corruptissimum,</span> <span class='ocrx_word' id='word_1_110' title='bbox 849 1696 1054 1768; x_wconf 83' lang='lat' dir='ltr'>temporaque</span> <span class='ocrx_word' id='word_1_111' title='bbox 1073 1709 1118 1768; x_wconf 85' lang='lat' dir='ltr'>per</span> 
     </span>
     <span class='ocr_line' id='line_1_17' title="bbox 228 1772 1119 1850; baseline 0 -18"><span class='ocrx_word' id='word_1_112' title='bbox 228 1773 441 1845; x_wconf 83' lang='lat' dir='ltr'>culosissirna,</span> <span class='ocrx_word' id='word_1_113' title='bbox 475 1773 507 1829; x_wconf 90' lang='lat' dir='ltr'>in</span> <span class='ocrx_word' id='word_1_114' title='bbox 529 1772 660 1849; x_wconf 85' lang='lat' dir='ltr'>proclivi</span> <span class='ocrx_word' id='word_1_115' title='bbox 682 1773 756 1846; x_wconf 89' lang='lat' dir='ltr'>erit,</span> <span class='ocrx_word' id='word_1_116' title='bbox 791 1774 818 1831; x_wconf 90' lang='lat' dir='ltr'>si</span> <span class='ocrx_word' id='word_1_117' title='bbox 846 1772 995 1850; x_wconf 85' lang='lat' dir='ltr'>superbia</span> <span class='ocrx_word' id='word_1_118' title='bbox 1022 1777 1052 1831; x_wconf 85' lang='lat' dir='ltr'>ct</span> <span class='ocrx_word' id='word_1_119' title='bbox 1079 1778 1119 1832; x_wconf 80' lang='lat' dir='ltr'>cot</span> 
     </span>
     <span class='ocr_line' id='line_1_18' title="bbox 227 1854 1117 1934; baseline -0.001 -19"><span class='ocrx_word' id='word_1_120' title='bbox 227 1863 346 1934; x_wconf 81' lang='lat' dir='ltr'>tempto</span> <span class='ocrx_word' id='word_1_121' title='bbox 377 1855 572 1933; x_wconf 84' lang='lat' dir='ltr'>coeperimus</span> <span class='ocrx_word' id='word_1_122' title='bbox 593 1874 708 1933; x_wconf 86' lang='lat' dir='ltr'>agere,</span> <span class='ocrx_word' id='word_1_123' title='bbox 742 1861 777 1913; x_wconf 89' lang='lat' dir='ltr'>ut</span> <span class='ocrx_word' id='word_1_124' title='bbox 811 1856 1005 1914; x_wconf 77' lang='lat' dir='ltr'>incurramus</span> <span class='ocrx_word' id='word_1_125' title='bbox 1024 1855 1055 1913; x_wconf 92' lang='lat' dir='ltr'>in</span> <span class='ocrx_word' id='word_1_126' title='bbox 1074 1854 1117 1914; x_wconf 86' lang='lat' dir='ltr'>illu</span> 
     </span>
     <span class='ocr_line' id='line_1_19' title="bbox 228 1934 1119 2015; baseline -0.001 -18"><span class='ocrx_word' id='word_1_127' title='bbox 228 1938 308 1998; x_wconf 85' lang='lat' dir='ltr'>Psat.</span> <span class='ocrx_word' id='word_1_128' title='bbox 334 1939 381 1999; x_wconf 76' lang='lat' dir='ltr'>tt.</span> <span class='ocrx_word' id='word_1_129' title='bbox 408 1936 601 2015; x_wconf 88' lang='lat' dir='ltr'>perieulum:</span> <span class='ocrx_word' id='word_1_130' title='bbox 625 1937 797 1997; x_wconf 83' lang='lat' dir='ltr'>Consilium</span> <span class='ocrx_word' id='word_1_131' title='bbox 825 1938 930 2015; x_wconf 91' lang='lat' dir='ltr'>inopis</span> <span class='ocrx_word' id='word_1_132' title='bbox 959 1934 1119 1997; x_wconf 78' lang='lat' dir='ltr'>confudisti</span> 
     </span>
     <span class='ocr_line' id='line_1_20' title="bbox 228 2017 1119 2100; baseline 0 -21"><span class='ocrx_word' id='word_1_133' title='bbox 228 2021 373 2099; x_wconf 88' lang='lat' dir='ltr'>qnoniam</span> <span class='ocrx_word' id='word_1_134' title='bbox 395 2020 547 2078; x_wconf 89' lang='lat' dir='ltr'>Dominus</span> <span class='ocrx_word' id='word_1_135' title='bbox 569 2039 642 2099; x_wconf 88' lang='lat' dir='ltr'>spes</span> <span class='ocrx_word' id='word_1_136' title='bbox 665 2021 732 2079; x_wconf 91' lang='lat' dir='ltr'>eius</span> <span class='ocrx_word' id='word_1_137' title='bbox 755 2028 803 2079; x_wconf 89' lang='lat' dir='ltr'>est</span> <span class='ocrx_word' id='word_1_138' title='bbox 823 2017 869 2100; x_wconf 86' lang='lat'>²).</span> <span class='ocrx_word' id='word_1_139' title='bbox 913 2019 1017 2093; x_wconf 76' lang='lat' dir='ltr'>Quare</span> <span class='ocrx_word' id='word_1_140' title='bbox 1039 2039 1119 2080; x_wconf 72' lang='lat' dir='ltr'>mem(</span> 
     </span>
     <span class='ocr_line' id='line_1_21' title="bbox 228 2101 1119 2180; baseline -0.002 -18"><span class='ocrx_word' id='word_1_141' title='bbox 228 2123 277 2163; x_wconf 83' lang='lat' dir='ltr'>res</span> <span class='ocrx_word' id='word_1_142' title='bbox 299 2104 452 2176; x_wconf 86' lang='lat' dir='ltr'>invicem,</span> <span class='ocrx_word' id='word_1_143' title='bbox 485 2101 569 2179; x_wconf 93' lang='lat' dir='ltr'>quod</span> <span class='ocrx_word' id='word_1_144' title='bbox 598 2122 708 2163; x_wconf 88' lang='lat' dir='ltr'>omnes</span> <span class='ocrx_word' id='word_1_145' title='bbox 737 2121 842 2162; x_wconf 87' lang='lat' dir='ltr'>sumus</span> <span class='ocrx_word' id='word_1_146' title='bbox 865 2101 1029 2176; x_wconf 87' lang='lat' dir='ltr'>homines,</span> <span class='ocrx_word' id='word_1_147' title='bbox 1060 2122 1119 2180; x_wconf 77' lang='lat' dir='ltr'>quar</span> 
     </span>
     <span class='ocr_line' id='line_1_22' title="bbox 229 2183 1119 2264; baseline -0.001 -20"><span class='ocrx_word' id='word_1_148' title='bbox 229 2185 318 2244; x_wconf 78' lang='lat' dir='ltr'>focile</span> <span class='ocrx_word' id='word_1_149' title='bbox 340 2187 380 2254; x_wconf 86' lang='lat' dir='ltr'>sit</span> <span class='ocrx_word' id='word_1_150' title='bbox 402 2203 525 2259; x_wconf 84' lang='lat' dir='ltr'>errare,</span> <span class='ocrx_word' id='word_1_151' title='bbox 560 2204 651 2263; x_wconf 81' lang='lat' dir='ltr'>quam</span> <span class='ocrx_word' id='word_1_152' title='bbox 680 2204 750 2245; x_wconf 88' lang='lat' dir='ltr'>raro</span> <span class='ocrx_word' id='word_1_153' title='bbox 781 2192 812 2243; x_wconf 88' lang='lat' dir='ltr'>et</span> <span class='ocrx_word' id='word_1_154' title='bbox 833 2183 963 2245; x_wconf 83' lang='lat' dir='ltr'>difficile</span> <span class='ocrx_word' id='word_1_155' title='bbox 993 2186 1119 2264; x_wconf 81' lang='lat' dir='ltr'>contingo</span> 
     </span>
     <span class='ocr_line' id='line_1_23' title="bbox 228 2267 1119 2347; baseline -0.001 -20"><span class='ocrx_word' id='word_1_156' title='bbox 228 2287 301 2327; x_wconf 88' lang='lat' dir='ltr'>vera</span> <span class='ocrx_word' id='word_1_157' title='bbox 323 2285 449 2346; x_wconf 79' lang='lat' dir='ltr'>sapere,</span> <span class='ocrx_word' id='word_1_158' title='bbox 479 2274 511 2326; x_wconf 90' lang='lat' dir='ltr'>et</span> <span class='ocrx_word' id='word_1_159' title='bbox 533 2276 617 2327; x_wconf 86' lang='lat' dir='ltr'>recte</span> <span class='ocrx_word' id='word_1_160' title='bbox 639 2287 743 2347; x_wconf 85' lang='lat' dir='ltr'>agere,</span> <span class='ocrx_word' id='word_1_161' title='bbox 766 2267 924 2328; x_wconf 88' lang='lat' dir='ltr'>communi</span> <span class='ocrx_word' id='word_1_162' title='bbox 948 2267 1050 2328; x_wconf 90' lang='lat' dir='ltr'>studio</span> <span class='ocrx_word' id='word_1_163' title='bbox 1070 2269 1119 2328; x_wconf 88' lang='lat' dir='ltr'>veri</span> 
     </span>
     <span class='ocr_line' id='line_1_24' title="bbox 229 2349 1118 2429; baseline 0 -19"><span class='ocrx_word' id='word_1_164' title='bbox 229 2358 322 2410; x_wconf 83' lang='lat' dir='ltr'>tctcm</span> <span class='ocrx_word' id='word_1_165' title='bbox 351 2353 535 2428; x_wconf 77' lang='lat' dir='ltr'>quaeramus</span> <span class='ocrx_word' id='word_1_166' title='bbox 558 2351 678 2429; x_wconf 88' lang='lat' dir='ltr'>potius,</span> <span class='ocrx_word' id='word_1_167' title='bbox 714 2370 807 2428; x_wconf 87' lang='lat' dir='ltr'>quam</span> <span class='ocrx_word' id='word_1_168' title='bbox 835 2350 969 2410; x_wconf 89' lang='lat' dir='ltr'>invicem</span> <span class='ocrx_word' id='word_1_169' title='bbox 992 2350 1058 2410; x_wconf 93' lang='lat' dir='ltr'>solo</span> <span class='ocrx_word' id='word_1_170' title='bbox 1079 2349 1118 2429; x_wconf 82' lang='lat' dir='ltr'>glo</span> 
     </span>
     <span class='ocr_line' id='line_1_25' title="bbox 229 2432 1119 2512; baseline -0.004 -20"><span class='ocrx_word' id='word_1_171' title='bbox 229 2435 292 2492; x_wconf 87' lang='lat' dir='ltr'>riae</span> <span class='ocrx_word' id='word_1_172' title='bbox 323 2439 377 2491; x_wconf 86' lang='lat' dir='ltr'>aut</span> <span class='ocrx_word' id='word_1_173' title='bbox 408 2451 518 2491; x_wconf 87' lang='lat' dir='ltr'>sensus</span> <span class='ocrx_word' id='word_1_174' title='bbox 539 2434 653 2512; x_wconf 90' lang='lat' dir='ltr'>proprii</span> <span class='ocrx_word' id='word_1_175' title='bbox 676 2432 782 2493; x_wconf 86' lang='lat' dir='ltr'>tuendi</span> <span class='ocrx_word' id='word_1_176' title='bbox 813 2432 916 2492; x_wconf 90' lang='lat' dir='ltr'>studio</span> <span class='ocrx_word' id='word_1_177' title='bbox 950 2432 1119 2492; x_wconf 69' lang='lat' dir='ltr'>mordeamur</span> 
     </span>
     <span class='ocr_line' id='line_1_26' title="bbox 230 2513 1015 2590; baseline -0.005 -15"><span class='ocrx_word' id='word_1_178' title='bbox 230 2522 262 2575; x_wconf 82' lang='lat' dir='ltr'>ct</span> <span class='ocrx_word' id='word_1_179' title='bbox 283 2533 502 2574; x_wconf 87' lang='lat' dir='ltr'>consumamur</span> <span class='ocrx_word' id='word_1_180' title='bbox 523 2513 568 2590; x_wconf 72' lang='lat'>³).</span> <span class='ocrx_word' id='word_1_181' title='bbox 1013 2522 1015 2525; x_wconf 83' lang='lat'>&#39;</span> 
     </span>
    </p>

    <p class='ocr_par' dir='ltr' id='par_1_4' title="bbox 191 2595 1119 3587">
     <span class='ocr_line' id='line_1_27' title="bbox 311 2595 1119 2677; baseline -0.001 -20"><span class='ocrx_word' id='word_1_182' title='bbox 311 2595 496 2674; x_wconf 83' lang='lat' dir='ltr'>Secundum,</span> <span class='ocrx_word' id='word_1_183' title='bbox 519 2598 601 2675; x_wconf 90' lang='lat' dir='ltr'>quod</span> <span class='ocrx_word' id='word_1_184' title='bbox 624 2599 698 2658; x_wconf 87' lang='lat' dir='ltr'>mihi</span> <span class='ocrx_word' id='word_1_185' title='bbox 720 2597 882 2672; x_wconf 88' lang='lat' dir='ltr'>obiicitur,</span> <span class='ocrx_word' id='word_1_186' title='bbox 906 2597 991 2677; x_wconf 92' lang='lat' dir='ltr'>quod</span> <span class='ocrx_word' id='word_1_187' title='bbox 1014 2597 1060 2656; x_wconf 90' lang='lat' dir='ltr'>hic</span> <span class='ocrx_word' id='word_1_188' title='bbox 1079 2599 1119 2656; x_wconf 83' lang='lat' dir='ltr'>arti</span> 
     </span>
     <span class='ocr_line' id='line_1_28' title="bbox 230 2679 1119 2742; baseline -0.004 -5"><span class='ocrx_word' id='word_1_189' title='bbox 230 2679 316 2738; x_wconf 87' lang='lat' dir='ltr'>culus</span> <span class='ocrx_word' id='word_1_190' title='bbox 339 2681 371 2738; x_wconf 93' lang='lat' dir='ltr'>in</span> <span class='ocrx_word' id='word_1_191' title='bbox 394 2680 626 2740; x_wconf 83' lang='lat' dir='ltr'>Constantiensi</span> <span class='ocrx_word' id='word_1_192' title='bbox 649 2682 784 2742; x_wconf 88' lang='lat' dir='ltr'>concilio</span> <span class='ocrx_word' id='word_1_193' title='bbox 806 2686 855 2741; x_wconf 88' lang='lat' dir='ltr'>est</span> <span class='ocrx_word' id='word_1_194' title='bbox 874 2681 956 2740; x_wconf 88' lang='lat' dir='ltr'>inter</span> <span class='ocrx_word' id='word_1_195' title='bbox 977 2680 1119 2740; x_wconf 84' lang='lat' dir='ltr'>Hussitico.</span> 
     </span>
     <span class='ocr_line' id='line_1_29' title="bbox 229 2762 1118 2841; baseline -0.001 -21"><span class='ocrx_word' id='word_1_196' title='bbox 229 2781 375 2841; x_wconf 87' lang='lat' dir='ltr'>expresse</span> <span class='ocrx_word' id='word_1_197' title='bbox 398 2762 583 2822; x_wconf 87' lang='lat' dir='ltr'>damnatus:</span> <span class='ocrx_word' id='word_1_198' title='bbox 620 2763 672 2823; x_wconf 88' lang='lat' dir='ltr'>hic</span> <span class='ocrx_word' id='word_1_199' title='bbox 705 2765 730 2823; x_wconf 91' lang='lat' dir='ltr'>si</span> <span class='ocrx_word' id='word_1_200' title='bbox 762 2782 825 2823; x_wconf 91' lang='lat' dir='ltr'>non</span> <span class='ocrx_word' id='word_1_201' title='bbox 854 2783 929 2823; x_wconf 85' lang='lat' dir='ltr'>mox</span> <span class='ocrx_word' id='word_1_202' title='bbox 952 2763 1030 2822; x_wconf 86' lang='lat' dir='ltr'>sileo</span> <span class='ocrx_word' id='word_1_203' title='bbox 1052 2769 1080 2821; x_wconf 90' lang='lat' dir='ltr'>et</span> <span class='ocrx_word' id='word_1_204' title='bbox 1096 2780 1118 2820; x_wconf 87' lang='lat' dir='ltr'>re</span> 
     </span>
     <span class='ocr_line' id='line_1_30' title="bbox 191 2843 1119 2925; baseline 0 -23"><span class='ocrx_word' id='word_1_205' title='bbox 191 2858 195 2864; x_wconf 84' lang='lat'>·</span> <span class='ocrx_word' id='word_1_206' title='bbox 230 2863 320 2920; x_wconf 88' lang='lat' dir='ltr'>voco,</span> <span class='ocrx_word' id='word_1_207' title='bbox 343 2846 505 2905; x_wconf 80' lang='lat' dir='ltr'>continent</span> <span class='ocrx_word' id='word_1_208' title='bbox 526 2865 636 2923; x_wconf 89' lang='lat' dir='ltr'>aures,</span> <span class='ocrx_word' id='word_1_209' title='bbox 660 2851 692 2905; x_wconf 91' lang='lat' dir='ltr'>et</span> <span class='ocrx_word' id='word_1_210' title='bbox 711 2847 827 2925; x_wconf 87' lang='lat' dir='ltr'>impetu</span> <span class='ocrx_word' id='word_1_211' title='bbox 845 2845 929 2905; x_wconf 82' lang='lat' dir='ltr'>facto</span> <span class='ocrx_word' id='word_1_212' title='bbox 951 2847 1053 2925; x_wconf 87' lang='lat' dir='ltr'>ignem</span> <span class='ocrx_word' id='word_1_213' title='bbox 1075 2843 1119 2902; x_wconf 87' lang='lat' dir='ltr'>mih</span> 
     </span>
     <span class='ocr_line' id='line_1_31' title="bbox 231 2928 1119 3008; baseline 0 -23"><span class='ocrx_word' id='word_1_214' title='bbox 231 2928 399 3003; x_wconf 84' lang='lat' dir='ltr'>minantur,</span> <span class='ocrx_word' id='word_1_215' title='bbox 429 2930 635 3005; x_wconf 88' lang='lat' dir='ltr'>nequeenim</span> <span class='ocrx_word' id='word_1_216' title='bbox 658 2928 822 3008; x_wconf 86' lang='lat' dir='ltr'>dignantur</span> <span class='ocrx_word' id='word_1_217' title='bbox 843 2929 894 2988; x_wconf 89' lang='lat' dir='ltr'>hic</span> <span class='ocrx_word' id='word_1_218' title='bbox 916 2928 1011 2987; x_wconf 82' lang='lat' dir='ltr'>ullam</span> <span class='ocrx_word' id='word_1_219' title='bbox 1033 2945 1119 2986; x_wconf 87' lang='lat' dir='ltr'>moran</span> 
     </span>
     <span class='ocr_line' id='line_1_32' title="bbox 232 3009 1118 3087; baseline -0.001 -19"><span class='ocrx_word' id='word_1_220' title='bbox 232 3009 281 3069; x_wconf 86' lang='lat' dir='ltr'>vel</span> <span class='ocrx_word' id='word_1_221' title='bbox 303 3011 524 3070; x_wconf 84' lang='lat' dir='ltr'>excusationis.</span> <span class='ocrx_word' id='word_1_222' title='bbox 547 3010 608 3072; x_wconf 79' lang='lat' dir='ltr'>sed</span> <span class='ocrx_word' id='word_1_223' title='bbox 631 3012 774 3086; x_wconf 86' lang='lat' dir='ltr'>obsecro,</span> <span class='ocrx_word' id='word_1_224' title='bbox 796 3018 897 3071; x_wconf 86' lang='lat' dir='ltr'>estne</span> <span class='ocrx_word' id='word_1_225' title='bbox 919 3013 946 3069; x_wconf 92' lang='lat' dir='ltr'>is</span> <span class='ocrx_word' id='word_1_226' title='bbox 969 3009 1074 3087; x_wconf 88' lang='lat' dir='ltr'>modus</span> <span class='ocrx_word' id='word_1_227' title='bbox 1093 3027 1118 3067; x_wconf 84' lang='lat' dir='ltr'>ve</span> 
     </span>
     <span class='ocr_line' id='line_1_33' title="bbox 230 3093 1119 3173; baseline -0.002 -22"><span class='ocrx_word' id='word_1_228' title='bbox 230 3093 348 3152; x_wconf 88' lang='lat' dir='ltr'>ritatem</span> <span class='ocrx_word' id='word_1_229' title='bbox 389 3093 555 3172; x_wconf 90' lang='lat' dir='ltr'>quaerendi</span> <span class='ocrx_word' id='word_1_230' title='bbox 590 3096 693 3154; x_wconf 90' lang='lat' dir='ltr'>statim</span> <span class='ocrx_word' id='word_1_231' title='bbox 733 3094 892 3154; x_wconf 90' lang='lat' dir='ltr'>obstruere</span> <span class='ocrx_word' id='word_1_232' title='bbox 927 3112 963 3154; x_wconf 88' lang='lat' dir='ltr'>os</span> <span class='ocrx_word' id='word_1_233' title='bbox 995 3096 1119 3173; x_wconf 83' lang='lat' dir='ltr'>quaerent</span> 
     </span>
     <span class='ocr_line' id='line_1_34' title="bbox 231 3174 1119 3255; baseline -0.001 -22"><span class='ocrx_word' id='word_1_234' title='bbox 231 3175 413 3235; x_wconf 85' lang='lat' dir='ltr'>veritatem?</span> <span class='ocrx_word' id='word_1_235' title='bbox 458 3174 498 3236; x_wconf 80' lang='lat' dir='ltr'>Et</span> <span class='ocrx_word' id='word_1_236' title='bbox 526 3175 577 3236; x_wconf 91' lang='lat' dir='ltr'>ubi</span> <span class='ocrx_word' id='word_1_237' title='bbox 606 3182 673 3246; x_wconf 78' lang='lat' dir='ltr'>est,</span> <span class='ocrx_word' id='word_1_238' title='bbox 704 3175 788 3255; x_wconf 90' lang='lat' dir='ltr'>quod</span> <span class='ocrx_word' id='word_1_239' title='bbox 818 3177 911 3236; x_wconf 87' lang='lat' dir='ltr'>Petro</span> <span class='ocrx_word' id='word_1_240' title='bbox 946 3175 1119 3254; x_wconf 87' lang='lat' dir='ltr'>praecipient</span> 
     </span>
     <span class='ocr_line' id='line_1_35' title="bbox 231 3257 1119 3338; baseline -0.001 -22"><span class='ocrx_word' id='word_1_241' title='bbox 231 3258 310 3318; x_wconf 88' lang='lat' dir='ltr'>ratio</span> <span class='ocrx_word' id='word_1_242' title='bbox 334 3257 492 3318; x_wconf 87' lang='lat' dir='ltr'>reddenda</span> <span class='ocrx_word' id='word_1_243' title='bbox 509 3266 557 3320; x_wconf 85' lang='lat' dir='ltr'>est</span> <span class='ocrx_word' id='word_1_244' title='bbox 577 3260 662 3319; x_wconf 91' lang='lat' dir='ltr'>omni</span> <span class='ocrx_word' id='word_1_245' title='bbox 683 3259 854 3338; x_wconf 85' lang='lat' dir='ltr'>poscenti?</span> <span class='ocrx_word' id='word_1_246' title='bbox 876 3258 1019 3334; x_wconf 86' lang='lat' dir='ltr'>Deinde,</span> <span class='ocrx_word' id='word_1_247' title='bbox 1048 3276 1119 3317; x_wconf 86' lang='lat' dir='ltr'>nonu·</span> 
     </span>
     <span class='ocr_line' id='line_1_36' title="bbox 231 3339 1119 3421; baseline -0.001 -23"><span class='ocrx_word' id='word_1_248' title='bbox 231 3339 363 3399; x_wconf 82' lang='lat' dir='ltr'>concilia</span> <span class='ocrx_word' id='word_1_249' title='bbox 385 3341 507 3418; x_wconf 86' lang='lat' dir='ltr'>saepius</span> <span class='ocrx_word' id='word_1_250' title='bbox 530 3342 728 3402; x_wconf 83' lang='lat' dir='ltr'>erraverunt?</span> <span class='ocrx_word' id='word_1_251' title='bbox 761 3361 866 3401; x_wconf 88' lang='lat' dir='ltr'>nonne</span> <span class='ocrx_word' id='word_1_252' title='bbox 888 3341 1058 3421; x_wconf 81' lang='lat' dir='ltr'>Cyprianus</span> <span class='ocrx_word' id='word_1_253' title='bbox 1078 3358 1119 3398; x_wconf 83' lang='lat' dir='ltr'>con</span> 
     </span>
     <span class='ocr_line' id='line_1_37' title="bbox 231 3420 1118 3503; baseline -0.006 -21"><span class='ocrx_word' id='word_1_254' title='bbox 231 3423 323 3482; x_wconf 89' lang='lat' dir='ltr'>totius</span> <span class='ocrx_word' id='word_1_255' title='bbox 364 3423 487 3483; x_wconf 81' lang='lat' dir='ltr'>Africae</span> <span class='ocrx_word' id='word_1_256' title='bbox 529 3425 685 3503; x_wconf 88' lang='lat' dir='ltr'>episcopis</span> <span class='ocrx_word' id='word_1_257' title='bbox 722 3425 826 3485; x_wconf 89' lang='lat' dir='ltr'>habito</span> <span class='ocrx_word' id='word_1_258' title='bbox 868 3424 1002 3485; x_wconf 86' lang='lat' dir='ltr'>concilio</span> <span class='ocrx_word' id='word_1_259' title='bbox 1040 3420 1118 3483; x_wconf 85' lang='lat' dir='ltr'>erravi</span> 
     </span>
     <span class='ocr_line' id='line_1_38' title="bbox 232 3503 1119 3587; baseline -0.002 -24"><span class='ocrx_word' id='word_1_260' title='bbox 232 3507 323 3564; x_wconf 86' lang='lat' dir='ltr'>etism</span> <span class='ocrx_word' id='word_1_261' title='bbox 347 3507 377 3565; x_wconf 92' lang='lat' dir='ltr'>in</span> <span class='ocrx_word' id='word_1_262' title='bbox 399 3506 528 3567; x_wconf 86' lang='lat' dir='ltr'>articulo</span> <span class='ocrx_word' id='word_1_263' title='bbox 550 3507 743 3587; x_wconf 79' lang='lat' dir='ltr'>gravissimo</span> <span class='ocrx_word' id='word_1_264' title='bbox 754 3505 824 3566; x_wconf 86' lang='lat' dir='ltr'>fidei</span> <span class='ocrx_word' id='word_1_265' title='bbox 847 3505 887 3566; x_wconf 91' lang='lat' dir='ltr'>de</span> <span class='ocrx_word' id='word_1_266' title='bbox 910 3508 1021 3566; x_wconf 85' lang='lat' dir='ltr'>virtute</span> <span class='ocrx_word' id='word_1_267' title='bbox 1042 3503 1119 3584; x_wconf 73' lang='lat' dir='ltr'>baptis</span> 
     </span>
    </p>
   </div>
   <div class='ocr_carea' id='block_1_3' title="bbox 216 3769 1119 3916">
    <p class='ocr_par' dir='ltr' id='par_1_5' title="bbox 216 3769 1119 3916">
     <span class='ocr_line' id='line_1_39' title="bbox 257 3769 1119 3855; baseline -0.024 -18"><span class='ocrx_word' id='word_1_268' title='bbox 257 3781 292 3855; x_wconf 85' lang='lat'>1)</span> <span class='ocrx_word' id='word_1_269' title='bbox 314 3783 345 3838; x_wconf 87' lang='lat' dir='ltr'>In</span> <span class='ocrx_word' id='word_1_270' title='bbox 365 3782 412 3841; x_wconf 80' lang='lat' dir='ltr'>cd.</span> <span class='ocrx_word' id='word_1_271' title='bbox 432 3784 508 3854; x_wconf 79' lang='lat' dir='ltr'>orig.</span> <span class='ocrx_word' id='word_1_272' title='bbox 527 3781 624 3835; x_wconf 77' lang='lat' dir='ltr'>daeo:</span> <span class='ocrx_word' id='word_1_273' title='bbox 646 3781 694 3832; x_wconf 78' lang='lat' dir='ltr'>sit.</span> <span class='ocrx_word' id='word_1_274' title='bbox 712 3777 749 3837; x_wconf 63' lang='lat' dir='ltr'>‘tt</span> <span class='ocrx_word' id='word_1_275' title='bbox 760 3774 943 3828; x_wconf 60' lang='lat' dir='ltr'>inid-deeat&#39;.</span> <span class='ocrx_word' id='word_1_276' title='bbox 958 3778 1013 3822; x_wconf 72' lang='lat' dir='ltr'>est.</span> <span class='ocrx_word' id='word_1_277' title='bbox 1024 3773 1066 3830; x_wconf 52' lang='grc' dir='ltr'>’ἢ</span> <span class='ocrx_word' id='word_1_278' title='bbox 1073 3769 1119 3819; x_wconf 65' lang='lat' dir='ltr'>nti</span> 
     </span>
     <span class='ocr_line' id='line_1_40' title="bbox 216 3873 448 3916; baseline 0.017 -4"><span class='ocrx_word' id='word_1_279' title='bbox 216 3873 448 3916; x_wconf 62' lang='lat' dir='ltr'>Gossflssfflssmllsso</span> 
     </span>
    </p>
   </div>
   <div class='ocr_carea' id='block_1_4' title="bbox 0 0 1370 4417">
    <p class='ocr_par' dir='ltr' id='par_1_6' title="bbox 0 0 1370 4417">
     <span class='ocr_line' id='line_1_41' title="bbox 0 0 1370 4417; baseline 0 0"><span class='ocrx_word' id='word_1_280' title='bbox 0 0 1370 4417; x_wconf 95' lang='lat' dir='ltr'> </span> 
     </span>
    </p>
   </div>
  </div>
 </body>
</html>
