2709 4417
438 362 579 432 parandas
595 361 905 416 antmrsaomortern.
1081 356 1144 424 463

309 549 367 610 Ilst
388 549 658 630 quoqueOhristue
680 551 798 630 gratiae
820 551 924 630 imago
947 557 1058 610 contra·
1073 556 1148 630 pec'

223 638 314 710 eata,
337 651 417 712 quae
439 635 496 694 etsi
517 635 547 692 in
572 653 604 692 se
626 635 810 713 recepisset,
832 639 935 693 tamen
957 632 1069 693 devicit
1089 650 1147 713 per

220 716 372 775 invictam
392 717 476 776 illam
499 716 716 794 obedientiam,
739 735 798 795 qua
820 736 853 776 se
877 724 973 776 totum
995 717 1143 777 voluntati

223 798 326 857 Patris
347 800 480 861 tradidit.

309 881 367 942 Est
390 890 518 963 quoque
539 883 683 943 coelestis
713 881 767 941 illa
792 883 896 961 imago
925 888 1032 941 eontra
1053 881 1142 941 inierss

224 982 317 1042 nuur,
346 984 522 1044 quanquam
544 968 623 1025 enim
646 985 666 1024 a
686 964 753 1024 Deo
777 964 939 1024 derelictus
962 973 1058 1042 esset,
1081 974 1149 1024 uon*¹

223 1046 317 1118 aliter
338 1053 430 1127 atque
451 1050 494 1127 ia,
524 1051 574 1126 qui
596 1056 741 1108 aeternae
763 1047 952 1107 damnationi
975 1053 1022 1106 est
1042 1046 1148 1106 addiess

224 1135 290 1208 tus,
327 1137 427 1191 tamen
457 1132 608 1191 infernum
642 1132 714 1190 vicit
745 1149 801 1191 suo
824 1149 929 1190 amore
958 1131 988 1188 in
1013 1129 1147 1208 Patrem,

224 1230 288 1290 quo
319 1217 423 1274 omnia
458 1221 569 1294 potest.
615 1215 669 1273 llst
696 1220 797 1273 autem
830 1212 861 1273 id
894 1215 967 1272 satis
1001 1232 1142 1293 magnum

224 1305 449 1376 argumentum,
471 1297 554 1376 quod
578 1299 617 1356 sit
638 1315 756 1356 summe
778 1295 907 1356 dilectos
923 1296 1024 1354 Filius.
1047 1297 1142 1357 Porro

225 1380 332 1439 omnia
354 1380 422 1458 illa,
457 1398 536 1459 quae
557 1381 617 1439 iam
641 1382 834 1454 enumeravi,
867 1386 973 1439 nostra.
995 1387 1086 1456 sunt,
1118 1381 1144 1438 si

224 1461 397 1523 credamus.

310 1544 427 1619 Quarto
462 1544 599 1621 decimo,
634 1545 727 1606 debet
761 1551 863 1604 autem
895 1544 983 1603 nobis
1014 1562 1144 1624 magnae

226 1628 436 1687 consolationi
459 1647 538 1707 esse,
561 1628 643 1707 quod
665 1648 729 1689 uon
752 1627 851 1687 solum
876 1631 1015 1703 mortem,
1038 1644 1148 1707 peccae

225 1717 290 1768 tum
322 1720 353 1770 st
383 1710 534 1771 infernum
558 1712 695 1771 Christus
718 1710 880 1789 devicerit,
911 1729 948 1769 ac
970 1711 1059 1770 nobis
1082 1729 1148 1770 cre·-

225 1791 360 1852 dendam
382 1795 465 1853 illam
479 1795 639 1854 victoriam
652 1795 856 1874 proposuerit,
881 1793 933 1852 sed
947 1796 1038 1853 etiam
1061 1794 1143 1871 quod

225 1894 282 1934 sua
305 1887 417 1955 sponte
446 1885 568 1957 praeter
589 1879 804 1937 necessitatem
836 1878 867 1935 in
890 1895 924 1935 se
954 1879 1049 1936 etiarn·
1074 1877 1143 1936 illas

224 1960 412 2019 tentationes
434 1962 601 2039 receperit,
636 1968 669 2019 ut
690 1980 746 2019 nos
775 1978 831 2020 suo
859 1960 1003 2038 exemplo
1034 1977 1143 2019 conso·

224 2040 340 2101 laretur
374 2061 411 2100 ac
444 2043 655 2115 confirmaret,
695 2062 766 2103 nam
797 2043 997 2103 tentationem
1027 2043 1143 2118 mortis,

225 2124 298 2183 item
321 2128 440 2203 peccati
461 2131 492 2185 et
514 2126 622 2186 inferni
645 2129 711 2205 ipse
733 2143 855 2204 quoque
878 2144 1042 2206 perpessus
1065 2133 1137 2184 est.-

228 2220 230 2225 '
309 2208 408 2268 Morte
430 2215 493 2267 tum
518 2207 707 2286 tentabatur,
746 2227 814 2267 cum
849 2208 986 2267 dicerent
1012 2207 1050 2266 ad
1073 2226 1141 2267 euni

226 2288 347 2349 ludaei:
381 2291 557 2351 Deseeudat
586 2310 668 2350 nuuc
695 2291 733 2350 de
755 2310 861 2369 cruce,
895 2291 973 2350 alios
1001 2294 1143 2367 servavit,

225 2382 328 2433 servet
360 2393 441 2432 nunc
468 2393 501 2434 se
523 2377 629 2454 ipsum.
678 2373 808 2433 Perinde
829 2381 921 2453 atque
944 2376 969 2432 si
993 2375 1037 2432 sie
1064 2373 1144 2432 diae·-

225 2462 308 2515 rent:
337 2456 419 2516 lloce
449 2458 510 2516 iam
533 2459 626 2516 sentis
643 2468 799 2533 mortem,
831 2475 909 2534 quae
943 2457 996 2515 tibi
1026 2456 1146 2516 nolenti

224 2538 342 2598 volenti
364 2546 411 2599 est
433 2539 607 2616 subeunda,
630 2559 731 2619 neque
751 2541 866 2619 poteris
891 2539 1036 2619 effugere.
1080 2539 1143 2599 Sio-

223 2629 254 2680 ut
288 2621 381 2683 Satan
410 2641 533 2701 quoque
561 2631 641 2700 tum,
675 2642 744 2682 curn
764 2624 903 2682 imminet
923 2641 1022 2692 mors,
1056 2622 1146 2681 illam·

223 2704 376 2764 moriendi
401 2708 614 2766 necessitatem
648 2706 784 2766 horribili
816 2705 894 2765 facie
929 2707 1032 2765 animo
1061 2706 1142 2766 solet

220 2786 369 2848 obiicere.

307 2872 440 2931 Peccata
463 2871 635 2931 tentabatur
656 2871 809 2948 Christus,
842 2888 909 2929 cum
943 2869 1081 2930 dicerent
1101 2871 1140 2930 ad

218 2972 291 3013 eum
316 2953 437 3013 ludaei:
473 2954 559 3014 Alios
588 2957 738 3031 servavit,
769 2955 793 3013 si
816 2951 894 3011 filius
918 2953 972 3012 Dei
996 2963 1057 3031 est,
1090 2953 1140 3014 de-

218 3036 353 3096 scendat
373 3039 432 3096 iam
457 3037 495 3097 de
517 3056 606 3097 erues
628 3045 684 3097 etc.
723 3035 853 3096 Perinde
875 3043 967 3113 atque
989 3039 1014 3096 si
1032 3038 1076 3096 sic
1098 3036 1140 3096 di-

219 3126 346 3180 oerent:
369 3120 518 3199 Imposuit
540 3121 629 3180 nobis
652 3122 714 3180 suis
738 3118 892 3199 operibus,
915 3119 971 3179 fuit
990 3122 1141 3199 impostor

219 3212 252 3261 et
274 3210 416 3283 nugator,
439 3209 486 3263 est
507 3202 585 3262 lilius
608 3203 750 3279 Satanae,
772 3222 833 3262 non
852 3202 918 3278 Dei,
942 3210 989 3262 est
1007 3203 1140 3262 Satanae

220 3287 408 3364 mancipium
441 3294 502 3346 tam
541 3305 669 3366 corpore
704 3305 794 3365 quam
827 3287 942 3360 anima,
985 3294 1147 3364 nunquam'

220 3369 387 3447 quicquam
435 3369 506 3430 boni
540 3370 629 3445 feeit,
670 3370 777 3430 merito
808 3371 899 3448 igitur
927 3370 986 3427 iam
1030 3368 1146 3448 dignas·

220 3451 280 3511 fert
301 3470 428 3532 poenas.

306 3533 571 3609 Quemadmodum
595 3543 696 3594 autem
719 3535 824 3596 ludaei
843 3534 962 3594 Christo
986 3543 1139 3613 tum-pec·

221 3619 297 3695 cati,
327 3624 389 3677 tum
414 3621 536 3694 mortis,
566 3625 628 3676 tum
660 3618 751 3676 etiam
778 3618 886 3676 inferni
916 3618 1042 3694 faciem,
1076 3637 1146 3677 uon·

222 3707 308 3760 certo
330 3700 451 3777 ordine,
476 3701 530 3760 sed
553 3701 679 3760 confuse
702 3700 900 3777 obiiciebant,
923 3702 967 3760 sio
988 3718 1045 3759 nos
1066 3720 1138 3778 quo·

220 3801 280 3858 que
309 3802 370 3842 uno
396 3785 512 3862 impetu
537 3785 680 3845 omnibus
705 3783 769 3845 illis
791 3802 1028 3865 oppugnamur,
1050 3793 1088 3841 ut
1105 3800 1152 3841 eo·

209 3864 311 3921 oitius'
332 3863 502 3943 desperent
535 3870 643 3932 animi.
693 3868 744 3932 Ad
775 3889 851 3934 eum
879 3884 1013 3949 quoque
1036 3863 1177 3923 asum·
