2709 4417
346 384 366 420 a
382 366 504 422 auarus
522 371 647 436 excepta.
888 354 952 439 m
998 386 1003 401 ·

199 551 237 637 )
252 553 293 614 de
314 553 404 616 aoelo
424 552 507 615 aliud
529 553 723 634 persuaserit,
745 572 807 614 non
828 552 952 615 aradam

199 656 282 698 nanu
306 637 395 697 ullius
423 630 555 698 hominis
577 638 705 719 gratiam
740 642 772 697 et
792 637 951 697 veritatem

218 727 277 798 est,
301 722 408 781 merita
419 719 532 781 Glitistl
553 719 742 799 dispensare,
763 738 826 781 non
848 725 951 780 tamen

203 802 306 864 utiliai.
330 802 391 865 Sed
413 803 452 865 ad
475 802 718 864 declarationem
740 803 772 863 in
795 804 880 864 Actis
903 822 952 863 me

416 1050 575 1113 Esaias.

199 1223 256 1287 „ut
277 1214 483 1296 dixi,·magua
499 1234 570 1295 pars
591 1213 791 1275 dissensionis
820 1214 901 1275 ia'aet
920 1215 951 1273 in

199 1299 382 1379 [dulgentiae
404 1299 466 1357 sint
484 1300 681 1359 remissiones
703 1299 853 1358 bonorum
878 1296 952 1379 ope'-

208 1400 393 1463 poenarum,
421 1379 472 1443 ubi
492 1383 524 1442 in
546 1400 647 1442 meam
670 1387 788 1462 partem
817 1379 879 1440 dixi
901 1379 951 1440 ds-

205 1466 358 1526 eeclesiae
370 1463 522 1524 Dootores
545 1471 576 1524 et
593 1464 682 1525 Rom.
704 1462 879 1540 Pontifloes,
901 1464 953 1543 qui

200 1548 239 1609 de
262 1547 460 1628 indulgentiis
473 1549 669 1628 seripserunt.
693 1546 754 1608 seu
776 1546 837 1608 hou
857 1547 951 1606 revel-

199 1638 228 1692 et
253 1630 345 1692 doote
364 1630 551 1691 reverendus
564 1630 674 1691 Pater:
699 1630 778 1705 Quia
799 1626 953 1689 remittere

199 1721 271 1775 *sset
293 1715 447 1774 remittere
470 1714 591 1775 labores
614 1713 852 1791 satisfactionis,
874 1714 954 1773 inter

222 1797 306 1860 bona
335 1814 430 1877 opere
457 1804 565 1857 eontra
592 1796 747 1857 dearetnm
771 1795 953 1875 lnnoaeutii,

199 1884 253 1940 lum
265 1899 305 1941 ex
326 1899 375 1955 eo,
396 1878 435 1938 de
447 1881 655 1960 poenitentiis,
668 1898 708 1940 ne
723 1878 953 1960 poenitentialis
986 1932 990 1939 .

208 1969 378 2033 enervetur.
401 1960 477 2024 Dico
492 1964 570 2025 bene
590 1963 703 2023 remitti
725 1961 847 2022 labores
866 1963 953 2022 satis·

200 2046 324 2107 sednon
336 2045 589 2127 proptereabona
601 2065 705 2127 opera,
712 2046 851 2124 quamvis
867 2045 950 2105 enim'

199 2131 357 2191 rn'iumete.
367 2129 428 2188 siut
438 2129 672 2210 satisfactiones,
681 2126 953 2188 tamensuntbona

199 2215 273 2273 amsi
295 2213 332 2272 iis
353 2224 420 2272 non·
439 2212 674 2277 satisfaciamus.
707 2210 850 2289 Aoosdit,²
868 2208 951 2287 quod

219 2315 282 2356 non
310 2295 408 2356 solnm
436 2293 471 2356 fit
498 2295 603 2355 labore
630 2294 781 2354 bonorum
812 2306 950 2373 operum,

221 2379 458 2460 satispns'aionis.
483 2378 585 2453 Quare
599 2377 736 2458 plerique
751 2376 868 2455 volunt,
890 2394 951 2436 non

199 2463 248 2542 ogi
271 2460 367 2520 filium
402 2461 605 2521 oonlessionis
642 2459 681 2520 ad
710 2460 952 2520 satisfattion'em

200 2543 363 2625 piendam3
384 2544 469 2604 iuxta
490 2543 566 2604 illud
587 2562 768 2604 commuue:
790 2542 900 2603 Melior
920 2542 949 2619 ¹)

202 2625 428 2688 nlessorfilium
445 2634 620 2708 oum'parva
638 2627 833 2706 poenitentia
854 2624 955 2685 mittat

199 2713 310 2789 orium,
332 2728 423 2789 quam
436 2700 505 2770 ouln
527 2708 690 2791 magnaad
711 2710 870 2769 infernum.
887 2707 953 2769 lieo

200 2792 374 2854 iPontilex
401 2794 553 2873 plenarias
583 2794 718 2853 resecuit
744 2791 952 2873 ittdulgeutias

198 2877 317 2937 otiones
340 2876 576 2956 poenitentiales
599 2875 748 2949 eluendas
760 2904 773 2954 ,·
791 2875 816 2935 si
838 2875 968 2956 passim,

199 2978 216 3021 ‚s
243 2958 329 3022 flant.
373 2959 425 3021 Sia
445 2958 595 3041 particula
616 2959 723 3019 Bullae
745 2958 784 3019 de
806 2956 949 3018 iniunctis

199 3044 240 3121 is,
272 3041 389 3121 idest,
416 3060 496 3123 quaa
518 3041 685 3103 seeundum
706 3043 852 3102 iustitiam
875 3040 949 3101 divi-

199 3126 238 3206 rgi
260 3123 431 3205 deberent,
455 3134 488 3186 ut
509 3125 652 3186 doctores
675 3125 825 3186 ecelesiae
847 3122 886 3184 de
906 3125 951 3183 in·

213 3206 383 3269 seribentes
405 3209 573 3271 declarant.

199 3311 216 3371 t,
238 3290 322 3372 qnod
344 3299 581 3372 argumentatur,
595 3292 684 3372 peius
706 3308 776 3350 esse
796 3292 952 3352 remittere

199 3393 282 3454 luam
305 3393 415 3455 opera,
446 3394 507 3436 non
530 3376 664 3455 aooipio,
695 3374 767 3453 quia
787 3391 843 3455 pro
864 3379 951 3433 tanto

199 3464 311 3539 rosunt,
333 3465 367 3518 ut
379 3459 473 3519 homo
484 3460 649 3518 instruatur
671 3455 750 3516 bene
770 3455 901 3536 operari,
923 3459 954 3514 et

212 3541 244 3601 in
266 3539 443 3602 infirmitate
464 3539 634 3620 perficitur,
656 3538 711 3600 sed
733 3539 794 3599 hoe
815 3538 854 3599 ad
877 3536 952 3599 iudi-

199 3624 265 3703 luia
286 3644 388 3685 errare
409 3626 439 3684 in
461 3623 657 3703 indulgentiis
681 3628 763 3683 esset
793 3619 952 3683 animabus

199 3806 356 3929 {nachar
390 3814 499 3870 melius
519 3822 578 3875 est.

681 3966 770 4034 12*
