<?xml version="1.0" encoding="UTF-8"?>
<!DOCTYPE html PUBLIC "-//W3C//DTD XHTML 1.0 Transitional//EN"
    "http://www.w3.org/TR/xhtml1/DTD/xhtml1-transitional.dtd">
<html xmlns="http://www.w3.org/1999/xhtml" xml:lang="en" lang="en">
 <head>
  <title>
</title>
<meta http-equiv="Content-Type" content="text/html;charset=utf-8" />
  <meta name='ocr-system' content='tesseract 3.04.00' />
  <meta name='ocr-capabilities' content='ocr_page ocr_carea ocr_par ocr_line ocrx_word'/>
</head>
<body>
  <div class='ocr_page' id='page_1' title='image "./operalatinavari00schmgoog_0323.png"; bbox 0 0 2709 4417; ppageno 0'>
   <div class='ocr_carea' id='block_1_1' title="bbox 472 343 1130 416">
    <p class='ocr_par' dir='ltr' id='par_1_1' title="bbox 472 343 1130 416">
     <span class='ocr_line' id='line_1_1' title="bbox 472 343 1130 416; baseline 0.021 -18"><span class='ocrx_word' id='word_1_1' title='bbox 472 343 542 399; x_wconf 79' lang='lat'>1111.</span> <span class='ocrx_word' id='word_1_2' title='bbox 560 343 749 416; x_wconf 55' lang='lat' dir='ltr'>aaronis</span> <span class='ocrx_word' id='word_1_3' title='bbox 768 347 867 416; x_wconf 70' lang='lat' dir='ltr'>usp-a</span> <span class='ocrx_word' id='word_1_4' title='bbox 1070 343 1130 411; x_wconf 80' lang='lat' dir='ltr'>ett</span> 
     </span>
    </p>
   </div>
   <div class='ocr_carea' id='block_1_2' title="bbox 146 522 1137 3756">
    <p class='ocr_par' dir='ltr' id='par_1_2' title="bbox 188 522 1133 1525">
     <span class='ocr_line' id='line_1_2' title="bbox 289 522 1131 613; baseline 0.013 -29"><span class='ocrx_word' id='word_1_5' title='bbox 289 522 411 589; x_wconf 83' lang='lat' dir='ltr'>Adhuc</span> <span class='ocrx_word' id='word_1_6' title='bbox 440 549 534 592; x_wconf 89' lang='lat' dir='ltr'>unum</span> <span class='ocrx_word' id='word_1_7' title='bbox 568 530 684 611; x_wconf 87' lang='lat' dir='ltr'>dicam,</span> <span class='ocrx_word' id='word_1_8' title='bbox 718 538 750 593; x_wconf 91' lang='lat' dir='ltr'>et</span> <span class='ocrx_word' id='word_1_9' title='bbox 788 539 856 595; x_wconf 85' lang='lat' dir='ltr'>utar</span> <span class='ocrx_word' id='word_1_10' title='bbox 877 534 1012 613; x_wconf 86' lang='lat' dir='ltr'>apostoli</span> <span class='ocrx_word' id='word_1_11' title='bbox 1045 532 1131 595; x_wconf 86' lang='lat' dir='ltr'>Pauli</span> 
     </span>
     <span class='ocr_line' id='line_1_3' title="bbox 188 613 1132 697; baseline 0.015 -32"><span class='ocrx_word' id='word_1_12' title='bbox 188 616 416 691; x_wconf 79' lang='lat' dir='ltr'>argumento,</span> <span class='ocrx_word' id='word_1_13' title='bbox 448 613 538 675; x_wconf 84' lang='lat' dir='ltr'>Rom</span> <span class='ocrx_word' id='word_1_14' title='bbox 560 616 595 693; x_wconf 80' lang='lat'>4,</span> <span class='ocrx_word' id='word_1_15' title='bbox 619 614 670 676; x_wconf 89' lang='lat' dir='ltr'>ubi</span> <span class='ocrx_word' id='word_1_16' title='bbox 697 615 808 697; x_wconf 87' lang='lat' dir='ltr'>probat</span> <span class='ocrx_word' id='word_1_17' title='bbox 834 636 873 676; x_wconf 84' lang='lat' dir='ltr'>ex</span> <span class='ocrx_word' id='word_1_18' title='bbox 904 617 1132 679; x_wconf 70' lang='lat' dir='ltr'><strong>circumstantia</strong></span> 
     </span>
     <span class='ocr_line' id='line_1_4' title="bbox 190 694 1130 777; baseline 0.014 -29"><span class='ocrx_word' id='word_1_19' title='bbox 190 694 363 769; x_wconf 81' lang='lat' dir='ltr'>temporis</span> <span class='ocrx_word' id='word_1_20' title='bbox 379 701 411 756; x_wconf 91' lang='lat' dir='ltr'>et</span> <span class='ocrx_word' id='word_1_21' title='bbox 422 696 502 775; x_wconf 78' lang='lat' dir='ltr'>heti,</span> <span class='ocrx_word' id='word_1_22' title='bbox 525 696 679 759; x_wconf 83' lang='lat' dir='ltr'>Abraham</span> <span class='ocrx_word' id='word_1_23' title='bbox 691 717 754 759; x_wconf 93' lang='lat' dir='ltr'>non</span> <span class='ocrx_word' id='word_1_24' title='bbox 768 718 808 759; x_wconf 88' lang='lat' dir='ltr'>ax</span> <span class='ocrx_word' id='word_1_25' title='bbox 822 700 1063 777; x_wconf 76' lang='lat' dir='ltr'>circumcisione,</span> <span class='ocrx_word' id='word_1_26' title='bbox 1077 700 1130 761; x_wconf 85' lang='lat' dir='ltr'>sed</span> 
     </span>
     <span class='ocr_line' id='line_1_5' title="bbox 196 771 1131 862; baseline 0.014 -31"><span class='ocrx_word' id='word_1_27' title='bbox 196 790 244 831; x_wconf 84' lang='lat' dir='ltr'>ex</span> <span class='ocrx_word' id='word_1_28' title='bbox 277 771 348 836; x_wconf 81' lang='lat' dir='ltr'>fide</span> <span class='ocrx_word' id='word_1_29' title='bbox 370 778 581 858; x_wconf 83' lang='lat' dir='ltr'>iustificatum,</span> <span class='ocrx_word' id='word_1_30' title='bbox 602 781 687 841; x_wconf 88' lang='lat' dir='ltr'>nulla</span> <span class='ocrx_word' id='word_1_31' title='bbox 707 782 769 842; x_wconf 87' lang='lat' dir='ltr'>alia</span> <span class='ocrx_word' id='word_1_32' title='bbox 789 783 909 843; x_wconf 88' lang='lat' dir='ltr'>ratione</span> <span class='ocrx_word' id='word_1_33' title='bbox 930 802 1018 862; x_wconf 88' lang='lat' dir='ltr'>usus,</span> <span class='ocrx_word' id='word_1_34' title='bbox 1041 802 1131 862; x_wconf 87' lang='lat' dir='ltr'>quam</span> 
     </span>
     <span class='ocr_line' id='line_1_6' title="bbox 194 855 1131 946; baseline 0.013 -32"><span class='ocrx_word' id='word_1_35' title='bbox 194 855 295 933; x_wconf 87' lang='lat' dir='ltr'>quod</span> <span class='ocrx_word' id='word_1_36' title='bbox 303 858 464 922; x_wconf 85' lang='lat' dir='ltr'>Abraham</span> <span class='ocrx_word' id='word_1_37' title='bbox 479 870 550 924; x_wconf 88' lang='lat' dir='ltr'>ante</span> <span class='ocrx_word' id='word_1_38' title='bbox 559 865 821 926; x_wconf 84' lang='lat' dir='ltr'>circumcisionem</span> <span class='ocrx_word' id='word_1_39' title='bbox 840 866 929 925; x_wconf 86' lang='lat' dir='ltr'>fuerit</span> <span class='ocrx_word' id='word_1_40' title='bbox 940 866 1036 925; x_wconf 87' lang='lat' dir='ltr'>iustus</span> <span class='ocrx_word' id='word_1_41' title='bbox 1051 865 1131 946; x_wconf 90' lang='lat' dir='ltr'>apud</span> 
     </span>
     <span class='ocr_line' id='line_1_7' title="bbox 195 937 1132 1028; baseline 0.012 -30"><span class='ocrx_word' id='word_1_42' title='bbox 195 937 311 1001; x_wconf 86' lang='lat' dir='ltr'>Deum</span> <span class='ocrx_word' id='word_1_43' title='bbox 344 962 401 1022; x_wconf 89' lang='lat' dir='ltr'>per</span> <span class='ocrx_word' id='word_1_44' title='bbox 422 944 522 1007; x_wconf 83' lang='lat' dir='ltr'>fidam.</span> <span class='ocrx_word' id='word_1_45' title='bbox 569 947 600 1008; x_wconf 81' lang='lat' dir='ltr'>Si</span> <span class='ocrx_word' id='word_1_46' title='bbox 628 946 690 1008; x_wconf 92' lang='lat' dir='ltr'>hoc</span> <span class='ocrx_word' id='word_1_47' title='bbox 720 949 785 1008; x_wconf 89' lang='lat' dir='ltr'>eius</span> <span class='ocrx_word' id='word_1_48' title='bbox 806 954 1017 1028; x_wconf 78' lang='lat' dir='ltr'><strong>argumentum</strong></span> <span class='ocrx_word' id='word_1_49' title='bbox 1040 949 1132 1027; x_wconf 83' lang='lat' dir='ltr'>valet,</span> 
     </span>
     <span class='ocr_line' id='line_1_8' title="bbox 198 1021 1131 1107; baseline 0.011 -26"><span class='ocrx_word' id='word_1_50' title='bbox 198 1021 292 1084; x_wconf 88' lang='lat' dir='ltr'>sicut</span> <span class='ocrx_word' id='word_1_51' title='bbox 312 1044 445 1088; x_wconf 84' lang='lat' dir='ltr'>necesse</span> <span class='ocrx_word' id='word_1_52' title='bbox 467 1036 514 1089; x_wconf 89' lang='lat' dir='ltr'>sat</span> <span class='ocrx_word' id='word_1_53' title='bbox 545 1030 666 1107; x_wconf 87' lang='lat' dir='ltr'>valere,</span> <span class='ocrx_word' id='word_1_54' title='bbox 703 1049 831 1092; x_wconf 87' lang='lat' dir='ltr'>necesse</span> <span class='ocrx_word' id='word_1_55' title='bbox 862 1032 918 1091; x_wconf 88' lang='lat' dir='ltr'>erit</span> <span class='ocrx_word' id='word_1_56' title='bbox 940 1038 971 1091; x_wconf 92' lang='lat' dir='ltr'>et</span> <span class='ocrx_word' id='word_1_57' title='bbox 992 1032 1053 1091; x_wconf 93' lang='lat' dir='ltr'>hoc</span> <span class='ocrx_word' id='word_1_58' title='bbox 1081 1050 1131 1091; x_wconf 79' lang='lat' dir='ltr'>va</span> 
     </span>
     <span class='ocr_line' id='line_1_9' title="bbox 198 1104 1132 1193; baseline 0.012 -29"><span class='ocrx_word' id='word_1_59' title='bbox 198 1104 286 1183; x_wconf 82' lang='lat' dir='ltr'>lere,</span> <span class='ocrx_word' id='word_1_60' title='bbox 310 1109 396 1186; x_wconf 90' lang='lat' dir='ltr'>quod</span> <span class='ocrx_word' id='word_1_61' title='bbox 418 1130 500 1172; x_wconf 88' lang='lat' dir='ltr'>nuno</span> <span class='ocrx_word' id='word_1_62' title='bbox 520 1112 660 1193; x_wconf 88' lang='lat' dir='ltr'>produco</span> <span class='ocrx_word' id='word_1_63' title='bbox 683 1113 713 1173; x_wconf 91' lang='lat' dir='ltr'>in</span> <span class='ocrx_word' id='word_1_64' title='bbox 736 1114 817 1174; x_wconf 88' lang='lat' dir='ltr'>hunc</span> <span class='ocrx_word' id='word_1_65' title='bbox 840 1113 978 1175; x_wconf 84' lang='lat' dir='ltr'>modum:</span> <span class='ocrx_word' id='word_1_66' title='bbox 1014 1114 1132 1192; x_wconf 89' lang='lat' dir='ltr'>Petrus,</span> 
     </span>
     <span class='ocr_line' id='line_1_10' title="bbox 202 1189 1131 1277; baseline 0.012 -30"><span class='ocrx_word' id='word_1_67' title='bbox 202 1189 341 1267; x_wconf 88' lang='lat' dir='ltr'>quando</span> <span class='ocrx_word' id='word_1_68' title='bbox 364 1192 468 1255; x_wconf 83' lang='lat' dir='ltr'>claves</span> <span class='ocrx_word' id='word_1_69' title='bbox 491 1197 611 1276; x_wconf 85' lang='lat' dir='ltr'>accepit</span> <span class='ocrx_word' id='word_1_70' title='bbox 632 1195 786 1257; x_wconf 81' lang='lat' dir='ltr'>aOhristo</span> <span class='ocrx_word' id='word_1_71' title='bbox 813 1198 855 1268; x_wconf 89' lang='lat' dir='ltr'>(si</span> <span class='ocrx_word' id='word_1_72' title='bbox 878 1197 1004 1257; x_wconf 90' lang='lat' dir='ltr'>omuino</span> <span class='ocrx_word' id='word_1_73' title='bbox 1028 1216 1131 1277; x_wconf 90' lang='lat' dir='ltr'>perso-</span> 
     </span>
     <span class='ocr_line' id='line_1_11' title="bbox 201 1274 1133 1359; baseline 0.012 -29"><span class='ocrx_word' id='word_1_74' title='bbox 201 1290 283 1331; x_wconf 87' lang='lat' dir='ltr'>nam</span> <span class='ocrx_word' id='word_1_75' title='bbox 308 1274 375 1333; x_wconf 86' lang='lat' dir='ltr'>eius</span> <span class='ocrx_word' id='word_1_76' title='bbox 398 1277 497 1338; x_wconf 90' lang='lat' dir='ltr'>solam</span> <span class='ocrx_word' id='word_1_77' title='bbox 521 1279 683 1340; x_wconf 79' lang='lat' dir='ltr'>contendis</span> <span class='ocrx_word' id='word_1_78' title='bbox 707 1281 879 1359; x_wconf 86' lang='lat' dir='ltr'>accipere),</span> <span class='ocrx_word' id='word_1_79' title='bbox 901 1279 1038 1339; x_wconf 93' lang='lat' dir='ltr'>nondum</span> <span class='ocrx_word' id='word_1_80' title='bbox 1067 1286 1133 1341; x_wconf 89' lang='lat' dir='ltr'>erat</span> 
     </span>
     <span class='ocr_line' id='line_1_12' title="bbox 204 1355 1132 1442; baseline 0.011 -29"><span class='ocrx_word' id='word_1_81' title='bbox 204 1355 381 1437; x_wconf 83' lang='lat' dir='ltr'>episcopus</span> <span class='ocrx_word' id='word_1_82' title='bbox 403 1359 484 1420; x_wconf 87' lang='lat' dir='ltr'>urbia</span> <span class='ocrx_word' id='word_1_83' title='bbox 506 1361 626 1422; x_wconf 85' lang='lat' dir='ltr'>Romae</span> <span class='ocrx_word' id='word_1_84' title='bbox 650 1362 731 1433; x_wconf 83' lang='lat' dir='ltr'>(imo</span> <span class='ocrx_word' id='word_1_85' title='bbox 754 1364 877 1442; x_wconf 87' lang='lat' dir='ltr'>proprie</span> <span class='ocrx_word' id='word_1_86' title='bbox 899 1380 1054 1441; x_wconf 88' lang='lat' dir='ltr'>uunquam</span> <span class='ocrx_word' id='word_1_87' title='bbox 1077 1362 1132 1423; x_wconf 85' lang='lat' dir='ltr'>fuit</span> 
     </span>
     <span class='ocr_line' id='line_1_13' title="bbox 205 1438 1130 1525; baseline 0.011 -29"><span class='ocrx_word' id='word_1_88' title='bbox 205 1438 381 1519; x_wconf 86' lang='lat' dir='ltr'>episcopus</span> <span class='ocrx_word' id='word_1_89' title='bbox 395 1442 486 1503; x_wconf 88' lang='lat' dir='ltr'>ullius</span> <span class='ocrx_word' id='word_1_90' title='bbox 500 1445 644 1523; x_wconf 86' lang='lat' dir='ltr'>civitatis,</span> <span class='ocrx_word' id='word_1_91' title='bbox 659 1444 716 1505; x_wconf 89' lang='lat' dir='ltr'>sed</span> <span class='ocrx_word' id='word_1_92' title='bbox 730 1446 901 1525; x_wconf 87' lang='lat' dir='ltr'>apostolus,</span> <span class='ocrx_word' id='word_1_93' title='bbox 916 1446 1130 1525; x_wconf 89' lang='lat' dir='ltr'>episcoporum</span> 
     </span>
    </p>

    <p class='ocr_par' dir='ltr' id='par_1_3' title="bbox 146 1521 1132 2352">
     <span class='ocr_line' id='line_1_14' title="bbox 205 1521 1131 1608; baseline 0.01 -29"><span class='ocrx_word' id='word_1_94' title='bbox 205 1521 379 1602; x_wconf 86' lang='lat' dir='ltr'>institutor,</span> <span class='ocrx_word' id='word_1_95' title='bbox 403 1527 500 1587; x_wconf 87' lang='lat' dir='ltr'>maior</span> <span class='ocrx_word' id='word_1_96' title='bbox 521 1526 662 1588; x_wconf 90' lang='lat' dir='ltr'>omnibus</span> <span class='ocrx_word' id='word_1_97' title='bbox 682 1529 867 1608; x_wconf 81' lang='lat' dir='ltr'>episcopist,</span> <span class='ocrx_word' id='word_1_98' title='bbox 890 1527 945 1588; x_wconf 86' lang='lat' dir='ltr'>sed</span> <span class='ocrx_word' id='word_1_99' title='bbox 968 1535 1033 1588; x_wconf 90' lang='lat' dir='ltr'>erat</span> <span class='ocrx_word' id='word_1_100' title='bbox 1054 1547 1131 1588; x_wconf 88' lang='lat' dir='ltr'>unus</span> 
     </span>
     <span class='ocr_line' id='line_1_15' title="bbox 146 1600 1131 1691; baseline 0.009 -29"><span class='ocrx_word' id='word_1_101' title='bbox 146 1600 152 1613; x_wconf 94' lang='lat'>&#39;</span> <span class='ocrx_word' id='word_1_102' title='bbox 206 1603 292 1665; x_wconf 87' lang='lat' dir='ltr'>inter</span> <span class='ocrx_word' id='word_1_103' title='bbox 315 1609 487 1686; x_wconf 87' lang='lat' dir='ltr'>apostolos.</span> <span class='ocrx_word' id='word_1_104' title='bbox 529 1610 613 1690; x_wconf 82' lang='lat' dir='ltr'>Ergo</span> <span class='ocrx_word' id='word_1_105' title='bbox 637 1610 740 1671; x_wconf 87' lang='lat' dir='ltr'>claves</span> <span class='ocrx_word' id='word_1_106' title='bbox 775 1618 931 1671; x_wconf 83' lang='lat' dir='ltr'>nunaunt</span> <span class='ocrx_word' id='word_1_107' title='bbox 967 1611 995 1670; x_wconf 89' lang='lat' dir='ltr'>ei</span> <span class='ocrx_word' id='word_1_108' title='bbox 1030 1610 1131 1691; x_wconf 90' lang='lat' dir='ltr'>datae,</span> 
     </span>
     <span class='ocr_line' id='line_1_16' title="bbox 209 1688 1131 1771; baseline 0.009 -25"><span class='ocrx_word' id='word_1_109' title='bbox 209 1688 382 1749; x_wconf 88' lang='lat' dir='ltr'>secuudum</span> <span class='ocrx_word' id='word_1_110' title='bbox 405 1690 487 1770; x_wconf 90' lang='lat' dir='ltr'>quod</span> <span class='ocrx_word' id='word_1_111' title='bbox 509 1701 620 1771; x_wconf 89' lang='lat' dir='ltr'>postea</span> <span class='ocrx_word' id='word_1_112' title='bbox 645 1694 695 1753; x_wconf 88' lang='lat' dir='ltr'>vel</span> <span class='ocrx_word' id='word_1_113' title='bbox 724 1694 821 1754; x_wconf 87' lang='lat' dir='ltr'>factus</span> <span class='ocrx_word' id='word_1_114' title='bbox 849 1692 898 1753; x_wconf 92' lang='lat' dir='ltr'>vel</span> <span class='ocrx_word' id='word_1_115' title='bbox 921 1699 1053 1753; x_wconf 88' lang='lat' dir='ltr'>mutatus</span> <span class='ocrx_word' id='word_1_116' title='bbox 1075 1700 1131 1769; x_wconf 85' lang='lat' dir='ltr'>est,</span> 
     </span>
     <span class='ocr_line' id='line_1_17' title="bbox 208 1768 1132 1852; baseline 0.009 -23"><span class='ocrx_word' id='word_1_117' title='bbox 208 1768 259 1829; x_wconf 85' lang='lat' dir='ltr'>vel</span> <span class='ocrx_word' id='word_1_118' title='bbox 282 1773 355 1832; x_wconf 84' lang='lat' dir='ltr'>ioco</span> <span class='ocrx_word' id='word_1_119' title='bbox 379 1774 428 1834; x_wconf 88' lang='lat' dir='ltr'>val</span> <span class='ocrx_word' id='word_1_120' title='bbox 450 1773 571 1852; x_wconf 86' lang='lat' dir='ltr'>officio,</span> <span class='ocrx_word' id='word_1_121' title='bbox 601 1776 681 1835; x_wconf 88' lang='lat' dir='ltr'>siout</span> <span class='ocrx_word' id='word_1_122' title='bbox 699 1775 844 1837; x_wconf 78' lang='lat' dir='ltr'>Abrahae</span> <span class='ocrx_word' id='word_1_123' title='bbox 865 1795 926 1836; x_wconf 89' lang='lat' dir='ltr'>uon</span> <span class='ocrx_word' id='word_1_124' title='bbox 950 1782 997 1835; x_wconf 89' lang='lat' dir='ltr'>est</span> <span class='ocrx_word' id='word_1_125' title='bbox 1017 1777 1132 1837; x_wconf 89' lang='lat' dir='ltr'>iustitia</span> 
     </span>
     <span class='ocr_line' id='line_1_18' title="bbox 207 1858 1130 1939; baseline 0.009 -27"><span class='ocrx_word' id='word_1_126' title='bbox 207 1859 369 1935; x_wconf 88' lang='lat' dir='ltr'>reputata,</span> <span class='ocrx_word' id='word_1_127' title='bbox 399 1858 617 1936; x_wconf 86' lang='lat' dir='ltr'>qualiscunque</span> <span class='ocrx_word' id='word_1_128' title='bbox 649 1865 722 1939; x_wconf 87' lang='lat' dir='ltr'>post</span> <span class='ocrx_word' id='word_1_129' title='bbox 743 1858 835 1918; x_wconf 89' lang='lat' dir='ltr'>fldem</span> <span class='ocrx_word' id='word_1_130' title='bbox 857 1859 955 1918; x_wconf 88' lang='lat' dir='ltr'>factus</span> <span class='ocrx_word' id='word_1_131' title='bbox 978 1865 1043 1919; x_wconf 91' lang='lat' dir='ltr'>est:</span> <span class='ocrx_word' id='word_1_132' title='bbox 1077 1859 1130 1920; x_wconf 83' lang='lat' dir='ltr'>aed</span> 
     </span>
     <span class='ocr_line' id='line_1_19' title="bbox 208 1938 1131 2020; baseline 0.008 -24"><span class='ocrx_word' id='word_1_133' title='bbox 208 1944 302 2014; x_wconf 88' lang='lat' dir='ltr'>prout</span> <span class='ocrx_word' id='word_1_134' title='bbox 323 1938 382 1998; x_wconf 84' lang='lat' dir='ltr'>suit</span> <span class='ocrx_word' id='word_1_135' title='bbox 401 1940 562 2019; x_wconf 86' lang='lat' dir='ltr'>apostolus</span> <span class='ocrx_word' id='word_1_136' title='bbox 584 1946 716 2018; x_wconf 86' lang='lat' dir='ltr'>tontum,</span> <span class='ocrx_word' id='word_1_137' title='bbox 752 1948 784 2002; x_wconf 88' lang='lat' dir='ltr'>et</span> <span class='ocrx_word' id='word_1_138' title='bbox 810 1943 989 2020; x_wconf 86' lang='lat' dir='ltr'>praesertim</span> <span class='ocrx_word' id='word_1_139' title='bbox 1014 1940 1131 2003; x_wconf 88' lang='lat' dir='ltr'>habens</span> 
     </span>
     <span class='ocr_line' id='line_1_20' title="bbox 207 2017 1131 2106; baseline 0.01 -29"><span class='ocrx_word' id='word_1_140' title='bbox 207 2017 307 2079; x_wconf 86' lang='lat' dir='ltr'>Patria</span> <span class='ocrx_word' id='word_1_141' title='bbox 329 2021 568 2101; x_wconf 82' lang='lat' dir='ltr'>revelationem,</span> <span class='ocrx_word' id='word_1_142' title='bbox 601 2042 696 2103; x_wconf 91' lang='lat' dir='ltr'>quare</span> <span class='ocrx_word' id='word_1_143' title='bbox 717 2042 827 2106; x_wconf 88' lang='lat' dir='ltr'>prosus</span> <span class='ocrx_word' id='word_1_144' title='bbox 850 2024 925 2083; x_wconf 89' lang='lat' dir='ltr'>nihil</span> <span class='ocrx_word' id='word_1_145' title='bbox 946 2023 1025 2084; x_wconf 92' lang='lat' dir='ltr'>haec</span> <span class='ocrx_word' id='word_1_146' title='bbox 1046 2032 1131 2086; x_wconf 90' lang='lat' dir='ltr'>auto·</span> 
     </span>
     <span class='ocr_line' id='line_1_21' title="bbox 208 2102 1130 2186; baseline 0.009 -26"><span class='ocrx_word' id='word_1_147' title='bbox 208 2102 281 2161; x_wconf 87' lang='lat' dir='ltr'>ritas</span> <span class='ocrx_word' id='word_1_148' title='bbox 306 2103 346 2162; x_wconf 91' lang='lat' dir='ltr'>ad</span> <span class='ocrx_word' id='word_1_149' title='bbox 368 2104 541 2166; x_wconf 86' lang='lat' dir='ltr'>Romanum</span> <span class='ocrx_word' id='word_1_150' title='bbox 563 2106 741 2186; x_wconf 89' lang='lat' dir='ltr'>pontificem</span> <span class='ocrx_word' id='word_1_151' title='bbox 763 2108 905 2186; x_wconf 85' lang='lat' dir='ltr'>pertinet,</span> <span class='ocrx_word' id='word_1_152' title='bbox 928 2107 1048 2167; x_wconf 87' lang='lat' dir='ltr'>etiamsi</span> <span class='ocrx_word' id='word_1_153' title='bbox 1072 2108 1130 2168; x_wconf 89' lang='lat' dir='ltr'>soli</span> 
     </span>
     <span class='ocr_line' id='line_1_22' title="bbox 209 2184 1131 2269; baseline 0.009 -26"><span class='ocrx_word' id='word_1_154' title='bbox 209 2184 300 2245; x_wconf 83' lang='lat' dir='ltr'>Petro</span> <span class='ocrx_word' id='word_1_155' title='bbox 322 2185 405 2247; x_wconf 89' lang='lat' dir='ltr'>dicta</span> <span class='ocrx_word' id='word_1_156' title='bbox 435 2188 561 2267; x_wconf 87' lang='lat' dir='ltr'>fuisset,</span> <span class='ocrx_word' id='word_1_157' title='bbox 598 2194 714 2269; x_wconf 89' lang='lat' dir='ltr'>quanto</span> <span class='ocrx_word' id='word_1_158' title='bbox 749 2208 831 2249; x_wconf 92' lang='lat' dir='ltr'>nuuc</span> <span class='ocrx_word' id='word_1_159' title='bbox 864 2190 963 2248; x_wconf 89' lang='lat' dir='ltr'>minus</span> <span class='ocrx_word' id='word_1_160' title='bbox 986 2191 1131 2269; x_wconf 87' lang='lat' dir='ltr'>pertinet,</span> 
     </span>
     <span class='ocr_line' id='line_1_23' title="bbox 210 2267 1128 2352; baseline 0.008 -26"><span class='ocrx_word' id='word_1_161' title='bbox 210 2267 333 2346; x_wconf 88' lang='lat' dir='ltr'>quando</span> <span class='ocrx_word' id='word_1_162' title='bbox 365 2288 423 2330; x_wconf 88' lang='lat' dir='ltr'>neo</span> <span class='ocrx_word' id='word_1_163' title='bbox 453 2269 511 2331; x_wconf 90' lang='lat' dir='ltr'>soli</span> <span class='ocrx_word' id='word_1_164' title='bbox 537 2271 617 2332; x_wconf 88' lang='lat' dir='ltr'>Petri</span> <span class='ocrx_word' id='word_1_165' title='bbox 644 2291 798 2352; x_wconf 87' lang='lat' dir='ltr'>personae</span> <span class='ocrx_word' id='word_1_166' title='bbox 826 2271 908 2332; x_wconf 89' lang='lat' dir='ltr'>dicta</span> <span class='ocrx_word' id='word_1_167' title='bbox 929 2274 1128 2333; x_wconf 88' lang='lat' dir='ltr'>convincitur.</span> 
     </span>
    </p>

    <p class='ocr_par' dir='ltr' id='par_1_4' title="bbox 204 2350 1137 3756">
     <span class='ocr_line' id='line_1_24' title="bbox 291 2350 1129 2434; baseline 0.007 -24"><span class='ocrx_word' id='word_1_168' title='bbox 291 2350 387 2413; x_wconf 87' lang='lat' dir='ltr'>Addo</span> <span class='ocrx_word' id='word_1_169' title='bbox 419 2360 451 2413; x_wconf 95' lang='lat' dir='ltr'>et</span> <span class='ocrx_word' id='word_1_170' title='bbox 472 2352 588 2434; x_wconf 84' lang='lat' dir='ltr'>illudl)</span> <span class='ocrx_word' id='word_1_171' title='bbox 613 2355 719 2415; x_wconf 88' lang='lat' dir='ltr'>similis</span> <span class='ocrx_word' id='word_1_172' title='bbox 751 2355 868 2415; x_wconf 86' lang='lat' dir='ltr'>formae</span> <span class='ocrx_word' id='word_1_173' title='bbox 906 2361 1129 2434; x_wconf 80' lang='lat' dir='ltr'>argumentum,</span> 
     </span>
     <span class='ocr_line' id='line_1_25' title="bbox 211 2433 1131 2513; baseline 0.008 -21"><span class='ocrx_word' id='word_1_174' title='bbox 211 2450 268 2511; x_wconf 87' lang='lat' dir='ltr'>quo</span> <span class='ocrx_word' id='word_1_175' title='bbox 283 2433 397 2495; x_wconf 87' lang='lat' dir='ltr'>Paulus</span> <span class='ocrx_word' id='word_1_176' title='bbox 404 2436 494 2497; x_wconf 89' lang='lat' dir='ltr'>Rom.</span> <span class='ocrx_word' id='word_1_177' title='bbox 507 2438 536 2499; x_wconf 84' lang='lat'>4.</span> <span class='ocrx_word' id='word_1_178' title='bbox 549 2444 606 2498; x_wconf 89' lang='lat' dir='ltr'>eto.</span> <span class='ocrx_word' id='word_1_179' title='bbox 617 2444 648 2498; x_wconf 88' lang='lat' dir='ltr'>et</span> <span class='ocrx_word' id='word_1_180' title='bbox 657 2437 725 2499; x_wconf 82' lang='lat' dir='ltr'>Gal.</span> <span class='ocrx_word' id='word_1_181' title='bbox 749 2439 775 2500; x_wconf 88' lang='lat'>3.</span> <span class='ocrx_word' id='word_1_182' title='bbox 787 2438 889 2513; x_wconf 89' lang='lat' dir='ltr'>utitur,</span> <span class='ocrx_word' id='word_1_183' title='bbox 899 2437 1017 2496; x_wconf 89' lang='lat' dir='ltr'>dicens:</span> <span class='ocrx_word' id='word_1_184' title='bbox 1041 2437 1131 2513; x_wconf 84' lang='lat' dir='ltr'>Quod</span> 
     </span>
     <span class='ocr_line' id='line_1_26' title="bbox 213 2516 1133 2600; baseline 0.008 -25"><span class='ocrx_word' id='word_1_185' title='bbox 213 2516 289 2576; x_wconf 78' lang='lat' dir='ltr'>deut</span> <span class='ocrx_word' id='word_1_186' title='bbox 310 2516 457 2580; x_wconf 88' lang='lat' dir='ltr'>Abrahae</span> <span class='ocrx_word' id='word_1_187' title='bbox 480 2539 518 2579; x_wconf 86' lang='lat' dir='ltr'>ex</span> <span class='ocrx_word' id='word_1_188' title='bbox 541 2518 602 2580; x_wconf 89' lang='lat' dir='ltr'>tide</span> <span class='ocrx_word' id='word_1_189' title='bbox 629 2524 770 2600; x_wconf 87' lang='lat' dir='ltr'>reputata</span> <span class='ocrx_word' id='word_1_190' title='bbox 803 2527 851 2580; x_wconf 87' lang='lat' dir='ltr'>est</span> <span class='ocrx_word' id='word_1_191' title='bbox 872 2520 999 2597; x_wconf 87' lang='lat' dir='ltr'>iustitia,</span> <span class='ocrx_word' id='word_1_192' title='bbox 1032 2522 1076 2580; x_wconf 87' lang='lat' dir='ltr'>ita</span> <span class='ocrx_word' id='word_1_193' title='bbox 1103 2527 1133 2582; x_wconf 89' lang='lat' dir='ltr'>et</span> 
     </span>
     <span class='ocr_line' id='line_1_27' title="bbox 211 2599 1132 2682; baseline 0.007 -24"><span class='ocrx_word' id='word_1_194' title='bbox 211 2599 363 2678; x_wconf 86' lang='lat' dir='ltr'>omuibus,</span> <span class='ocrx_word' id='word_1_195' title='bbox 375 2602 427 2681; x_wconf 88' lang='lat' dir='ltr'>qui</span> <span class='ocrx_word' id='word_1_196' title='bbox 438 2601 574 2681; x_wconf 87' lang='lat' dir='ltr'>credunt,</span> <span class='ocrx_word' id='word_1_197' title='bbox 589 2601 777 2682; x_wconf 88' lang='lat' dir='ltr'>reputabitur</span> <span class='ocrx_word' id='word_1_198' title='bbox 784 2603 907 2662; x_wconf 88' lang='lat' dir='ltr'>iustitia.</span> <span class='ocrx_word' id='word_1_199' title='bbox 931 2601 1031 2676; x_wconf 77' lang='lat' dir='ltr'>Quare</span> <span class='ocrx_word' id='word_1_200' title='bbox 1045 2611 1075 2664; x_wconf 86' lang='lat' dir='ltr'>et</span> <span class='ocrx_word' id='word_1_201' title='bbox 1086 2603 1132 2664; x_wconf 91' lang='lat' dir='ltr'>his</span> 
     </span>
     <span class='ocr_line' id='line_1_28' title="bbox 212 2682 1133 2747; baseline 0.008 -7"><span class='ocrx_word' id='word_1_202' title='bbox 212 2682 289 2742; x_wconf 85' lang='lat' dir='ltr'>sicut</span> <span class='ocrx_word' id='word_1_203' title='bbox 311 2683 404 2745; x_wconf 88' lang='lat' dir='ltr'>Petro</span> <span class='ocrx_word' id='word_1_204' title='bbox 426 2684 551 2745; x_wconf 84' lang='lat' dir='ltr'>habenti</span> <span class='ocrx_word' id='word_1_205' title='bbox 573 2685 795 2746; x_wconf 87' lang='lat' dir='ltr'>revelationem</span> <span class='ocrx_word' id='word_1_206' title='bbox 817 2685 914 2744; x_wconf 89' lang='lat' dir='ltr'>Patris</span> <span class='ocrx_word' id='word_1_207' title='bbox 938 2692 969 2744; x_wconf 93' lang='lat' dir='ltr'>et</span> <span class='ocrx_word' id='word_1_208' title='bbox 981 2685 1133 2747; x_wconf 82' lang='lat' dir='ltr'>Christum</span> 
     </span>
     <span class='ocr_line' id='line_1_29' title="bbox 212 2763 1133 2844; baseline 0.005 -20"><span class='ocrx_word' id='word_1_209' title='bbox 212 2763 373 2828; x_wconf 82' lang='lat' dir='ltr'>confitenti</span> <span class='ocrx_word' id='word_1_210' title='bbox 402 2767 506 2828; x_wconf 84' lang='lat' dir='ltr'>claves</span> <span class='ocrx_word' id='word_1_211' title='bbox 534 2767 658 2844; x_wconf 90' lang='lat' dir='ltr'>dantur,</span> <span class='ocrx_word' id='word_1_212' title='bbox 691 2769 735 2827; x_wconf 90' lang='lat' dir='ltr'>ita</span> <span class='ocrx_word' id='word_1_213' title='bbox 760 2786 888 2828; x_wconf 86' lang='lat' dir='ltr'>necesse</span> <span class='ocrx_word' id='word_1_214' title='bbox 917 2774 965 2826; x_wconf 86' lang='lat' dir='ltr'>est</span> <span class='ocrx_word' id='word_1_215' title='bbox 985 2771 1069 2829; x_wconf 92' lang='lat' dir='ltr'>omni</span> <span class='ocrx_word' id='word_1_216' title='bbox 1096 2771 1133 2829; x_wconf 88' lang='lat' dir='ltr'>si·</span> 
     </span>
     <span class='ocr_line' id='line_1_30' title="bbox 213 2847 1132 2913; baseline 0.008 -7"><span class='ocrx_word' id='word_1_217' title='bbox 213 2847 324 2908; x_wconf 88' lang='lat' dir='ltr'>militer</span> <span class='ocrx_word' id='word_1_218' title='bbox 346 2848 506 2911; x_wconf 86' lang='lat' dir='ltr'>confitenti</span> <span class='ocrx_word' id='word_1_219' title='bbox 528 2858 560 2911; x_wconf 90' lang='lat' dir='ltr'>et</span> <span class='ocrx_word' id='word_1_220' title='bbox 578 2850 768 2911; x_wconf 82' lang='lat' dir='ltr'>revelantem</span> <span class='ocrx_word' id='word_1_221' title='bbox 796 2849 920 2911; x_wconf 84' lang='lat' dir='ltr'>habenti</span> <span class='ocrx_word' id='word_1_222' title='bbox 953 2850 1058 2912; x_wconf 81' lang='lat' dir='ltr'>claves</span> <span class='ocrx_word' id='word_1_223' title='bbox 1080 2852 1132 2913; x_wconf 95' lang='lat' dir='ltr'>do-</span> 
     </span>
     <span class='ocr_line' id='line_1_31' title="bbox 211 2932 1132 3012; baseline 0.008 -22"><span class='ocrx_word' id='word_1_224' title='bbox 211 2937 297 2991; x_wconf 85' lang='lat' dir='ltr'>natas</span> <span class='ocrx_word' id='word_1_225' title='bbox 321 2951 403 3009; x_wconf 87' lang='lat' dir='ltr'>esse,</span> <span class='ocrx_word' id='word_1_226' title='bbox 426 2932 511 3012; x_wconf 88' lang='lat' dir='ltr'>quod</span> <span class='ocrx_word' id='word_1_227' title='bbox 533 2934 608 2993; x_wconf 84' lang='lat' dir='ltr'>nulii</span> <span class='ocrx_word' id='word_1_228' title='bbox 629 2934 687 2993; x_wconf 89' lang='lat' dir='ltr'>uisi</span> <span class='ocrx_word' id='word_1_229' title='bbox 712 2933 882 3010; x_wconf 81' lang='lat' dir='ltr'>ecclesiae,</span> <span class='ocrx_word' id='word_1_230' title='bbox 905 2932 935 2992; x_wconf 88' lang='lat' dir='ltr'>id</span> <span class='ocrx_word' id='word_1_231' title='bbox 958 2941 1019 3011; x_wconf 86' lang='lat' dir='ltr'>eat,</span> <span class='ocrx_word' id='word_1_232' title='bbox 1050 2952 1132 2996; x_wconf 86' lang='lat' dir='ltr'>eom·</span> 
     </span>
     <span class='ocr_line' id='line_1_32' title="bbox 210 3014 1131 3096; baseline 0.004 -23"><span class='ocrx_word' id='word_1_233' title='bbox 210 3015 348 3075; x_wconf 86' lang='lat' dir='ltr'>munioni</span> <span class='ocrx_word' id='word_1_234' title='bbox 370 3014 555 3076; x_wconf 79' lang='lat' dir='ltr'>Sanctorum</span> <span class='ocrx_word' id='word_1_235' title='bbox 577 3017 744 3076; x_wconf 86' lang='lat' dir='ltr'>convenire</span> <span class='ocrx_word' id='word_1_236' title='bbox 776 3023 895 3096; x_wconf 82' lang='lat' dir='ltr'>potest,</span> <span class='ocrx_word' id='word_1_237' title='bbox 929 3034 998 3075; x_wconf 90' lang='lat' dir='ltr'>cum</span> <span class='ocrx_word' id='word_1_238' title='bbox 1030 3017 1131 3077; x_wconf 87' lang='lat' dir='ltr'>nullus</span> 
     </span>
     <span class='ocr_line' id='line_1_33' title="bbox 208 3095 1133 3178; baseline 0.006 -23"><span class='ocrx_word' id='word_1_239' title='bbox 208 3095 375 3177; x_wconf 86' lang='lat' dir='ltr'>singularis</span> <span class='ocrx_word' id='word_1_240' title='bbox 397 3097 498 3159; x_wconf 86' lang='lat' dir='ltr'>fidelis</span> <span class='ocrx_word' id='word_1_241' title='bbox 521 3106 701 3159; x_wconf 81' lang='lat' dir='ltr'>constanter</span> <span class='ocrx_word' id='word_1_242' title='bbox 723 3104 755 3158; x_wconf 90' lang='lat' dir='ltr'>et</span> <span class='ocrx_word' id='word_1_243' title='bbox 777 3108 860 3159; x_wconf 83' lang='lat' dir='ltr'>certo</span> <span class='ocrx_word' id='word_1_244' title='bbox 877 3117 914 3158; x_wconf 88' lang='lat' dir='ltr'>ao</span> <span class='ocrx_word' id='word_1_245' title='bbox 936 3117 1133 3178; x_wconf 86' lang='lat' dir='ltr'>perseveran-</span> 
     </span>
     <span class='ocr_line' id='line_1_34' title="bbox 207 3179 1133 3260; baseline 0.006 -22"><span class='ocrx_word' id='word_1_246' title='bbox 207 3185 252 3239; x_wconf 90' lang='lat' dir='ltr'>ter</span> <span class='ocrx_word' id='word_1_247' title='bbox 273 3179 394 3240; x_wconf 86' lang='lat' dir='ltr'>habcra</span> <span class='ocrx_word' id='word_1_248' title='bbox 416 3183 516 3260; x_wconf 83' lang='lat' dir='ltr'>possit</span> <span class='ocrx_word' id='word_1_249' title='bbox 536 3181 617 3241; x_wconf 89' lang='lat' dir='ltr'>hanc</span> <span class='ocrx_word' id='word_1_250' title='bbox 638 3181 883 3258; x_wconf 86' lang='lat' dir='ltr'>confessionem,</span> <span class='ocrx_word' id='word_1_251' title='bbox 907 3201 975 3241; x_wconf 88' lang='lat' dir='ltr'>oum</span> <span class='ocrx_word' id='word_1_252' title='bbox 998 3202 1056 3243; x_wconf 88' lang='lat' dir='ltr'>neo</span> <span class='ocrx_word' id='word_1_253' title='bbox 1080 3185 1133 3243; x_wconf 86' lang='lat' dir='ltr'>Pe·</span> 
     </span>
     <span class='ocr_line' id='line_1_35' title="bbox 205 3263 1133 3344; baseline 0.005 -23"><span class='ocrx_word' id='word_1_254' title='bbox 205 3267 270 3321; x_wconf 88' lang='lat' dir='ltr'>trus</span> <span class='ocrx_word' id='word_1_255' title='bbox 292 3263 415 3342; x_wconf 88' lang='lat' dir='ltr'>ipsein</span> <span class='ocrx_word' id='word_1_256' title='bbox 446 3264 554 3325; x_wconf 86' lang='lat' dir='ltr'>eadem</span> <span class='ocrx_word' id='word_1_257' title='bbox 577 3265 790 3344; x_wconf 86' lang='lat' dir='ltr'>perseverarit,</span> <span class='ocrx_word' id='word_1_258' title='bbox 813 3263 930 3341; x_wconf 81' lang='lat' dir='ltr'>quia2)</span> <span class='ocrx_word' id='word_1_259' title='bbox 955 3284 1016 3324; x_wconf 90' lang='lat' dir='ltr'>nou</span> <span class='ocrx_word' id='word_1_260' title='bbox 1040 3265 1133 3327; x_wconf 92' lang='lat' dir='ltr'>modo</span> 
     </span>
     <span class='ocr_line' id='line_1_36' title="bbox 204 3344 1133 3426; baseline 0.004 -22"><span class='ocrx_word' id='word_1_261' title='bbox 204 3344 395 3424; x_wconf 77' lang='lat' dir='ltr'>aliquando,</span> <span class='ocrx_word' id='word_1_262' title='bbox 426 3346 481 3406; x_wconf 89' lang='lat' dir='ltr'>aed</span> <span class='ocrx_word' id='word_1_263' title='bbox 516 3366 588 3408; x_wconf 88' lang='lat' dir='ltr'>mox</span> <span class='ocrx_word' id='word_1_264' title='bbox 617 3354 689 3426; x_wconf 88' lang='lat' dir='ltr'>post</span> <span class='ocrx_word' id='word_1_265' title='bbox 711 3356 855 3426; x_wconf 86' lang='lat' dir='ltr'>acceptas</span> <span class='ocrx_word' id='word_1_266' title='bbox 884 3347 988 3406; x_wconf 83' lang='lat' dir='ltr'>claves</span> <span class='ocrx_word' id='word_1_267' title='bbox 1013 3350 1133 3425; x_wconf 85' lang='lat' dir='ltr'>erravit,</span> 
     </span>
     <span class='ocr_line' id='line_1_37' title="bbox 204 3428 1134 3511; baseline 0.004 -24"><span class='ocrx_word' id='word_1_268' title='bbox 204 3432 237 3487; x_wconf 86' lang='lat' dir='ltr'>et</span> <span class='ocrx_word' id='word_1_269' title='bbox 259 3433 366 3488; x_wconf 85' lang='lat' dir='ltr'>tamen</span> <span class='ocrx_word' id='word_1_270' title='bbox 389 3448 455 3489; x_wconf 87' lang='lat' dir='ltr'>uon</span> <span class='ocrx_word' id='word_1_271' title='bbox 477 3436 549 3489; x_wconf 83' lang='lat' dir='ltr'>aunt</span> <span class='ocrx_word' id='word_1_272' title='bbox 569 3431 596 3488; x_wconf 89' lang='lat' dir='ltr'>ei</span> <span class='ocrx_word' id='word_1_273' title='bbox 621 3429 726 3488; x_wconf 84' lang='lat' dir='ltr'>claves</span> <span class='ocrx_word' id='word_1_274' title='bbox 748 3449 867 3489; x_wconf 85' lang='lat' dir='ltr'>rursum</span> <span class='ocrx_word' id='word_1_275' title='bbox 892 3428 1027 3505; x_wconf 83' lang='lat' dir='ltr'>ablatae,</span> <span class='ocrx_word' id='word_1_276' title='bbox 1062 3434 1134 3511; x_wconf 88' lang='lat' dir='ltr'>quia</span> 
     </span>
     <span class='ocr_line' id='line_1_38' title="bbox 204 3511 1137 3593; baseline 0.003 -23"><span class='ocrx_word' id='word_1_277' title='bbox 204 3528 271 3570; x_wconf 87' lang='lat' dir='ltr'>uon</span> <span class='ocrx_word' id='word_1_278' title='bbox 293 3511 328 3570; x_wconf 91' lang='lat' dir='ltr'>in</span> <span class='ocrx_word' id='word_1_279' title='bbox 359 3530 432 3585; x_wconf 84' lang='lat' dir='ltr'>aua,</span> <span class='ocrx_word' id='word_1_280' title='bbox 468 3512 523 3572; x_wconf 86' lang='lat' dir='ltr'>aed</span> <span class='ocrx_word' id='word_1_281' title='bbox 555 3512 709 3572; x_wconf 82' lang='lat' dir='ltr'>ecciesiae</span> <span class='ocrx_word' id='word_1_282' title='bbox 746 3530 881 3592; x_wconf 88' lang='lat' dir='ltr'>persona</span> <span class='ocrx_word' id='word_1_283' title='bbox 918 3530 971 3571; x_wconf 86' lang='lat' dir='ltr'>eas</span> <span class='ocrx_word' id='word_1_284' title='bbox 1005 3516 1137 3593; x_wconf 86' lang='lat' dir='ltr'>accepit.</span> 
     </span>
     <span class='ocr_line' id='line_1_39' title="bbox 206 3591 1135 3675; baseline 0.005 -23"><span class='ocrx_word' id='word_1_285' title='bbox 206 3591 301 3667; x_wconf 79' lang='lat' dir='ltr'>Quod</span> <span class='ocrx_word' id='word_1_286' title='bbox 326 3594 352 3653; x_wconf 87' lang='lat' dir='ltr'>ai</span> <span class='ocrx_word' id='word_1_287' title='bbox 373 3594 454 3654; x_wconf 87' lang='lat' dir='ltr'>haec</span> <span class='ocrx_word' id='word_1_288' title='bbox 475 3602 657 3675; x_wconf 83' lang='lat' dir='ltr'>argumenta</span> <span class='ocrx_word' id='word_1_289' title='bbox 677 3611 741 3653; x_wconf 92' lang='lat' dir='ltr'>uon</span> <span class='ocrx_word' id='word_1_290' title='bbox 764 3592 968 3671; x_wconf 88' lang='lat' dir='ltr'>concludunt,</span> <span class='ocrx_word' id='word_1_291' title='bbox 1001 3614 1060 3655; x_wconf 87' lang='lat' dir='ltr'>neo</span> <span class='ocrx_word' id='word_1_292' title='bbox 1081 3597 1135 3657; x_wconf 83' lang='lat' dir='ltr'>ilia</span> 
     </span>
     <span class='ocr_line' id='line_1_40' title="bbox 206 3676 830 3756; baseline 0.006 -21"><span class='ocrx_word' id='word_1_293' title='bbox 206 3676 349 3753; x_wconf 83' lang='lat' dir='ltr'>apostoli</span> <span class='ocrx_word' id='word_1_294' title='bbox 369 3676 467 3753; x_wconf 89' lang='lat' dir='ltr'>Pauli,</span> <span class='ocrx_word' id='word_1_295' title='bbox 491 3696 570 3756; x_wconf 87' lang='lat' dir='ltr'>quae</span> <span class='ocrx_word' id='word_1_296' title='bbox 592 3678 729 3756; x_wconf 81' lang='lat' dir='ltr'>allegata</span> <span class='ocrx_word' id='word_1_297' title='bbox 751 3686 830 3739; x_wconf 84' lang='lat' dir='ltr'>aunt.</span> 
     </span>
    </p>
   </div>
   <div class='ocr_carea' id='block_1_3' title="bbox 222 3802 918 3929">
    <p class='ocr_par' dir='ltr' id='par_1_5' title="bbox 222 3802 918 3929">
     <span class='ocr_line' id='line_1_41' title="bbox 222 3802 918 3929; baseline 0.029 -38"><span class='ocrx_word' id='word_1_298' title='bbox 222 3838 260 3901; x_wconf 82' lang='lat'>1)</span> <span class='ocrx_word' id='word_1_299' title='bbox 278 3838 311 3889; x_wconf 82' lang='lat' dir='ltr'>lu</span> <span class='ocrx_word' id='word_1_300' title='bbox 330 3839 373 3893; x_wconf 82' lang='lat' dir='ltr'>ed.</span> <span class='ocrx_word' id='word_1_301' title='bbox 395 3844 511 3910; x_wconf 78' lang='lat' dir='ltr'>priore:</span> <span class='ocrx_word' id='word_1_302' title='bbox 533 3802 637 3905; x_wconf 68' lang='lat' dir='ltr'>alind</span> <span class='ocrx_word' id='word_1_303' title='bbox 663 3854 699 3925; x_wconf 80' lang='lat'>2)</span> <span class='ocrx_word' id='word_1_304' title='bbox 721 3854 813 3913; x_wconf 67' lang='lat' dir='ltr'>Ibide.</span> <span class='ocrx_word' id='word_1_305' title='bbox 835 3857 918 3929; x_wconf 80' lang='lat' dir='ltr'>quin.</span> 
     </span>
    </p>
   </div>
   <div class='ocr_carea' id='block_1_4' title="bbox 0 0 1364 4417">
    <p class='ocr_par' dir='ltr' id='par_1_6' title="bbox 0 0 1364 4417">
     <span class='ocr_line' id='line_1_42' title="bbox 0 0 1364 4417; baseline 0 0"><span class='ocrx_word' id='word_1_306' title='bbox 0 0 1364 4417; x_wconf 95' lang='lat' dir='ltr'> </span> 
     </span>
    </p>
   </div>
  </div>
 </body>
</html>
