2709 4417
269 349 332 415 332
499 351 591 404 Rasol.
610 351 641 404 L
660 367 744 419 super
761 350 958 419 Propositiouo

270 541 405 614 inferior,
424 545 478 598 aut
490 538 553 598 ulla
563 538 645 599 alia?
668 537 700 599 Si
722 537 807 597 nulla
818 537 1005 613 nominatur,
1027 535 1165 598 nullasuh·

272 642 341 683 esse
372 621 480 698 debet,
519 628 685 700 praecepto
719 619 827 679 saltem
865 619 983 679 divino.
1027 616 1103 692 Quid
1131 619 1168 680 hio

272 705 380 765 melius
402 703 462 762 dici
483 710 603 782 potest,
625 723 716 782 quarn
741 702 823 779 quod
847 702 975 762 verbum
999 701 1107 761 Christi
1125 721 1170 762 nas

271 787 309 847 de
331 787 545 865 superioritate
573 805 632 845 neo
653 785 856 845 inferioritate
879 784 1078 844 ecelesiarum
1099 784 1169 844 intel·

272 869 324 949 ligi
347 869 459 947 possit,
481 867 535 927 sed
559 868 597 928 de
619 868 702 943 sola,
732 867 857 946 eadem,
879 867 1057 945 invictaque
1077 865 1132 926 lide
1148 877 1171 926 et

270 953 426 1030 potestate
447 952 582 1010 omnium
600 950 796 1010 ecelesiarum
818 950 999 1028 aequaliter.
1045 947 1170 1025 Videsne,

273 1033 344 1111 quid
368 1033 406 1091 sit
427 1050 531 1091 sooras
564 1032 665 1091 literas
688 1052 743 1111 pro
777 1032 911 1092 humano
935 1031 1048 1092 affeetu
1070 1039 1101 1091 et
1119 1032 1171 1092 sine

275 1117 386 1174 timore
408 1114 466 1173 Dei
486 1121 623 1177 tractare.
1165 1124 1167 1127 ’

628 1213 673 1275 Se
710 1214 827 1273 uitur:

272 1379 284 1440 f
354 1298 436 1357 lllius
459 1303 541 1355 oerte
562 1233 726 1376 privilegio
748 1296 893 1376 fungitur,
915 1296 1002 1355 ouius
1026 1294 1172 1354 autoritate

285 1381 402 1440 uloitur.

355 1463 444 1539 Vide,
467 1479 545 1539 quae
567 1459 732 1520 oorollaria
751 1461 872 1521 inferat.
917 1459 1052 1520 Verbum
1068 1458 1171 1537 Christi,

273 1546 312 1606 de
335 1545 394 1605 lide
417 1544 455 1604 ad
478 1544 639 1623 pot-estatis
662 1543 917 1622 significationem
943 1542 1106 1623 detortum,
1125 1543 1171 1622 pri-

272 1628 416 1707 vilegium
440 1627 474 1686 lit
490 1627 650 1686 Romanae
666 1626 818 1686 eoolssiaa
839 1628 869 1685 in
882 1626 989 1703 uerbo,
1012 1624 1095 1704 quod
1105 1643 1170 1685 oom-

274 1713 405 1771 munitor
426 1708 566 1769 omuibus
590 1708 728 1767 eeclesiis
757 1709 918 1785 convenit,
958 1709 1031 1787 quia
1054 1707 1170 1768 Christus

274 1794 360 1853 dicit:
384 1792 481 1871 Super
497 1791 576 1850 hano
587 1797 704 1869 petram
716 1790 886 1852 aedificabo
902 1791 1067 1852 eoolesiam
1080 1805 1169 1866 mean,

273 1877 383 1952 Meam,
404 1876 511 1952 inquit,
534 1891 643 1932 meam.
687 1872 719 1934 Si
742 1874 874 1933 ecclesia
896 1874 958 1934 alia
973 1871 1170 1952 quaelibetert

272 1959 404 2019 ecclesia
416 1957 535 2032 Christi,
557 1957 625 2035 ipsa
646 1961 729 2015 oerte
751 1956 914 2016 aedificata
935 1962 984 2015 est
1005 1974 1097 2035 super
1115 1974 1169 2014 ean·

272 2042 341 2102 dem
372 2047 505 2120 petram,
540 2045 571 2097 et
605 2039 720 2097 nullum
759 2047 806 2098 est
836 2038 888 2097 ulli
911 2037 1111 2118 privilegium.
1145 2036 1169 2096 si

271 2144 334 2184 non
348 2129 395 2183 est
408 2122 539 2182 eeclesia
551 2120 671 2195 Christi,
694 2128 725 2180 et
746 2121 813 2182 sola
827 2119 960 2204 Romal)
987 2128 1034 2181 est
1050 2119 1170 2194 eoolesia,

273 2206 465 2285 privilegium
488 2222 550 2264 non
575 2208 648 2276 stat,
686 2204 757 2281 quia
779 2204 863 2263 nulla
885 2211 932 2263 est
955 2204 1105 2279 eeclesia,
1133 2203 1169 2260 oui

271 2290 412 2350 Romana
434 2287 572 2366 superior
606 2304 673 2344 esse
709 2288 815 2363 possit.
860 2289 970 2346 lterum
994 2285 1079 2344 dioo:
1114 2285 1169 2343 Pro·

272 2390 401 2448 nomen,
425 2389 539 2445 meam,
574 2377 626 2427 aut
648 2367 801 2447 significat
822 2369 920 2428 solam
944 2369 1112 2427 Romanam
1133 2385 1169 2426 eo

272 2454 407 2525 alesiam,
430 2458 482 2511 aut
504 2470 625 2511 omnem
644 2451 815 2510 ecclesiam.
840 2450 870 2511 Si
882 2451 992 2528 solam,
1018 2448 1172 2510 nonhabet

272 2535 463 2616 privilegium
476 2553 549 2614 prae
561 2534 685 2610 ceteris,
703 2535 729 2593 si
743 2553 877 2607 omnem,
898 2534 1006 2592 iterum
1020 2531 1172 2592 nonhabet

272 2618 465 2698 privilegium
487 2635 560 2696 prae
592 2617 711 2675 ceteris.
756 2616 858 2695 Eligat
894 2634 969 2695 ergo
1001 2615 1082 2694 quod
1112 2613 1173 2688 vult,

273 2720 327 2780 per
348 2699 409 2759 hoo
431 2698 554 2758 verbum
578 2697 706 2773 Christi,
738 2698 878 2758 Romano
901 2697 1035 2757 ecelesia
1058 2704 1109 2756 out
1127 2697 1174 2754 erit

273 2783 356 2860 sola,
379 2787 513 2841 autnon
537 2782 593 2839 erit
614 2782 721 2858 prima.

354 2865 424 2924 Alia
445 2883 518 2943 ergo
552 2864 600 2921 via
630 2863 807 2941 probandus
838 2864 895 2922 iste
917 2863 1086 2941 primatus,
1115 2861 1176 2938 quio

273 2948 447 3008 illusionem
468 2947 549 3005 hano
576 2948 621 3003 sui
654 2945 846 3026 evangelium
870 2944 984 3004 Christi
1009 2950 1062 3013 (ut
1083 2941 1173 3016 vides)

273 3050 364 3110 quam
387 3028 514 3108 pulchre
536 3027 644 3105 eludit,
668 3037 698 3087 et
723 3033 774 3101 (ut
795 3026 990 3105 proverbium
1013 3022 1177 3086 Salomonis

273 3112 382 3183 habet)
408 3111 507 3170 illudit
542 3110 685 3169 illusores
718 3130 801 3171 suos.
845 3109 884 3168 Et
906 3116 977 3168 sunt
999 3115 1102 3168 tamen
1125 3116 1176 3167 tam

274 3195 369 3270 multi,
394 3195 444 3272 qui
467 3186 576 3252 ex'hao
590 3193 699 3252 misera
712 3193 802 3272 polea
814 3192 1005 3271 privilegium
1029 3190 1178 3252 Romanae

273 3277 423 3337 eeclesiae
455 3276 569 3354 possim
604 3293 659 3353 pro
694 3275 824 3335 articulo
858 3273 945 3352 fidei,
979 3274 1028 3332 vel
1053 3275 1178 3333 omnium

273 3360 371 3440 primo
395 3364 425 3417 et
440 3359 584 3433 maximo,
597 3358 744 3434 iactitant,
767 3357 976 3436 patientiores,
999 3357 1024 3414 si
1037 3356 1179 3416 Christum

274 3461 378 3521 neges,
402 3459 491 3518 quarn
515 3441 539 3498 si
564 3439 624 3498 hoo
647 3441 848 3519 privilegium,
871 3439 965 3499 verba
987 3438 1098 3498 Christi
1122 3457 1179 3518 per·

274 3531 404 3597 vertens,
429 3543 491 3582 non
515 3521 635 3581 adores.
1087 3559 1089 3562 -

335 3604 594 3683 Sequituriterum
607 3603 813 3680 corollarium,
830 3604 882 3664 tali
900 3603 1036 3664 themata
1051 3604 1179 3683 dignum.

354 3687 443 3746 Unde
466 3706 527 3746 non
552 3693 598 3745 est
620 3685 761 3761 dubium,
784 3688 872 3764 quia,
895 3688 1031 3764 quisquis
1063 3687 1179 3746 cuilibet

270 3809 470 3818 ——nm

300 3862 332 3933 1)
355 3861 386 3916 ln
407 3862 454 3918 ed.
476 3862 557 3918 lem:
576 3861 726 3914 Romana.
