2709 4417
262 345 327 413 416
548 348 579 401 11.
599 347 703 402 Concio
722 347 755 402 D.
775 347 808 403 Ι.
828 349 908 402 Luth.

265 554 341 595 crux
361 535 457 613 ipsius
479 542 532 594 tua
554 535 614 594 sint
636 542 778 614 peccata,
801 554 883 615 qnae
905 554 978 595 eum
1000 535 1032 594 in
1054 554 1088 594 se
1107 555 1175 596 rece·

265 619 345 759 perit
371 616 526 692 Christus,
562 635 616 696 pro
654 619 699 677 eis
731 637 854 697 quoque
891 616 1056 680 satisfecit.
1105 617 1176 679 Sicut
1207 678 1210 684 ,

294 701 348 762 sei.
371 701 420 762 53.
442 701 498 759 ait:
522 699 627 759 Posuit
638 700 789 761 Dominus
811 702 843 760 in
866 720 904 761 eo
928 702 1106 780 iniquitates
1125 720 1177 761 orn

265 783 519 852 niumnostrum.
562 781 603 842 Et
625 787 652 844 l.
674 783 739 844 Pet.
762 786 797 845 2:
826 784 897 863 lpse
924 785 958 843 in
980 801 1039 844 suo
1063 802 1178 862 corpore

266 873 373 924 nostra
394 874 522 943 peccata
544 865 668 942 pertulit
697 867 727 931 in
756 866 843 946 ligno
867 868 978 927 crucis.
1023 865 1065 925 Et
1080 866 1178 926 Paulus

266 949 296 1010 2.
319 946 453 1007 Corinth.
477 952 511 1011 5:
532 946 628 1024 Eum,
657 950 708 1026 qni
735 956 897 1027 peccatum
923 968 988 1009 non
1011 949 1112 1026 novit,
1131 969 1178 1027 pro

267 1028 355 1089 nobis
367 1029 451 1089 Deus
473 1038 633 1109 peccatum
656 1031 738 1109 fecit,
761 1037 794 1092 ut
815 1050 873 1091 nos
892 1031 1089 1092 efficeremur
1109 1032 1179 1091 iusti-

266 1113 309 1171 tia
331 1112 388 1171 Dei
411 1112 581 1190 perillum.

348 1191 471 1266 Quanto
493 1196 584 1273 igitur
611 1196 710 1275 magis
739 1203 769 1256 te
796 1205 849 1257 tua
870 1197 1068 1256 conscientia
1088 1214 1180 1256 exeru-

266 1277 343 1353 ciut,
367 1284 451 1336 tanto
474 1285 506 1336 tu
527 1275 643 1336 firmius
665 1296 702 1337 ec
723 1280 914 1338 constantius
937 1279 986 1338 his
1009 1287 1103 1356 atque
1123 1279 1180 1337 eliis

266 1357 413 1418 similibus
436 1362 596 1419 sententiis
617 1361 757 1420 inniteris
779 1380 816 1420 ao
838 1362 959 1423 credas.
988 1361 1070 1421 Natu
1091 1362 1115 1420 si
1136 1381 1181 1439 per

266 1443 481 1501 contritionem
505 1451 587 1501 tuam
612 1450 643 1502 et
655 1444 880 1503 satisfactiones
902 1443 1017 1503 sedare
1035 1444 1180 1504 conscien-

266 1525 340 1583 tiam
362 1531 472 1602 tentes,
496 1544 650 1603 nunquam
673 1530 774 1586 certus
798 1529 872 1602 eris,
897 1525 955 1586 sed
977 1533 1126 1606 perpetuo
1147 1525 1181 1584 ls-

267 1606 342 1666 bore
371 1606 554 1683 exhaustus,
588 1607 712 1679 taudem
741 1610 833 1668 etiam
862 1608 901 1668 ad
939 1601 1199 1689 desperationem

266 1687 408 1769 sdigeris.
705 1739 710 1747 .
1167 1695 1169 1699 '

348 1772 453 1850 Neque
476 1773 666 1832 conscientia
685 1775 855 1834 consistere
874 1780 992 1854 potest,
1016 1793 1086 1834 cum
1108 1771 1179 1832 videt

266 1861 446 1932 peecatum,
485 1854 576 1933 quale
603 1855 634 1914 in
657 1876 692 1916 ss
722 1864 783 1934 est,
818 1858 963 1937 agnoscit
991 1857 1076 1916 enim
1097 1856 1178 1934 longe

267 1939 413 1997 maiorem
437 1938 498 1996 vim
521 1940 641 2017 peccati
664 1958 748 2015 esse,
782 1958 873 2017 quam
904 1949 938 1998 ut
960 1947 1089 1999 nostrae
1110 1939 1177 1997 vires

265 2020 344 2079 ferre
370 2021 498 2098 possint.
553 2020 605 2079 Sin
638 2030 739 2081 autem
770 2022 880 2082 viderit
909 2024 1056 2082 coniecta
1088 2022 1177 2081 omnic

267 2103 403 2163 omnium
432 2113 561 2181 peccata
595 2102 819 2182 inebriatum,
851 2114 882 2164 et
911 2125 968 2184 per
1003 2111 1129 2165 mortem
1152 2111 1176 2162 et

265 2186 519 2245 resurrectionem
558 2185 722 2247 crediderit
759 2207 796 2247 ea
829 2188 929 2264 victa,
970 2196 1036 2247 tum
1071 2187 1174 2260 sentiet

265 2286 357 2347 quam
390 2268 474 2327 nulla
510 2269 541 2326 in
575 2275 704 2346 peceato
740 2271 786 2329 vis
821 2272 869 2331 sit.
917 2268 1173 2344 Quemadmodum
1213 2322 1214 2343 ¹

265 2353 345 2411 enim
368 2351 574 2429 nollensque
598 2352 768 2425 vulnerum,
792 2372 892 2431 neque
916 2353 1036 2413 doloris
1060 2352 1173 2431 vestigio
1213 2382 1214 2403 i

264 2435 395 2514 amplius
416 2434 446 2492 in
471 2451 600 2512 corpore
613 2434 726 2494 Christi
747 2435 884 2514 haerent,
907 2437 953 2496 sic
969 2442 1099 2517 peccata
1112 2453 1171 2513 quo·
1213 2448 1214 2517 q

265 2536 325 2597 que
347 2517 451 2577 omnia
473 2535 528 2575 ceu
551 2517 650 2575 fumus
673 2527 872 2579 evanuerunt.
1213 2526 1214 2571 f

347 2601 449 2677 Atque
491 2601 535 2658 sic
567 2599 596 2660 S.
625 2599 780 2682 Paulus*)
822 2620 946 2680 quoque
978 2600 1069 2678 dicit,
1103 2597 1170 2678 quod

265 2682 402 2749 Christus
424 2690 550 2761 propter
572 2689 677 2743 nostra
699 2690 827 2761 peccata
848 2685 888 2744 sit
909 2693 1063 2760 mortuus,
1090 2702 1170 2743 resur·

256 2767 376 2835 ,rexerit
406 2772 507 2824 autern
537 2773 663 2844 propter
690 2765 939 2827 iustificationem
967 2768 1076 2828 nostri.
1115 2765 1171 2824 Hoc

265 2855 326 2926 est,
359 2849 462 2927 passio
493 2848 604 2908 Christi
633 2855 739 2909 nostra
773 2850 861 2909 nobis
891 2850 1029 2910 ostendit
1059 2855 1171 2929 peccate

264 2931 370 3008 sicque
405 2950 444 2989 ea
466 2930 562 3009 tollit,
596 2950 664 3010 per,
679 2933 935 2992 resurrectionem
964 2938 1069 2991 autem
1089 2932 1169 3010 ipsius

262 3012 477 3090 iustificamur,
507 3021 539 3073 et
567 3014 605 3074 ab
633 3015 776 3074 omnibus
797 3015 934 3094 peccatis
957 3015 1131 3090 liberamur,
1150 3013 1189 3072 si'

263 3095 356 3156 modo
379 3096 549 3159 credamus.
701 3149 703 3154 .
1093 3105 1095 3110 '
1194 3098 1197 3103 ’

345 3177 601 3257 Quartodecimo,
637 3181 684 3240 sin
718 3188 819 3241 autem
853 3180 1024 3240 sentiemus
1047 3185 1170 3239 nostram

195 3324 199 3328 ,
261 3262 517 3337 incredulitatem,
540 3262 622 3340 quod
644 3282 707 3323 non
728 3265 881 3341 possimus
905 3262 996 3323 nohis
1011 3270 1095 3322 certo
1116 3280 1171 3340 per·

262 3345 392 3405 suadere
413 3347 473 3406 ista
494 3346 538 3403 sie
560 3365 644 3422 esse,
676 3346 794 3423 reliqua
816 3348 916 3406 oratio
948 3354 1011 3422 est,
1048 3353 1080 3404 ut
1110 3350 1171 3402 ante

262 3430 451 3505 monuimus,
474 3427 512 3486 sd
536 3447 626 3505 quam
650 3429 881 3509 confugiemus,
912 3447 984 3487 nam
1006 3434 1039 3488 et
1059 3428 1116 3487 hoc
1136 3434 1171 3484 to-

261 3516 325 3570 tum
348 3513 378 3570 in
401 3530 492 3570 manu
515 3511 571 3570 Dei
594 3521 656 3590 est,
692 3518 723 3571 et
744 3509 1002 3590 quemadmodum
1032 3527 1119 3590 supra
1139 3508 1172 3567 de

261 3595 407 3673 passione
429 3593 508 3670 dixi,
540 3595 583 3653 ita
611 3601 642 3654 et
662 3594 723 3654 hoc
744 3595 826 3672 aliis,
855 3603 887 3655 ut
909 3593 1072 3653 manifeste
1092 3592 1171 3651 senti·

261 3683 330 3754 ant,
363 3676 429 3735 aliis
465 3676 586 3736 occulte
614 3676 756 3738 donetur.
799 3677 877 3738 Sunt
905 3683 1009 3737 autem
1032 3674 1170 3756 quaedem

257 3760 337 3840 viae,
362 3760 475 3844 quibus
498 3759 644 3822 adhunc
662 3758 762 3818 hdem
779 3777 841 3818 nos
856 3760 1039 3817 inritamus.

326 3909 361 3982 *)
386 3900 478 3965 Rom.
496 3905 528 3962 4.
