2709 4417
221 360 284 431 156
449 361 605 430 Disputatio
624 361 732 430 Lipdu
749 361 845 421 babitu
862 377 888 415 a.
911 359 963 413 tlx

223 549 438 629 blasphemant
447 547 555 625 Deum,
578 548 652 618 saio,
675 548 730 609 sad
753 547 837 628 quod
860 548 932 609 ideo
953 546 1059 607 subtus
1076 555 1122 609 ter

222 651 286 693 ram
308 631 459 712 signitioet
479 632 701 714 purgatorium,
723 634 755 692 in
777 651 838 711 quo
861 637 988 691 eantent
1008 631 1123 709 animoa,

222 735 283 775 non
307 716 451 794 sequitur.
476 714 618 788 Primum,
641 716 723 794 quod
745 721 817 775 sunt
837 712 1124 775 in'tribulatiouibut

221 804 253 859 at
273 799 392 878 poenis,
414 798 544 857 necdum
566 796 709 858 abstersit
727 798 812 858 Deus
836 816 959 859 omnem
982 796 1123 858 laminam

221 880 261 943 ab
282 881 380 943 oeulis
402 898 516 941 eorum.
538 881 576 940 D.
598 880 635 941 D.
663 888 765 941 autem
795 886 891 960 negat
922 885 1047 940 oantms
1066 898 1123 941 assa

220 964 251 1025 in
274 963 520 1025 tribulationibus
543 963 667 1025 laudare
681 965 789 1026 Deum.
811 963 888 1024 ldeo
910 969 1019 1024 eontra
1039 982 1071 1024 se
1088 964 1123 1044 io

221 1067 288 1109 sum
311 1047 454 1126 loquitur,
476 1046 547 1106 dum
570 1047 676 1108 subtus
698 1056 807 1108 terram
829 1047 860 1106 in
874 1046 1053 1127 purgatorio
1071 1046 1124 1107 lau·

220 1129 291 1191 dom
313 1130 400 1210 ponit
421 1129 509 1190 simul
532 1136 563 1189 et
586 1149 715 1210 poenas,
738 1131 768 1189 in
791 1129 901 1208 quibus
917 1149 981 1189 non
1003 1128 1123 1191 laudent

219 1212 309 1294 Nego
331 1220 433 1273 autem
462 1219 492 1273 st
515 1231 597 1292 ego,
628 1212 711 1292 quod
739 1214 861 1287 rrnimae
897 1211 970 1273 ideo
1004 1217 1124 1289 cantent,

190 1298 293 1375 ,quia
312 1296 428 1356 habent
449 1296 649 1356 oertissimum
674 1297 795 1375 signum
819 1294 1027 1356 beatitudinis.
1067 1295 1124 1356 lloo

221 1381 302 1439 anim
324 1381 443 1458 signum
467 1380 666 1439 certissimum
689 1379 746 1439 fuit
767 1378 971 1458 probandum.
1017 1377 1124 1439 Daiudo

221 1481 291 1542 ogo,
314 1461 370 1521 sub
392 1470 522 1538 terram,
557 1481 620 1521 non
643 1460 705 1521 dixi
730 1460 904 1543 significare
926 1461 1027 1521 solum
1046 1461 1123 1520 inter·

220 1565 303 1620 uum,
326 1545 380 1605 sed
394 1552 426 1606 et
438 1546 507 1622 alia,
530 1563 729 1623 quaeeunque
749 1544 898 1605 subterra
918 1545 1049 1621 sunt,'in
1070 1544 1122 1623 qui·

218 1627 275 1688 bns
298 1628 441 1690 omnibus
464 1628 529 1688 laus
551 1627 608 1687 Dei
638 1627 792 1705 abundat,
829 1629 933 1688 omnia
955 1629 1038 1687 enim
1060 1633 1122 1686 sunt

219 1710 313 1790 plena
333 1711 432 1790 gloria
454 1718 485 1771 st
505 1709 596 1771 laude
607 1710 674 1789 Dei,
696 1713 748 1790 qui
770 1709 932 1780 laudabilis
954 1716 1004 1771 est
1022 1711 1053 1769 in
1069 1727 1120 1776 om·

220 1792 307 1853 nibus
326 1794 469 1874 operibus
491 1795 563 1854 suis.
587 1792 731 1872 Alioquin
754 1793 936 1874 oportetD.
960 1793 1049 1854 Doot.
1068 1810 1120 1853 non

219 1875 320 1936 solum
347 1877 553 1957 purgatorium
581 1895 636 1955 per
672 1876 779 1936 subtus
813 1883 924 1936 terram
953 1874 1140 1955 intelligam.

218 1958 273 2019 sad
297 1958 386 2020 etiam
410 1959 534 2038 aliquod
558 1966 707 2036 quartum,
729 1979 785 2038 per
806 1958 912 2019 subtus
934 1977 1038 2035 mars,
1063 1976 1118 2018 oum
1149 2002 1152 2015 .

219 2041 329 2102 eodem
351 2042 480 2122 Apooal.
502 2046 532 2106 5.
556 2043 646 2102 stiam
670 2042 776 2101 subtus
799 2060 883 2102 mars
905 2043 1064 2118 recitetur,
1094 2048 1118 2101 et
1147 2040 1152 2091 Ξ

219 2125 338 2202 omnia,
369 2144 448 2204 quae
477 2125 570 2184 ineo
598 2130 676 2183 sunt.
719 2125 844 2184 Reatius
875 2143 950 2205 ergo
981 2131 1116 2184 uenum
1139 2136 1152 2153 ’-

219 2225 327 2267 omnes
370 2207 431 2268 hoo
467 2208 661 2286 quaternario
708 2206 908 2288 intelligimus
937 2205 1115 2286 signillatim,
1147 2222 1152 2241 ¹

219 2307 379 2369 quamsea,
402 2309 480 2371 quae
501 2290 538 2351 D.
560 2289 671 2349 Dooius
694 2291 886 2371 imaginatur.
1046 2306 1048 2311 ·

302 2368 391 2446 Quod
423 2380 524 2434 autem
552 2373 584 2432 in
614 2372 861 2434 tribulationibus
889 2371 1017 2439 laudare
1035 2371 1115 2431 Deum

217 2455 257 2513 sit
277 2462 412 2531 eantare,
435 2455 532 2535 probo
556 2475 618 2515 non
642 2475 710 2525 esse
732 2475 751 2516 a
773 2475 822 2515 me
845 2455 961 2531 fiotum,
985 2461 1018 2514 ut
1036 2454 1069 2514 D.
1087 2453 1115 2513 D.

218 2534 301 2610 dicit,
324 2539 531 2617 quiaRoman.
553 2543 581 2602 5.
605 2537 693 2599 dicit:
715 2538 892 2599 Gloriamur
912 2540 944 2597 in
968 2536 1116 2598 tribulatio·

219 2618 317 2696 nibus,
339 2628 371 2681 et
391 2622 470 2691 Psal.
492 2623 548 2684 42:
571 2621 605 2681 ln
626 2621 676 2680 dis
697 2622 853 2681 mandavit
873 2622 1023 2681 Dominus
1045 2621 1117 2679 miss

213 2702 381 2763 -rioordiam
403 2724 510 2778 suain,
544 2711 575 2764 et
597 2710 689 2764 noote
715 2704 762 2779 (id
785 2711 846 2780 est,
869 2703 1064 2763 tribulatione
1083 2700 1116 2780 ¹),

219 2785 370 2846 oantioum
394 2788 468 2864 sius,
491 2794 522 2847 et
542 2785 651 2847 Jacob.
674 2790 707 2850 5:
742 2787 892 2847 Tristatur
912 2786 1038 2865 aliquis,
1065 2790 1119 2845 oret

218 2884 318 2947 aequo
340 2871 462 2947 animo,
497 2876 528 2929 et
547 2869 677 2949 psallat3
698 2869 788 2930 item:
824 2868 1120 2929 BenedioamDomi·

217 2971 290 3011 num
305 2953 335 3011 in
351 2955 433 3012 omni
456 2960 604 3032 tempore.
627 2951 729 3029 Omni,
743 2953 857 3032 inquit,
871 2959 1020 3032 tempore,
1042 2952 1120 3010 etiam

217 3033 358 3099 adverso.
383 3037 499 3096 Contra
516 3035 775 3114 vituperaturille‚
798 3035 837 3095 de
859 3053 921 3114 quo
936 3034 1031 3095 Psal:
1053 3034 1121 3096 Gon·

218 3116 352 3178 litabitur
374 3117 437 3194 tibi,
460 3137 528 3178 oum
543 3117 731 3178 benelsoeris
753 3118 792 3179 ei.
815 3118 928 3178 Fateor
949 3124 1051 3177 autem
1071 3117 1122 3176 boo

219 3219 267 3260 me
290 3219 356 3261 non·
375 3201 490 3261 dixisse
512 3201 551 3260 de
572 3200 725 3261 damnatis
747 3201 854 3261 subtus
876 3207 1004 3277 terram,
1027 3198 1077 3260 sed
1097 3205 1122 3257 ut

217 3283 412 3344 exoludersm
435 3285 617 3344 sententiam
647 3284 683 3346 D.
706 3285 744 3344 D.
765 3284 920 3361 volentis,
954 3282 1037 3362 quod
1064 3300 1122 3343 oan-

218 3372 282 3426 tare
305 3368 344 3426 sit
366 3374 480 3427 tantum
504 3367 546 3427 de
563 3367 760 3428 beatitudinis
782 3367 946 3427 securitate
974 3367 1006 3425 in
1027 3383 1122 3446 purgu-

219 3451 309 3510 torio.
1009 3480 1011 3487 ·

299 3533 345 3592 De
374 3551 494 3593 canons
526 3533 637 3593 missas
665 3551 728 3593 non
758 3541 805 3592 est
832 3538 1019 3609 eontentio,
1052 3527 1121 3609 quod

218 3614 355 3676 dormire.
373 3617 403 3675 in
426 3635 503 3695 paee
518 3615 557 3675 ad
580 3633 691 3694 oorpns
706 3615 807 3692 retuli,
829 3616 900 3694 qnia
922 3614 997 3674 diait
1019 3630 1120 3674 oanon:

214 3791 422 3802 *Qu—.—
427 3796 443 3801 ..
449 3794 549 3801 ..η-σ
554 3792 639 3799 ---
645 3793 648 3796 ·

227 3884 262 3954 1)
285 3887 318 3943 In
341 3886 389 3944 sd.
409 3888 479 3944 den.
498 3892 531 3942 et
552 3880 633 3956 apud
650 3881 794 3935 uaesano.
820 3838 1071 3923 ruodmannus.
