2709 4417
258 343 324 411 ²9⁸
486 347 946 419 mosomense„

262 542 396 611 queant,
434 533 485 610 qui
513 533 770 595 invetentissima
796 535 859 595 iam
880 533 933 594 diu
955 531 1162 594 conmanunt

262 612 836 779 calmontana*
857 618 975 762 tr
991 614 1162 759 itta

262 781 420 840 veritatem
444 780 667 857 obdumernnt,
701 784 824 861 suisque
852 780 1051 862 opinionibus
1073 779 1161 841 obsur-

261 862 406 937 doerunt,
438 865 545 924 utrix
575 865 711 926 oaduceo
738 864 843 925 divino
875 865 1022 946 quopiam
1052 864 1160 924 exaitan‘

260 965 355 1027 pesae
376 945 545 1008 videantm.
1050 980 1055 988 ·

343 1029 385 1090 Ut
410 1028 442 1088 id
469 1040 604 1107 tecam,
638 1049 730 1109 quam
769 1029 966 1090 intolerabile
996 1029 1037 1088 sit
1070 1028 1160 1090 laritar

259 1131 389 1192 urguere
410 1131 476 1189 eoa,
497 1114 549 1191 qni
570 1133 589 1172 e
606 1114 726 1192 templo
740 1114 798 1173 Dei
819 1113 1001 1192 speluncam
1025 1111 1157 1172 latronnn

259 1195 396 1256 lecerunt
416 1204 449 1255 et
469 1215 487 1256 e
507 1195 664 1275 Scriptura
680 1196 738 1256 Dei
760 1199 917 1277 negotium
941 1195 1106 1271 homiuum,
1119 1195 1159 1256 ab

261 1280 480 1339 ominationem
510 1299 578 1339 eam
600 1279 710 1339 eloco
733 1286 841 1340 sancto
863 1286 896 1340 et
916 1278 1054 1339 Christus
1074 1276 1160 1357 flagel-

260 1361 299 1420 lis
319 1361 446 1441 pepulit,
467 1370 499 1422 et
518 1361 630 1422 Paulus
651 1361 727 1422 dure
747 1361 957 1441 increpandos
979 1361 1097 1421 censuit
1112 1359 1159 1421 bos

259 1445 450 1522 vaniloquos.
472 1444 552 1504 Nam
571 1443 602 1504 id
625 1449 795 1525 eoguntur,
821 1444 929 1524 velint,
952 1443 1063 1522 nolint,
1083 1442 1159 1503 conb-

261 1529 335 1603 teri,
365 1546 470 1588 sacras
499 1527 606 1589 literas
635 1529 751 1607 passim
772 1529 803 1588 in
825 1527 1051 1589 universalibus
1071 1525 1159 1586 studiis
1212 1576 1214 1605 ,

259 1609 354 1670 finisse
383 1610 544 1690 neglectas
575 1611 718 1690 penitus,
754 1613 948 1691 quantumvis
974 1629 1044 1671 sese
1065 1611 1162 1669 iactent

260 1692 435 1772 Scripturas
465 1692 638 1773 intelligere
667 1694 842 1775 religiosius
880 1694 1016 1755 humano
1050 1692 1162 1753 aliorum

261 1795 366 1849 sensu,
388 1794 480 1855 quarn
503 1776 623 1837 illarum
646 1779 782 1858 proprio.
826 1777 895 1858 Ego
919 1775 1078 1837 mihinolo
1098 1775 1164 1834 hana

263 1860 382 1920 canteri
409 1859 615 1936 cantilenam,
645 1880 704 1921 nec
732 1860 875 1921 saltitabo
911 1858 951 1919 ad
979 1877 1058 1918 aaut
1097 1856 1163 1917 volo

262 1961 324 2001 non
339 1941 441 2002 iudice
456 1942 590 2003 humano
612 1943 661 2004 tlie
675 1943 870 2023 Scriptorum,
893 1941 949 2003 aed
960 1941 1112 2020 Scriptura
1126 1940 1165 1998 iu·

262 2023 330 2084 dice
345 2025 650 2087 omnium'hominum
665 2026 789 2105 scripta,
802 2024 894 2103 dieta,
906 2024 989 2084 laeta
1000 2022 1166 2102 intelligere.

345 2109 521 2185 Postremo,
552 2110 692 2169 omnium
713 2109 873 2168 cuminum
893 2107 1020 2168 nomina
1046 2103 1169 2165 modeste

262 2197 294 2249 et
314 2191 466 2268 patienter
480 2191 595 2267 tulisse,
626 2192 694 2251 laus
716 2199 790 2250 esto.
835 2188 884 2250 Ad
896 2189 1030 2268 spolium
1053 2187 1170 2247 nominis

263 2272 435 2349 Christiani,
447 2275 585 2352 rapinam
607 2275 726 2354 gloriae
736 2273 804 2344 Dei,
822 2272 1060 2352 abnegationem
1075 2268 1171 2328 christi

264 2354 364 2436 (quod
396 2356 578 2431 moliuntur,
609 2358 660 2435 qui
688 2357 873 2416 haereticum
896 2361 959 2414 tam
985 2351 1077 2413 facile
1095 2370 1189 2430 quam,

262 2448 377 2498 temere
406 2439 628 2519 pronunciant)
652 2440 832 2519 agnovisse,
861 2455 899 2497 aa
918 2455 989 2496 non
1012 2435 1114 2515 potius
1133 2453 1174 2493 us·

261 2540 321 2663 qqtp
342 2520 381 2581 ad
404 2522 583 2601 sanguinem
604 2521 745 2583 omnibus
766 2519 879 2582 viribus
900 2520 1095 2595 reclamasse,
1114 2535 1175 2577 ana-

261 2611 272 2662 t
314 2623 364 2663 ma
385 2605 433 2664 ait.

347 2685 489 2763 Proinde,
512 2689 562 2765 qui
586 2707 636 2748 me
657 2689 825 2769 patientem
849 2684 1034 2762 desiderant,
1056 2683 1176 2763 primum

262 2769 326 2828 alio
350 2786 442 2848 quam
472 2771 645 2846 haeretico,
673 2769 792 2850 perfido
814 2776 846 2830 et
867 2770 1041 2849 apostatico
1064 2767 1179 2826 nomine

261 2852 477 2913 criminentur:
499 2861 562 2930 aut,
583 2853 666 2933 quod
690 2853 813 2929 debant,
834 2852 927 2912 talem
949 2870 999 2910 mc
1021 2868 1092 2910 essa
1105 2849 1178 2927 prius

261 2935 455 2998 convincant.
510 2937 619 3016 Neque
653 2937 736 2996 enim
778 2935 850 2995 mibi
885 2933 1047 2993 retaliasse
1081 2931 1181 2992 videor

261 3036 447 3096 quemquam
480 3019 583 3079 talium
608 3020 856 3095 criminatorum,
885 3016 1006 3077 etiamsi
1034 3015 1181 3075 sexcentis

262 3101 437 3162 nominibus
468 3102 556 3162 malis
579 3121 635 3163 eos
657 3120 845 3162 onerassem.
886 3099 1030 3160 Haeresis
1047 3099 1128 3158 enim
1149 3098 1181 3157 si-

261 3184 345 3244 milia
367 3184 422 3243 sibi
453 3193 589 3245 monstra
618 3204 681 3244 non
708 3183 816 3260 habet,
853 3201 920 3242 cum
951 3182 991 3241 sit
1024 3188 1181 3260 peccatum

260 3268 292 3326 in
329 3268 466 3347 spiritum
499 3275 647 3328 sanctum.
690 3265 882 3345 Quamquam
909 3265 1024 3325 intutus
1053 3265 1183 3324 omnium

260 3349 444 3411 Sanotorum
467 3351 620 3430 exempla,
643 3357 673 3410 et
685 3351 886 3430 impotentem
900 3346 1023 3408 illorum
1041 3346 1183 3419 animum,

258 3434 310 3513 qui
332 3439 395 3492 tam
419 3433 541 3493 celebre
581 3433 642 3494 hoc
670 3434 784 3493 crimen
814 3431 942 3508 iaciunt,
974 3446 1078 3508 paene
1116 3427 1184 3488 mihi

260 3514 443 3596 persuade0,
467 3535 528 3576 non
551 3517 651 3575 minus
666 3515 823 3576 ferendum
837 3531 906 3575 esse
918 3510 1076 3589 haeretiei,
1098 3529 1184 3590 quam

261 3599 408 3678 cuiusque
418 3599 482 3659 vitii
497 3598 709 3678 opprobrium:
727 3597 850 3678 quando
864 3603 895 3657 et
907 3595 1061 3656 Christum
1075 3593 1186 3654 habere

263 3681 460 3742 daemonium
483 3680 586 3741 ludaei
616 3681 825 3758 insaniebant,
854 3678 1035 3756 obsequium
1057 3676 1126 3737 Deo
1156 3695 1213 3736 se-

251 3770 418 3850 praestare
441 3763 592 3828 arbitrati.

339 3853 457 3918 Verum
471 3900 481 3936 ,
511 3855 587 3917 utut
607 3849 672 3927 sit,
689 3845 810 3908 nullius
824 3852 966 3920 pansant
979 3851 1125 3908 unquam
1138 3835 1215 3890 ὼ
