2709 4417
394 371 453 425 suis
474 372 577 441 lipsiae
596 371 744 441 disputatis
764 390 788 428 a.
808 372 882 429 XIX·
1003 352 1005 357 Ι
1034 373 1095 444 261

189 572 209 611 >r
224 572 414 633 peoosmuv,
435 554 735 631 dumbeneiuoimus,
757 557 1025 643 linetqusndoque
1042 563 1093 621 mi·

189 655 225 712 ts,
247 636 446 718 quandoque
468 640 575 722 magis,
599 639 768 701 seeundum
791 640 875 721 quod
897 661 970 702 osro
992 645 1094 704 minus

189 719 253 779 erit
283 721 465 800 importune
486 742 555 782 oum
578 723 640 783 suis
662 722 825 785 immundis
847 722 1017 786 desideriis.

242 801 335 863 Haeo
363 823 439 885 ergo
462 810 641 882 estonum,
679 825 775 884 quare
795 826 860 867 non
882 808 922 866 sit
942 808 1039 869 iustus
1062 810 1092 868 in

189 904 260 964 rra,
291 887 344 965 qui
374 886 467 948 looist
493 887 573 949 bene
613 895 645 949 et
673 908 737 949 non
764 896 887 968 peooet‚
923 900 970 951 est
991 899 1091 951 sutem

189 967 233 1027 lis
255 969 357 1029 iustus
379 969 478 1031 solum
501 971 534 1032 in
555 970 656 1033 ooelo.
701 971 776 1033 Cum
789 979 891 1032 eutem
909 972 1004 1034 homo
1026 975 1092 1034 siue

189 1057 221 1111 ta
243 1051 409 1113 uoluntate
432 1072 495 1114 non
518 1055 575 1133 sit,
611 1072 669 1114 neo
697 1055 763 1115 siue
784 1074 822 1114 eu
845 1063 1007 1134 operetur,
1037 1075 1092 1136 per

189 1152 223 1194 no
245 1153 307 1194 neo
330 1137 398 1196 sine
418 1143 549 1217 peoosto
565 1137 596 1196 in
619 1155 714 1217 opere
729 1136 812 1198 bono
835 1139 901 1198 erit
924 1136 1090 1212 Quomodo

189 1217 245 1276 rim
269 1219 338 1278 sine
359 1237 396 1279 es
418 1221 538 1298 operari
561 1226 679 1298 potest,
710 1221 761 1298 qui
784 1221 850 1279 sine
871 1239 911 1279 eo
931 1222 1036 1281 vivere
1059 1229 1091 1283 et

189 1318 233 1360 sse
246 1306 312 1360 non
326 1301 449 1379 potest?
470 1300 571 1376 Quare
581 1302 677 1362 iustus
691 1310 739 1363 est
751 1301 835 1362 velut
855 1303 1088 1364 instrumentum

189 1401 324 1443 irrosum
337 1381 486 1463 rubigine,
510 1384 591 1463 quod
603 1385 688 1445 Deus
711 1386 846 1466 suscepit
858 1385 1088 1464 expoliendum,

189 1464 257 1542 uod,
281 1464 333 1525 ubi
356 1484 514 1527 corrosum
537 1477 593 1544 est,
617 1467 698 1528 mole
719 1478 815 1545 seoot,
836 1467 938 1528 doneo
952 1469 1089 1548 perfecte

193 1548 408 1626 texpolitrrm.

246 1629 362 1704 Quinto
377 1633 418 1709 ¹),
432 1629 472 1690 od
483 1631 544 1691 hoo
565 1632 648 1691 velet
659 1631 712 1692 illo
725 1632 872 1711 parabola
886 1631 1004 1709 (Lucae
1021 1638 1085 1706 10.)

189 1713 358 1791 emorituni,
382 1715 433 1792 qui
456 1714 605 1774 semivivo
620 1713 769 1790 homini2)
793 1715 894 1776 infuso
908 1714 1085 1776 vulneribus

189 1794 233 1856 leo
258 1803 290 1856 et
310 1797 384 1856 vino
398 1795 537 1876 alligavit
558 1796 682 1876 quidem
704 1796 842 1874 vulnera,
864 1796 919 1858 sed
939 1798 1084 1878 numquid

189 1898 236 1939 lox
260 1878 404 1938 sanavit?
426 1899 499 1956 non,
522 1879 576 1939 sed
599 1899 702 1940 ourom
726 1881 792 1939 eius
805 1881 961 1942 commisit
981 1881 1086 1941 stabu-

189 1961 255 2038 irio,
278 1960 380 2021 doneo
400 1961 522 2024 rediret.
566 1960 673 2041 ltaque
695 1962 828 2022 eoolesio
850 1962 1002 2024 stabulum
1026 1972 1083 2038 est,

189 2064 196 2102 1
227 2063 289 2122 quo
322 2051 451 2124 uooepta
472 2045 572 2124 gretie
602 2042 747 2125 baptismi
779 2045 916 2124 quotidie
944 2066 1084 2107 oursmur

202 2127 348 2206 pensatis,
371 2134 402 2186 et
425 2136 637 2206 operanostrn
656 2128 820 2205 taliusunt,
842 2128 945 2208 qualis
966 2148 1082 2202 eorum,

190 2209 214 2269 ui
236 2210 388 2288 inoipiunt
409 2211 521 2284 sonori,
559 2211 657 2270 sanati
692 2218 794 2270 nutem
829 2210 965 2271 nondum
993 2220 1083 2290 sunt3

189 2289 277 2373 uio³)
302 2298 399 2372 putet,
421 2291 504 2370 quod
526 2294 588 2353 sint
609 2293 719 2372 psrtim
737 2311 839 2372 segra,
864 2294 972 2374 partim
995 2312 1081 2372 sunu,

189 2373 288 2433 tultum
311 2373 351 2436 ob
374 2374 422 2434 his
445 2373 600 2449 distentio,
622 2395 702 2454 quoe
718 2376 784 2435 soni
799 2376 935 2455 perfeote
957 2375 1081 2437 iaciunt.

189 2455 233 2517 ide
256 2455 400 2517 Christus¹
416 2457 522 2520 Motth.
545 2463 574 2522 7.
597 2458 759 2538 apostolos
786 2458 879 2538 plene
911 2459 1009 2520 malos
1031 2478 1082 2538 up-

189 2539 263 2616 sllot,
287 2538 413 2599 dioens:
436 2540 500 2600 Vos
513 2559 582 2603 oum
605 2542 670 2600 sitis
683 2539 768 2617 moli,
793 2542 890 2601 nostis
916 2540 1081 2602 bonadsts

189 2641 233 2695 ire
255 2621 327 2681 liliis
350 2623 469 2684 vestris.
512 2622 543 2684 Si
563 2630 666 2684 nutem
689 2632 760 2683 suut
780 2623 868 2696 mali,
904 2623 1083 2684 inmutabit

189 2703 300 2764 usdem
317 2704 442 2765 Domini
465 2707 627 2766 sententio.
671 2705 773 2765 Arbor
790 2706 871 2765 molo
893 2725 954 2765 nou
978 2713 1082 2785 potest

189 2795 274 2847 uotus
298 2786 398 2847 bonos
411 2788 521 2863 iecere,
544 2795 575 2849 et
596 2789 840 2849 tontumfsoiunt
860 2788 973 2866 bonos,
988 2809 1081 2866 qrran·

192 2889 222 2928 m
247 2877 320 2930 sunt
341 2869 432 2930 orbor
455 2870 548 2950 bons,
570 2879 601 2931 et
622 2879 758 2932 eoontro.

241 2951 333 3028 Quod
356 2958 458 3013 autem
471 2953 549 3014 hsee
563 2951 765 3033 intelligentis
782 2960 835 3014 aut
846 2971 917 3012 usus
933 2951 1078 3032 loquendi

189 3035 239 3094 »ud
262 3035 430 3116 theologos
452 3037 556 3116 periit,
589 3037 619 3095 in
640 3054 735 3098 oauss
762 3043 827 3110 est,
863 3034 945 3113 quod
967 3034 1080 3096 reliotis

191 3118 254 3179 oris
278 3117 373 3177 literis
388 3127 558 3198 coeperunt
579 3118 617 3179 de
639 3118 686 3177 his
700 3119 791 3178 rebus
814 3117 924 3177 divinis
936 3117 1080 3195 humano,

209 3205 276 3273 est,
295 3199 433 3261 faciliore
459 3205 509 3276 (ut
528 3201 587 3282 ipsi
609 3204 734 3280 putant)
753 3200 846 3261 modo
870 3200 962 3279 loqui,
985 3201 1080 3261 etsie

189 3283 307 3343 iulstim
342 3283 511 3343 omiserunt
548 3294 579 3343 et
612 3302 734 3343 sensum
767 3282 959 3362 Soripturue,
994 3285 1078 3343 ouius

189 3365 253 3426 arba
275 3372 423 3444 tanquam
445 3386 520 3426 vose
537 3365 724 3445 reliquerunt
746 3365 853 3443 simu13
874 3366 934 3445 qui,
958 3386 1024 3424 oum
1047 3368 1077 3424 in

189 3448 313 3529 iptismo
336 3449 448 3508 remitti
472 3450 575 3509 omnio
597 3455 725 3529 peooatu
747 3449 876 3521 seirent,
910 3448 1011 3508 stetim
1035 3449 1077 3507 iu-

190 3531 310 3608 lerunt,
334 3530 449 3590 nullum
470 3531 511 3591 ibi
534 3531 664 3611 relinqui
687 3537 863 3611 pernotum,
897 3528 1076 3608 fornii-emt)

189 3634 219 3674 >n
242 3621 422 3693 pennatum,
445 3614 499 3674 sed
522 3612 745 3689 infirmitatem,
769 3620 876 3675 oontrs
898 3632 1076 3691 expressum

189 3705 276 3755 xtum
297 3695 442 3774 Apostoli
462 3697 675 3781 appellantes,
706 3716 775 3760 oum
798 3703 962 3781 peoootum
981 3699 1081 3758 remit-

189 3814 210 3865 Ἶ
222 3812 263 3890 .Ῑ”
283 3811 346 3864 edd.
362 3800 576 3882 oriffiffl]
594 3821 625 3886 2)
647 3820 740 3879 lbid.:
762 3819 1111 3879 semiuirumluommem.

189 3876 273 3929 “²¹4³
291 3895 373 3948 quoe.
415 3884 447 3948 4)
468 3887 561 3950 ibid-z
586 3895 658 3954 ideo
680 3900 834 3956 inmitem.
