2709 4417
539 343 697 400 sNotariis
715 302 840 412 excepta.
904 423 909 440 Ι
1093 341 1134 409 76

215 551 348 614 operum
370 538 426 610 est,
448 530 532 612 quod
552 539 624 596 sunt
647 532 698 593 vel
712 533 848 594 virtuosa
862 531 1044 608 velvitiosa,
1064 532 1136 611 quia

215 617 242 678 si
264 615 361 677 homo
385 624 432 676 est
453 616 601 692 vitiosus,
630 623 662 678 et
683 618 748 698 agit
768 616 950 695 quidquam,
977 622 1050 675 tunc
1071 616 1137 695 agit

215 698 346 771 vitiose,
367 704 399 758 et
419 700 445 758 si
467 705 515 759 est
537 701 689 761 virtuosus
719 706 750 760 et
772 700 836 780 agit
866 698 1041 778 quidquam,
1062 705 1136 759 tuuc

217 783 283 863 agit
304 782 457 858 virtuose,
480 790 538 843 etc.
563 847 566 854 ,

299 864 363 926 [ste
391 865 551 941 articulus,
579 875 611 935 nt
632 865 802 926 audivimus
835 864 1041 944 praecedente
1063 862 1136 926 heb-

216 946 363 1023 domada,
386 948 585 1029 triumphatus
607 957 724 1029 estper
745 949 901 1028 egregium
925 947 962 1010 D.
985 948 1021 1008 D.
1043 946 1135 1010 Daro-

215 1030 435 1111 lostadium3),
459 1032 510 1110 ita,
534 1039 566 1093 ut
589 1033 730 1112 egregius
753 1032 787 1091 D.
799 1033 834 1093 D.
847 1030 1004 1092 lohannes
1024 1028 1135 1093 Eoeius

217 1121 347 1182 coactus
368 1115 408 1176 sit
429 1114 554 1176 Scotum
577 1122 609 1176 et
624 1114 783 1191 Scotistas,
806 1113 990 1194 capreolum
1013 1114 1136 1176 etho·

216 1198 325 1258 mistas
348 1216 416 1257 cum
442 1199 592 1259 universis
623 1218 698 1260 suae
726 1198 867 1258 factionis
888 1196 1064 1258 doctoribus
1088 1216 1136 1258 ce-

214 1279 401 1342 lebrioribus
423 1281 593 1361 repudiare,
615 1289 647 1342 et
668 1283 698 1342 ei
718 1280 750 1361 ⁴)
775 1281 959 1343 consentire.

300 1363 434 1424 Proinde
456 1383 535 1442 quae
552 1364 616 1424 heri
638 1366 670 1428 in
692 1383 743 1424 me
764 1364 908 1439 evomuit,
930 1361 1013 1442 quod
1035 1381 1135 1423 essem

215 1453 369 1526 patronus
398 1447 604 1508 Bohemorum
617 1494 625 1524 ,
639 1471 645 1481 ¹
658 1446 831 1510 haereticus
860 1446 1136 1525 pestilentissimus,

215 1536 247 1590 et
269 1530 297 1590 si
318 1548 382 1608 qua
402 1530 533 1607 similia,
552 1530 651 1591 refero
673 1532 704 1590 in
731 1530 830 1592 sinum
853 1530 927 1590 eins.
966 1528 1023 1588 llic
1044 1527 1137 1590 sentit

214 1630 285 1674 cum
308 1612 453 1684 iohanne
479 1613 576 1687 Huss,
605 1612 753 1692 quidquid
780 1631 835 1693 pro
863 1630 897 1674 ee
926 1611 1051 1688 dixerit,
1079 1628 1135 1690 pro

217 1715 266 1754 me
290 1702 407 1760 contra
422 1697 487 1756 eius
499 1697 728 1758 criminationes
744 1695 856 1756 dictum
873 1702 927 1756 est.
951 1693 1028 1756 lllnd
1043 1692 1136 1772 addc,

216 1778 303 1857 qnod
339 1788 422 1838 recte
458 1778 521 1839 dixi
556 1779 826 1840 christianissimos
866 1784 897 1838 et
926 1776 1135 1857 evangelicos,

216 1863 401 1940 praesertim
424 1861 524 1921 illum:
552 1862 640 1923 Duae
661 1868 788 1922 naturae
811 1868 869 1921 etc.
902 1859 1004 1934 Quare
1032 1859 1136 1920 debuit

218 1943 293 2004 mihi
313 1942 376 2005 hoc
396 1944 558 2006 admittere
580 1946 722 2026 egregius
743 1945 780 2005 D.
797 1942 950 2022 D.,„quod
971 1961 1028 2021 pro
1050 1961 1135 2002 reve·

214 2027 318 2088 rectia
346 2026 475 2089 Consilii
491 2028 664 2090 ⁴Constant.
692 2027 848 2089 crederem
876 2025 934 2087 hos
962 2033 994 2086 et
1021 2024 1135 2086 similes

213 2109 368 2180 articulos
394 2130 457 2172 non
488 2110 581 2172 fuisse
603 2110 645 2172 ibi
666 2111 846 2188 damnatos,
881 2107 937 2169 sed
969 2107 1133 2187 abaliquo

212 2192 387 2272 impostore
411 2194 600 2256 intersertos.
635 2198 747 2255 Verum
770 2199 878 2253 contm
898 2191 976 2252 haec
997 2209 1067 2251 eum
1090 2187 1133 2270 ip·

213 2284 351 2336 summet
377 2276 541 2338 concilium
569 2276 669 2350 dicat,
702 2276 822 2354 aliquos
851 2293 921 2336 esse
951 2273 1134 2351 haereticos,

213 2357 338 2436 aliquos
361 2377 518 2435 erroneos,
541 2359 661 2439 sliquos
674 2358 883 2438 blasphemos,
899 2356 1019 2435 sliquos
1041 2363 1135 2416 teme-

214 2442 326 2514 rantes,
348 2441 469 2520 aliquos
490 2442 666 2521 seditiosos,
688 2442 808 2520 aliquos
820 2442 937 2520 piarum
950 2439 1068 2499 aurium
1091 2437 1134 2498 ol·
1227 2494 1231 2503 .

215 2523 374 2599 fensivos,
401 2524 507 2586 debuit
528 2526 609 2605 prius
632 2527 773 2606 egregius
795 2524 832 2586 D.
854 2524 890 2585 D.
912 2540 969 2601 pro
991 2540 1047 2582 sua
1066 2540 1134 2599 pru*

215 2606 321 2667 dentia
342 2608 510 2685 quemlibet
531 2609 561 2666 in
585 2627 672 2667 suum
688 2607 826 2668 ordinem
848 2605 997 2686 redigere,
1018 2612 1050 2664 et
1070 2622 1133 2670 uos

215 2695 326 2756 centn
356 2689 642 2752 determinationem
670 2689 795 2752 concilii
827 2707 934 2750 omnes
962 2688 993 2747 in
1016 2688 1134 2747 univer·

215 2791 281 2832 sum
306 2772 479 2834 haereticos
502 2772 658 2849 damnare,
681 2792 758 2852 qnos
781 2772 943 2835 concilium
966 2770 1019 2830 vix
1040 2777 1133 2829 teme·

213 2855 312 2916 rarios
336 2874 407 2916 esse
440 2856 546 2919 voluit.
586 2855 665 2916 Nam
693 2862 796 2936 potest
824 2862 856 2914 et
884 2855 951 2934 ipsa
972 2853 1134 2932 purissime

216 2938 332 2998 veritas
354 2939 548 3014 temeritatis,
571 2939 735 3017 scandali,
757 2937 931 3012 seditionis,
954 2934 1133 2997 offensionis

216 3019 336 3086 aurium
367 3021 521 3099 accusari,
547 3023 626 3082 sicut
648 3022 769 3082 Christo
791 3020 928 3099 contigit.
970 3019 1035 3080 Nec
1060 3017 1132 3079 ideo
1180 3087 1185 3092 ,

214 3101 310 3162 falsus
334 3109 382 3163 est
403 3104 564 3180 articulus,
592 3104 689 3164 multo
720 3105 819 3166 minus
840 3103 1028 3175 haereticus,
1061 3101 1134 3179 quia
1230 3179 1234 3188 Ι

215 3186 395 3252 temerarius
417 3186 467 3246 vel
490 3185 665 3248 offensivus.
695 3186 735 3246 Et
756 3188 800 3246 sic
821 3193 914 3265 patet,
936 3183 1018 3263 quod
1042 3184 1133 3244 nimis

216 3269 455 3346 praecipitanter
477 3276 509 3328 et
531 3268 624 3349 longe
660 3270 736 3329 citra
763 3268 944 3329 modestiam
967 3267 1133 3328 Eccianam

215 3348 388 3410 haereticus
410 3358 572 3414 accusatus
594 3372 671 3428 sum,
694 3371 784 3430 quem
807 3352 944 3412 fortassis
966 3352 1018 3410 vix
1040 3348 1133 3410 offen·

214 3433 311 3492 sivum
334 3435 449 3512 poterit
468 3433 609 3512 probare,
631 3435 693 3494 imo
717 3454 785 3495 cum
807 3434 846 3495 ad
869 3452 937 3512 eum
958 3451 1019 3493 uon
1043 3432 1133 3512 perti-

215 3525 287 3576 neat
309 3534 434 3595 prorsus
457 3515 496 3575 de
517 3516 652 3580 articulis
674 3518 740 3579 istis
763 3518 906 3596 iudicare,
929 3518 979 3595 qui
1001 3515 1132 3595 erronei,

239 3688 476 3708 ...κ-μ,
487 3690 656 3699 ....--...-

252 3780 281 3841 l)
302 3778 333 3830 ln
353 3778 394 3831 ed.
413 3780 475 3833 Jen.
495 3778 595 3833 desunt
614 3781 713 3834 verba:
751 3795 800 3848 per
819 3780 966 3850 egregium
983 3779 1016 3835 D.
1032 3778 1136 3840 Ma-

220 3848 403 3904 rclostadium.
441 3850 475 3916 2)
492 3850 613 3907 Ibidem:
633 3855 839 3925 antagonistae
857 3869 923 3909 suo.
