2709 4417
528 342 563 396 de
582 344 768 398 matrimonio.
1042 339 1105 406 447

188 546 299 608 ponem
319 528 351 588 in
374 522 483 587 Adam.
527 527 664 606 Cumque
687 524 901 603 obdormisset,
924 526 992 585 tulit
1013 545 1104 587 unum

188 609 232 675 dc
254 611 348 669 costis
370 610 452 686 eius,
483 617 514 669 et
535 608 664 689 replevit
685 627 808 669 carnem
829 627 885 687 pro
908 627 954 668 ea.
997 606 1037 669 Et
1056 627 1105 670 ee-

188 692 327 753 dificavit
347 699 483 769 cesum,
512 711 601 770 quam
625 692 736 752 tulerat
757 689 796 751 de
818 690 926 760 Adam,
948 692 979 751 in
1000 690 1104 752 mulie-

186 794 264 838 rem.
293 775 333 835 Elt
355 773 482 835 adduxit
504 794 570 836 eam
594 777 633 835 ad
657 774 765 834 Adam.
800 773 876 836 Tum
900 772 1015 833 Adam:
1037 771 1105 834 Hoc

185 877 271 918 nunc
294 878 329 918 os
352 878 391 916 ex
413 857 533 917 ossibus
558 858 651 934 meis,
688 864 719 917 et
750 876 822 917 caro
852 856 891 916 de
912 875 1004 916 cerne
1026 876 1104 918 meo.

187 942 326 1002 Vocetur
357 946 459 1000 autem
491 941 614 1019 virago,
655 941 798 1018 quoniam
827 939 866 999 de
894 940 961 1000 viro
983 946 1105 1019 sumpta

189 1032 248 1086 est.
291 1024 458 1103 Propterea
495 1023 645 1102 relinquet
678 1021 772 1084 homo
804 1027 920 1101 patrem
955 1041 1043 1081 snum
1075 1027 1106 1083 et

188 1114 333 1185 matrem,
356 1112 387 1165 et
408 1104 584 1166 adhaerebit
606 1106 694 1165 uxori
716 1124 805 1183 suae,
829 1113 860 1165 et
882 1113 970 1165 erunt
991 1105 1052 1165 duo
1074 1106 1103 1165 in

186 1208 373 1252 carneuna.
1034 1231 1036 1236 s

272 1267 357 1332 Haec
391 1273 495 1332 omnia
526 1280 598 1330 sunt
618 1270 712 1329 verba
733 1269 805 1344 Dei,
844 1269 952 1352 quibus
986 1271 1041 1329 viri
1076 1277 1107 1330 et

187 1357 295 1415 uxoris
323 1353 482 1414 exordium
506 1352 700 1430 describitur,
734 1357 890 1411 eteorum
920 1354 1105 1424 coniunctio,

187 1446 221 1499 et
255 1437 452 1516 quamobrem
485 1437 567 1497 facte
596 1436 724 1514 mulier,
757 1436 889 1514 denique
922 1438 988 1513 quis
1019 1455 1106 1496 emor

186 1540 260 1582 esse
274 1520 373 1582 debet
393 1521 472 1580 inter
493 1520 649 1599 coniuges.
778 1531 780 1536 ’

274 1602 431 1678 Secundo,
464 1601 587 1682 quando
616 1601 700 1661 Deus
733 1618 796 1659 non
825 1601 984 1680 coniungit¹
1006 1602 1105 1662 matri-

189 1688 346 1753 monium,
375 1687 406 1746 et
429 1704 489 1745 non
512 1684 601 1745 adest
622 1703 678 1743 ceu
700 1682 875 1763 pronubus,
909 1692 971 1743 tum
995 1684 1107 1746 accidit

187 1778 223 1829 ut
244 1769 341 1846 solet,
370 1769 453 1847 quod
475 1769 524 1828 hic'
545 1768 730 1845 insinuatur,
751 1785 790 1826 ex
808 1766 878 1843 hoc,
902 1766 983 1845 quod
1005 1766 1103 1828 Adam

187 1852 305 1912 nullam
328 1852 445 1911 invenit
466 1853 642 1930 coniugem,
672 1850 773 1910 donec
801 1851 829 1909 ei
851 1848 1025 1928 provideret
1043 1845 1105 1911 Do-

188 1938 290 1996 minus
324 1935 362 1994 de
384 1934 487 2011 Hem,
520 1953 609 2012 quam
633 1953 701 1992 curn
724 1931 867 2009 vidisset,
899 1935 1002 2012 coepit
1023 1940 1105 1994 recte

186 2037 294 2080 amare
321 2027 352 2078 et
386 2018 543 2077 sinceriter
564 2034 757 2097 cognoscens
778 2015 859 2095 opud
881 2036 915 2075 se
936 2015 1105 2078 bannense

185 2102 352 2181 coniugem
375 2119 470 2162 suom,
1180 2163 1183 2169 ,

275 2185 403 2243 iuvenes
425 2202 499 2263 ergo
523 2188 553 2244 et
574 2182 610 2258 ii,
632 2199 761 2261 quorum
785 2183 903 2242 enimus
925 2189 981 2257 eat,
1005 2184 1104 2242 matri-

189 2267 328 2328 monium
350 2266 466 2342 subire,
502 2264 633 2326 docendi
664 2273 736 2324 sunt
756 2263 863 2324 sedulo
892 2270 924 2326 et
944 2263 1106 2348 diligenter

190 2348 341 2411 orandum
365 2368 443 2426 ease,
466 2352 498 2408 ut
511 2348 659 2408 Dominus
674 2348 757 2408 Deua
780 2348 921 2427 dignetur
943 2346 1107 2427 disponere

187 2433 266 2494 felix
288 2433 473 2511 coniugium.
515 2430 563 2490 Ad
601 2428 684 2508 quod
711 2429 859 2491 Salomon
887 2431 977 2490 etiam
1004 2430 1106 2492 horto·

189 2526 250 2592 tur,
272 2514 395 2575 dicens:
418 2514 534 2574 Domus
557 2519 589 2573 et
609 2513 734 2573 divitiae
756 2512 866 2573 dantur
886 2512 1107 2591 aparentibus,

188 2619 209 2659 a
242 2597 375 2659 Domino
404 2603 505 2657 autern
532 2596 656 2676 proprie
686 2615 764 2656 uxor
789 2595 932 2675 prudens.
974 2595 1062 2656 Heva
1088 2616 1107 2655 a

188 2681 261 2742 solo
281 2681 347 2741 Deo
370 2680 457 2740 Adae
479 2698 628 2740 concessa
649 2684 706 2739 eet.
1070 2738 1073 2752 ,

273 2764 336 2824 Res
357 2765 459 2843 itaque
488 2780 599 2843 magna
631 2762 662 2822 in
686 2768 853 2841 conspeetu
875 2762 933 2822 Dei
955 2764 1107 2824 matrimo-

188 2848 276 2908 nium
297 2853 353 2924 est,
376 2847 497 2907 tametsi
517 2843 693 2924 imprudens
711 2846 862 2922 iuventus,
883 2847 914 2904 in
936 2864 997 2924 qua
1016 2844 1106 2906 effec-

190 2939 242 2992 tus
265 2928 474 3007 dominantur,
506 2928 685 3007 plerumque
714 2928 794 2987 circa
814 2926 875 2988 hoc
897 2937 985 2988 errat.
1028 2928 1106 2989 Nam

188 3015 375 3075 factumest
403 3031 464 3073 uon
488 3013 553 3071 sine
576 3029 683 3088 causa,
715 3017 747 3071 et
772 3009 944 3070 admirabili
973 3010 1105 3089 quodam

190 3096 341 3173 consilio,
363 3094 445 3175 quod
467 3095 616 3155 Dominus
638 3093 722 3154 Deus
744 3093 844 3154 solum
866 3093 1021 3154 hominem
1046 3114 1106 3155 ma-

176 3180 337 3241 trimonio
377 3177 540 3258 copulavit.
584 3176 720 3255 Reliquis
751 3176 955 3237 animantibus
990 3183 1107 3238 tanturn

190 3263 284 3323 dixit:
308 3262 444 3322 Crescite
466 3269 497 3321 et
517 3259 768 3339 multiplicamini,
791 3277 854 3320 non
868 3257 1023 3321 adducens
1047 3280 1107 3321 ma-

191 3346 310 3408 sculum
333 3344 371 3405 ad
393 3345 569 3406 foeminam.
611 3341 700 3403 Unde
728 3348 760 3403 et
785 3343 865 3403 iuter
884 3342 973 3403 bruta
993 3344 1107 3403 enima-

192 3430 236 3490 lia
260 3429 482 3489 matrimonium
506 3446 566 3487 non
590 3434 646 3487 est
667 3425 755 3486 Adae
772 3434 873 3486 autem
896 3426 1011 3485 creavit
1031 3445 1106 3487 uxo-

191 3532 257 3573 rem
281 3530 320 3570 ex
341 3511 465 3591 propria
486 3515 588 3587 costa,
615 3509 758 3585 adduxit,
780 3515 811 3569 et
832 3510 1036 3570 consentienti
1058 3527 1106 3570 ac

153 3659 162 3671 χ
193 3595 389 3675 ceptantique
411 3593 573 3672 copulavit.
608 3656 611 3660 ,

276 3676 390 3754 Tertio,
413 3682 515 3736 creata
537 3682 586 3735 est
598 3695 676 3736 uxor
690 3694 728 3736 ea
750 3693 852 3752 causa,
875 3681 906 3735 ut
928 3682 1010 3735 esset
1023 3673 1105 3734 adiu·

194 3761 306 3821 torium
328 3761 383 3819 viri
404 3778 471 3818 cum
494 3761 524 3817 in
547 3758 687 3818 omnibus
709 3756 815 3837 rebus,
843 3764 906 3817 tum
930 3758 1105 3837 praecipue,

193 3852 226 3904 ut
252 3841 364 3903 liberos
385 3848 556 3922 generaret,
577 3841 607 3901 id
630 3839 725 3901 hodie
746 3840 850 3902 adliuc
865 3841 1054 3904 atteruntur
1072 3844 1124 3895 ute
