2709 4417
439 352 511 447 m.
530 353 566 408 de
583 357 719 422 potestate
738 353 840 420 Papae.
1052 345 1115 417 371

200 555 328 617 rorum,
357 538 412 600 sed
433 538 531 618 plebis
553 540 687 601 maxime
709 539 749 598 sit
770 537 883 617 eligere
904 543 958 596 aut
978 545 1119 596 recusare

200 622 378 701 episcopos,
399 621 488 683 dicit:
510 621 639 701 Propter
660 620 744 701 quod
768 619 854 699 plebs
872 619 1045 698 obsequens
1066 618 1119 680 do-

200 705 323 764 ninieis
338 706 524 785 praeceptis
546 711 583 765 et
614 704 712 766 Deum
742 708 881 763 metuens
909 721 929 762 a
956 709 1119 781 peccatore

200 789 380 866 rraeposito
402 807 546 868 separare
568 806 601 848 se
624 787 733 864 debet,
767 805 825 846 nec
853 805 887 846 se
916 783 955 844 ad
977 784 1119 864 sacrilegi

200 869 374 930 sacerdotis
400 869 550 931 sacrificia
572 871 720 946 miscere,
742 868 865 948 quando
892 869 960 948 ipsa
986 868 1119 928 maxime

200 952 316 1013 nabeat
344 960 527 1034 potestatem
557 953 606 1013 vel
632 951 766 1034 eligendi
795 949 906 1031 dignos
933 949 1119 1026 sacerdotes,

200 1035 248 1095 rel
286 1035 432 1118 indignos
463 1036 633 1097 recusandi.
680 1034 769 1110 Quod
800 1041 832 1095 et
860 1035 959 1114 ipsum
981 1032 1119 1094 videmus

200 1117 238 1177 de
263 1118 369 1179 divine
389 1120 553 1181 autoritate
575 1118 779 1194 descendere,
808 1125 840 1178 ut
861 1115 1006 1178 sacerdos
1029 1116 1119 1196 plebe

200 1210 370 1279 praesente
396 1202 452 1263 sub
476 1203 610 1263 omnium
634 1201 731 1262 oculis
754 1200 922 1280 deligatur,
957 1209 988 1258 et
1009 1198 1119 1279 dignus

200 1291 295 1362 atque
316 1284 446 1345 idoneus
468 1285 592 1365 publico
627 1285 740 1344 iudicio
770 1302 808 1343 ac
838 1283 1014 1343 testimonio
1037 1301 1119 1344 com·

199 1365 357 1446 probetur,
378 1370 456 1429 sicut
477 1369 507 1428 in
529 1368 670 1428 Numerio
695 1367 772 1427 Mosi
796 1366 953 1445 praecepit
970 1363 1118 1424 Dominus

199 1447 324 1511 dicens:
358 1450 518 1511 Prehende
545 1455 649 1512 Aaron
677 1451 800 1510 fratrem
831 1455 913 1509 tuum
942 1455 974 1508 et
995 1447 1118 1508 Eleaza-

199 1552 266 1591 rum
289 1532 384 1593 titium
407 1535 487 1610 eius,
510 1541 542 1594 et
562 1536 704 1614 impones
726 1551 782 1594 eos
803 1533 833 1591 in
856 1537 991 1592 montem
1015 1549 1118 1590 noram

199 1617 287 1675 omni
310 1635 480 1697 synagoga,
503 1624 533 1676 et
553 1635 632 1676 exue
655 1617 757 1676 Aaron
780 1614 890 1675 stolam
913 1615 992 1687 eius,
1022 1620 1055 1675 et
1077 1614 1119 1672 in-

199 1697 260 1758 due
282 1698 464 1760 Eleazarum
486 1699 581 1760 lilium
605 1701 681 1775 eius,
703 1706 735 1758 et
754 1698 857 1760 Aaron
875 1699 1033 1776 appositus
1056 1714 1119 1755 mo·

199 1782 295 1840 riatur
316 1782 388 1842 illic.
417 1782 526 1843 Coram
550 1783 634 1843 omni
656 1800 817 1862 synagoga
838 1781 923 1842 iubet
943 1780 1025 1839 Dens
1048 1796 1119 1838 con-

198 1864 285 1923 stitui
309 1864 519 1941 sacerdotem,
541 1864 571 1924 id
593 1872 656 1938 est,
684 1865 805 1925 instruit
832 1870 863 1922 et
884 1860 1020 1923 ostendit
1041 1860 1119 1922 ordi·

199 1947 344 2007 nationes
367 1946 587 2024 sacerdotales,
609 1966 671 2007 non
694 1948 752 2007 nisi
776 1946 831 2006 sub
847 1946 952 2025 populi
976 1945 1119 2005 assisten-

199 2030 238 2094 tis
263 2030 453 2090 conscientia
488 2030 553 2090 lieri
575 2037 735 2110 oportere,
769 2036 802 2089 ut
840 2028 930 2107 plebe
957 2034 1119 2108 praesente

199 2111 251 2172 vel
282 2111 465 2193 detegantur
498 2114 648 2174 malorum
678 2113 822 2189 crimina,
856 2108 1117 2187 velbonorum1)

201 2196 313 2256 merita
335 2195 563 2275 praedicentur,
598 2203 629 2256 et
657 2197 697 2256 sit
719 2194 871 2255 ordinatio
893 2195 972 2254 iusta
994 2200 1025 2254 et
1046 2192 1121 2272 legi·

200 2279 290 2355 tima,
318 2297 397 2357 quae
420 2280 554 2340 omnium
578 2277 723 2359 suffragio
753 2285 785 2338 et
805 2276 918 2337 iudicio
940 2276 1031 2337 fuerit
1050 2293 1120 2337 exa-

201 2362 329 2422 minata.

285 2442 376 2517 Quod
405 2448 515 2524 postea
543 2443 711 2504 secundum
740 2442 845 2504 diviua
873 2441 1047 2522 magisteria
1068 2439 1121 2502 ob

200 2533 343 2588 servatur
367 2528 397 2586 in
430 2527 497 2587 Act.
525 2525 802 2608 apostolorum*),
830 2524 953 2603 quando
982 2522 1021 2583 de
1042 2521 1122 2585 ordi·

200 2609 306 2669 nando
335 2610 364 2668 in
391 2608 493 2669 locum
522 2609 615 2670 ludas
636 2610 786 2689 episcopo
808 2608 915 2668 Petrus
938 2606 977 2666 ad
998 2606 1120 2686 plebem

201 2692 353 2771 loquitur:
376 2691 528 2768 Surrexit,
558 2693 670 2771 inquit,
699 2692 804 2752 Petrus
828 2693 857 2750 in
882 2689 983 2750 medio
1004 2689 1121 2750 discen-

200 2774 336 2849 tium2r,
362 2774 420 2836 fuit
440 2782 541 2835 autem
558 2775 647 2837 turba
667 2777 698 2834 in
720 2794 792 2834 uno.
835 2773 899 2833 Nec
924 2773 1037 2832 hocin
1060 2773 1121 2852 epi-

201 2876 366 2938 scoporum
392 2864 508 2918 tantum
538 2866 569 2918 et
595 2856 806 2932 sacerdotum,
840 2856 895 2917 sed
924 2857 953 2916 in
977 2855 1121 2916 diacono-

201 2961 269 3001 rum
294 2940 489 3001 ordinatione
516 2941 699 3002 observasse
726 2939 886 3020 apostolos
908 2937 1122 2998 animadverti-

201 3043 279 3101 mus,
303 3023 342 3083 de
364 3043 425 3102 quo
447 3031 478 3083 et
499 3024 568 3104 ipso
590 3024 620 3084 in
645 3025 713 3083 Act.
727 3019 1004 3102 apostolorum‘“)
1030 3022 1129 3099 scrip-¹

202 3114 265 3167 tum
289 3113 353 3166 est:
383 3106 424 3167 El
450 3113 712 3182 convocaverunt,
746 3106 858 3183 inquit,
893 3104 937 3164 illi
959 3103 1121 3164 duodecim

203 3196 300 3249 totam
324 3189 445 3269 plebem
469 3188 699 3269 discipulorum,
722 3197 753 3247 et
777 3187 920 3248 dixerunt
939 3188 993 3251 eis.
1032 3185 1123 3260 Quod

200 3273 306 3350 utique
336 3271 451 3332 idcirco
479 3278 542 3331 tam
576 3271 739 3351 diligenter
767 3277 798 3330 et
829 3279 918 3330 caute
950 3276 1122 3329 convocata

203 3354 294 3434 plebe
324 3361 389 3414 tota
416 3354 596 3434 gerebatur,
626 3373 665 3414 ne
697 3354 764 3432 quis
795 3353 833 3413 ad
863 3353 966 3413 altaris
988 3352 1123 3410 ministe-

202 3439 296 3516 rium,
333 3437 382 3498 vel
415 3437 454 3498 ad
484 3435 707 3499 sacerdotalem
736 3435 838 3495 locum
866 3435 1008 3515 indignus
1036 3431 1123 3494 obre-

202 3530 298 3600 peret.

273 3732 305 3792 1)
324 3728 356 3780 ln
376 3729 439 3782 edit,
460 3733 549 3799 orig:
567 3729 718 3784 malorum.
744 3727 777 3795 2)
799 3727 832 3780 ln
849 3725 894 3780 ed.
911 3725 974 3778 len.
991 3730 1022 3778 et
1037 3723 1128 3779 ntro:

198 3798 400 3864 discipulorum.

258 3869 289 3927 'l
307 3865 368 3917 Act.
391 3868 414 3920 1.
459 3871 509 3939 ⁰)
529 3873 594 3928 Act.
614 3873 642 3930 6.

855 3947 909 4014 ‘tl
927 3949 945 3981 ⁴
