<?xml version="1.0" encoding="UTF-8"?>
<!DOCTYPE html PUBLIC "-//W3C//DTD XHTML 1.0 Transitional//EN"
    "http://www.w3.org/TR/xhtml1/DTD/xhtml1-transitional.dtd">
<html xmlns="http://www.w3.org/1999/xhtml" xml:lang="en" lang="en">
 <head>
  <title>
</title>
<meta http-equiv="Content-Type" content="text/html;charset=utf-8" />
  <meta name='ocr-system' content='tesseract 3.04.00' />
  <meta name='ocr-capabilities' content='ocr_page ocr_carea ocr_par ocr_line ocrx_word'/>
</head>
<body>
  <div class='ocr_page' id='page_1' title='image "./operalatinavari00schmgoog_0398.png"; bbox 0 0 2709 4417; ppageno 0'>
   <div class='ocr_carea' id='block_1_1' title="bbox 267 355 843 424">
    <p class='ocr_par' dir='ltr' id='par_1_1' title="bbox 267 355 843 424">
     <span class='ocr_line' id='line_1_1' title="bbox 267 355 843 424; baseline -0.002 -14"><span class='ocrx_word' id='word_1_1' title='bbox 267 356 330 424; x_wconf 81' lang='grc'>386</span> <span class='ocrx_word' id='word_1_2' title='bbox 568 357 713 411; x_wconf 84' lang='lat' dir='ltr'>Tractatua</span> <span class='ocrx_word' id='word_1_3' title='bbox 730 355 843 410; x_wconf 83' lang='lat' dir='ltr'>Lntheri</span> 
     </span>
    </p>
   </div>
   <div class='ocr_carea' id='block_1_2' title="bbox 155 540 1217 1779">
    <p class='ocr_par' dir='ltr' id='par_1_2' title="bbox 155 540 1217 1779">
     <span class='ocr_line' id='line_1_2' title="bbox 269 540 1171 620; baseline -0.007 -15"><span class='ocrx_word' id='word_1_4' title='bbox 269 544 413 605; x_wconf 77' lang='lat' dir='ltr'><strong>Horatius</strong></span> <span class='ocrx_word' id='word_1_5' title='bbox 447 545 503 602; x_wconf 85' lang='lat' dir='ltr'>ait:</span> <span class='ocrx_word' id='word_1_6' title='bbox 537 541 643 602; x_wconf 81' lang='lat' dir='ltr'>Coena</span> <span class='ocrx_word' id='word_1_7' title='bbox 677 541 778 601; x_wconf 87' lang='lat' dir='ltr'>brevis</span> <span class='ocrx_word' id='word_1_8' title='bbox 807 540 895 599; x_wconf 90' lang='lat' dir='ltr'>iuvat</span> <span class='ocrx_word' id='word_1_9' title='bbox 923 547 956 600; x_wconf 91' lang='lat' dir='ltr'>et</span> <span class='ocrx_word' id='word_1_10' title='bbox 977 559 1073 620; x_wconf 86' lang='lat' dir='ltr'>prope</span> <span class='ocrx_word' id='word_1_11' title='bbox 1092 541 1171 599; x_wconf 88' lang='lat' dir='ltr'>rivun</span> 
     </span>
     <span class='ocr_line' id='line_1_3' title="bbox 270 621 1172 687; baseline -0.006 0"><span class='ocrx_word' id='word_1_12' title='bbox 270 645 397 687; x_wconf 83' lang='lat' dir='ltr'><strong>somnus</strong></span> <span class='ocrx_word' id='word_1_13' title='bbox 418 627 449 684; x_wconf 93' lang='lat' dir='ltr'>in</span> <span class='ocrx_word' id='word_1_14' title='bbox 472 625 576 685; x_wconf 88' lang='lat' dir='ltr'>herba.</span> <span class='ocrx_word' id='word_1_15' title='bbox 617 623 658 684; x_wconf 84' lang='lat' dir='ltr'>Et</span> <span class='ocrx_word' id='word_1_16' title='bbox 674 623 794 684; x_wconf 85' lang='lat' dir='ltr'>Eccles.</span> <span class='ocrx_word' id='word_1_17' title='bbox 818 624 873 686; x_wconf 86' lang='lat'>31:</span> <span class='ocrx_word' id='word_1_18' title='bbox 897 621 1032 685; x_wconf 81' lang='lat' dir='ltr'>Somnus</span> <span class='ocrx_word' id='word_1_19' title='bbox 1053 624 1172 682; x_wconf 87' lang='lat' dir='ltr'>sanitatis</span> 
     </span>
     <span class='ocr_line' id='line_1_4' title="bbox 268 707 1173 788; baseline -0.004 -20"><span class='ocrx_word' id='word_1_20' title='bbox 268 711 299 768; x_wconf 94' lang='lat' dir='ltr'>in</span> <span class='ocrx_word' id='word_1_21' title='bbox 331 708 456 768; x_wconf 89' lang='lat' dir='ltr'>homine</span> <span class='ocrx_word' id='word_1_22' title='bbox 488 726 599 788; x_wconf 90' lang='lat' dir='ltr'>parco,</span> <span class='ocrx_word' id='word_1_23' title='bbox 631 707 745 767; x_wconf 83' lang='lat' dir='ltr'><strong>dormit</strong></span> <span class='ocrx_word' id='word_1_24' title='bbox 771 724 869 784; x_wconf 91' lang='lat' dir='ltr'>usque</span> <span class='ocrx_word' id='word_1_25' title='bbox 898 725 1010 783; x_wconf 86' lang='lat' dir='ltr'>mane,</span> <span class='ocrx_word' id='word_1_26' title='bbox 1039 713 1069 764; x_wconf 89' lang='lat' dir='ltr'>et</span> <span class='ocrx_word' id='word_1_27' title='bbox 1088 707 1173 765; x_wconf 87' lang='lat' dir='ltr'>anima</span> 
     </span>
     <span class='ocr_line' id='line_1_5' title="bbox 269 787 1173 871; baseline -0.003 -20"><span class='ocrx_word' id='word_1_28' title='bbox 269 793 365 871; x_wconf 82' lang='lat' dir='ltr'>ipsius</span> <span class='ocrx_word' id='word_1_29' title='bbox 387 809 449 850; x_wconf 92' lang='lat' dir='ltr'>non</span> <span class='ocrx_word' id='word_1_30' title='bbox 473 792 541 870; x_wconf 92' lang='lat' dir='ltr'>ipso</span> <span class='ocrx_word' id='word_1_31' title='bbox 557 789 766 850; x_wconf 75' lang='lat' dir='ltr'>delectabitur.</span> <span class='ocrx_word' id='word_1_32' title='bbox 791 787 896 862; x_wconf 81' lang='lat' dir='ltr'>Quare</span> <span class='ocrx_word' id='word_1_33' title='bbox 909 788 1100 850; x_wconf 84' lang='lat' dir='ltr'>veredioitur</span> <span class='ocrx_word' id='word_1_34' title='bbox 1119 808 1173 868; x_wconf 90' lang='lat' dir='ltr'>pra·</span> 
     </span>
     <span class='ocr_line' id='line_1_6' title="bbox 270 870 1172 952; baseline -0.002 -20"><span class='ocrx_word' id='word_1_35' title='bbox 270 873 397 934; x_wconf 84' lang='lat' dir='ltr'>verbio:</span> <span class='ocrx_word' id='word_1_36' title='bbox 420 871 579 933; x_wconf 86' lang='lat' dir='ltr'>Jucundae</span> <span class='ocrx_word' id='word_1_37' title='bbox 602 870 784 934; x_wconf 90' lang='lat' dir='ltr'>collationes</span> <span class='ocrx_word' id='word_1_38' title='bbox 807 874 1006 952; x_wconf 74' lang='lat' dir='ltr'>vespertinae</span> <span class='ocrx_word' id='word_1_39' title='bbox 1028 872 1123 932; x_wconf 88' lang='lat' dir='ltr'>tristes</span> <span class='ocrx_word' id='word_1_40' title='bbox 1141 872 1172 930; x_wconf 84' lang='lat' dir='ltr'>t·</span> 
     </span>
     <span class='ocr_line' id='line_1_7' title="bbox 270 953 1173 1034; baseline -0.001 -19"><span class='ocrx_word' id='word_1_41' title='bbox 270 957 354 1015; x_wconf 91' lang='lat' dir='ltr'>ciunt</span> <span class='ocrx_word' id='word_1_42' title='bbox 377 957 551 1016; x_wconf 89' lang='lat' dir='ltr'>matutinas.</span> <span class='ocrx_word' id='word_1_43' title='bbox 595 956 737 1033; x_wconf 87' lang='lat' dir='ltr'>Denique</span> <span class='ocrx_word' id='word_1_44' title='bbox 758 956 915 1016; x_wconf 78' lang='lat' dir='ltr'>serotinae</span> <span class='ocrx_word' id='word_1_45' title='bbox 929 953 1063 1015; x_wconf 80' lang='lat' dir='ltr'>fabellae</span> <span class='ocrx_word' id='word_1_46' title='bbox 1084 962 1113 1014; x_wconf 93' lang='lat' dir='ltr'>et</span> <span class='ocrx_word' id='word_1_47' title='bbox 1131 974 1173 1034; x_wconf 90' lang='lat' dir='ltr'>po-</span> 
     </span>
     <span class='ocr_line' id='line_1_8' title="bbox 269 1037 1173 1118; baseline -0.002 -20"><span class='ocrx_word' id='word_1_48' title='bbox 269 1041 401 1098; x_wconf 75' lang='lat' dir='ltr'>tationes</span> <span class='ocrx_word' id='word_1_49' title='bbox 429 1037 616 1098; x_wconf 90' lang='lat' dir='ltr'>destructum</span> <span class='ocrx_word' id='word_1_50' title='bbox 646 1045 753 1118; x_wconf 87' lang='lat' dir='ltr'>pectus</span> <span class='ocrx_word' id='word_1_51' title='bbox 786 1045 817 1097; x_wconf 92' lang='lat' dir='ltr'>et</span> <span class='ocrx_word' id='word_1_52' title='bbox 844 1038 1008 1098; x_wconf 88' lang='lat' dir='ltr'>confusum</span> <span class='ocrx_word' id='word_1_53' title='bbox 1039 1044 1126 1116; x_wconf 90' lang='lat' dir='ltr'>capnt</span> <span class='ocrx_word' id='word_1_54' title='bbox 1142 1037 1154 1096; x_wconf 87' lang='lat' dir='ltr'>l</span> <span class='ocrx_word' id='word_1_55' title='bbox 1166 1073 1173 1082; x_wconf 92' lang='lat'><strong>·</strong></span> 
     </span>
     <span class='ocr_line' id='line_1_9' title="bbox 185 1115 1174 1200; baseline -0.002 -20"><span class='ocrx_word' id='word_1_56' title='bbox 185 1115 196 1131; x_wconf 83' lang='lat'><em>&#39;</em></span> <span class='ocrx_word' id='word_1_57' title='bbox 270 1123 370 1193; x_wconf 85' lang='lat' dir='ltr'>ciunt,</span> <span class='ocrx_word' id='word_1_58' title='bbox 394 1141 483 1181; x_wconf 89' lang='lat' dir='ltr'>mane</span> <span class='ocrx_word' id='word_1_59' title='bbox 506 1140 580 1182; x_wconf 88' lang='lat' dir='ltr'>vero</span> <span class='ocrx_word' id='word_1_60' title='bbox 601 1121 744 1189; x_wconf 75' lang='lat' dir='ltr'>refertum</span> <span class='ocrx_word' id='word_1_61' title='bbox 768 1122 852 1189; x_wconf 84' lang='lat' dir='ltr'>omui</span> <span class='ocrx_word' id='word_1_62' title='bbox 874 1119 1061 1200; x_wconf 86' lang='lat' dir='ltr'>gravedine,</span> <span class='ocrx_word' id='word_1_63' title='bbox 1082 1121 1174 1199; x_wconf 78' lang='lat' dir='ltr'>pituita</span> 
     </span>
     <span class='ocr_line' id='line_1_10' title="bbox 271 1201 1217 1283; baseline -0.003 -19"><span class='ocrx_word' id='word_1_64' title='bbox 271 1212 303 1264; x_wconf 93' lang='lat' dir='ltr'>et</span> <span class='ocrx_word' id='word_1_65' title='bbox 325 1202 508 1283; x_wconf 89' lang='lat' dir='ltr'>phlegmate.</span> <span class='ocrx_word' id='word_1_66' title='bbox 533 1202 619 1278; x_wconf 82' lang='lat' dir='ltr'>Quae</span> <span class='ocrx_word' id='word_1_67' title='bbox 643 1205 717 1263; x_wconf 90' lang='lat' dir='ltr'>mire</span> <span class='ocrx_word' id='word_1_68' title='bbox 738 1203 910 1282; x_wconf 92' lang='lat' dir='ltr'>impediunt</span> <span class='ocrx_word' id='word_1_69' title='bbox 931 1201 1100 1263; x_wconf 89' lang='lat' dir='ltr'>sacerdotis</span> <span class='ocrx_word' id='word_1_70' title='bbox 1121 1201 1172 1262; x_wconf 89' lang='lat' dir='ltr'>offi·</span> <span class='ocrx_word' id='word_1_71' title='bbox 1215 1244 1217 1252; x_wconf 73' lang='grc'>.</span> 
     </span>
     <span class='ocr_line' id='line_1_11' title="bbox 269 1284 1173 1360; baseline -0.002 -15"><span class='ocrx_word' id='word_1_72' title='bbox 269 1288 348 1345; x_wconf 92' lang='lat' dir='ltr'>cium</span> <span class='ocrx_word' id='word_1_73' title='bbox 373 1296 436 1345; x_wconf 90' lang='lat' dir='ltr'>tum</span> <span class='ocrx_word' id='word_1_74' title='bbox 459 1286 567 1346; x_wconf 93' lang='lat' dir='ltr'>orandi</span> <span class='ocrx_word' id='word_1_75' title='bbox 592 1293 653 1346; x_wconf 91' lang='lat' dir='ltr'>turn</span> <span class='ocrx_word' id='word_1_76' title='bbox 670 1284 871 1346; x_wconf 89' lang='lat' dir='ltr'>sacrificandi.</span> <span class='ocrx_word' id='word_1_77' title='bbox 896 1285 1000 1360; x_wconf 78' lang='lat' dir='ltr'>Quare</span> <span class='ocrx_word' id='word_1_78' title='bbox 1023 1291 1058 1344; x_wconf 93' lang='lat' dir='ltr'>nt</span> <span class='ocrx_word' id='word_1_79' title='bbox 1077 1284 1123 1344; x_wconf 95' lang='lat' dir='ltr'>hic</span> <span class='ocrx_word' id='word_1_80' title='bbox 1142 1286 1173 1343; x_wconf 88' lang='lat' dir='ltr'>vi·</span> 
     </span>
     <span class='ocr_line' id='line_1_12' title="bbox 270 1367 1173 1448; baseline -0.001 -21"><span class='ocrx_word' id='word_1_81' title='bbox 270 1368 347 1448; x_wconf 84' lang='lat' dir='ltr'>giles</span> <span class='ocrx_word' id='word_1_82' title='bbox 370 1367 517 1430; x_wconf 86' lang='lat' dir='ltr'>adversus</span> <span class='ocrx_word' id='word_1_83' title='bbox 538 1369 568 1431; x_wconf 94' lang='lat' dir='ltr'>id</span> <span class='ocrx_word' id='word_1_84' title='bbox 592 1369 706 1429; x_wconf 87' lang='lat' dir='ltr'>malum</span> <span class='ocrx_word' id='word_1_85' title='bbox 724 1368 1007 1448; x_wconf 88' lang='lat' dir='ltr'>generalissimum,</span> <span class='ocrx_word' id='word_1_86' title='bbox 1038 1385 1105 1426; x_wconf 90' lang='lat' dir='ltr'>sero</span> <span class='ocrx_word' id='word_1_87' title='bbox 1136 1385 1173 1426; x_wconf 91' lang='lat' dir='ltr'>co·</span> 
     </span>
     <span class='ocr_line' id='line_1_13' title="bbox 155 1449 1174 1532; baseline -0.001 -23"><span class='ocrx_word' id='word_1_88' title='bbox 155 1457 159 1464; x_wconf 89' lang='lat'>&#39;</span> <span class='ocrx_word' id='word_1_89' title='bbox 268 1452 341 1530; x_wconf 89' lang='lat' dir='ltr'>gita,</span> <span class='ocrx_word' id='word_1_90' title='bbox 365 1451 446 1530; x_wconf 91' lang='lat' dir='ltr'>quod</span> <span class='ocrx_word' id='word_1_91' title='bbox 469 1470 531 1512; x_wconf 92' lang='lat' dir='ltr'>non</span> <span class='ocrx_word' id='word_1_92' title='bbox 554 1452 669 1532; x_wconf 91' lang='lat' dir='ltr'>poteria</span> <span class='ocrx_word' id='word_1_93' title='bbox 691 1449 820 1530; x_wconf 87' lang='lat' dir='ltr'>perdere</span> <span class='ocrx_word' id='word_1_94' title='bbox 836 1470 1010 1530; x_wconf 87' lang='lat' dir='ltr'>vesperam,</span> <span class='ocrx_word' id='word_1_95' title='bbox 1032 1451 1103 1528; x_wconf 90' lang='lat' dir='ltr'>quin</span> <span class='ocrx_word' id='word_1_96' title='bbox 1124 1468 1174 1509; x_wconf 89' lang='lat' dir='ltr'>orn·</span> 
     </span>
     <span class='ocr_line' id='line_1_14' title="bbox 269 1531 1175 1614; baseline -0.002 -22"><span class='ocrx_word' id='word_1_97' title='bbox 269 1535 341 1594; x_wconf 93' lang='lat' dir='ltr'>nino</span> <span class='ocrx_word' id='word_1_98' title='bbox 372 1534 421 1594; x_wconf 87' lang='lat' dir='ltr'>vel</span> <span class='ocrx_word' id='word_1_99' title='bbox 449 1553 547 1614; x_wconf 87' lang='lat' dir='ltr'>prope</span> <span class='ocrx_word' id='word_1_100' title='bbox 568 1533 737 1614; x_wconf 88' lang='lat' dir='ltr'>perdideris</span> <span class='ocrx_word' id='word_1_101' title='bbox 765 1542 796 1593; x_wconf 90' lang='lat' dir='ltr'>et</span> <span class='ocrx_word' id='word_1_102' title='bbox 817 1553 908 1594; x_wconf 90' lang='lat' dir='ltr'>mane</span> <span class='ocrx_word' id='word_1_103' title='bbox 937 1540 970 1593; x_wconf 90' lang='lat' dir='ltr'>et</span> <span class='ocrx_word' id='word_1_104' title='bbox 992 1540 1089 1593; x_wconf 91' lang='lat' dir='ltr'>totum</span> <span class='ocrx_word' id='word_1_105' title='bbox 1109 1531 1175 1591; x_wconf 88' lang='lat' dir='ltr'>dien</span> 
     </span>
     <span class='ocr_line' id='line_1_15' title="bbox 268 1614 1175 1697; baseline -0.003 -22"><span class='ocrx_word' id='word_1_106' title='bbox 268 1624 456 1696; x_wconf 85' lang='lat' dir='ltr'>sequentem.</span> <span class='ocrx_word' id='word_1_107' title='bbox 500 1617 637 1697; x_wconf 82' lang='lat' dir='ltr'>Experto</span> <span class='ocrx_word' id='word_1_108' title='bbox 661 1616 772 1693; x_wconf 88' lang='lat' dir='ltr'>crede,</span> <span class='ocrx_word' id='word_1_109' title='bbox 804 1618 828 1675; x_wconf 93' lang='lat' dir='ltr'>si</span> <span class='ocrx_word' id='word_1_110' title='bbox 862 1635 926 1677; x_wconf 94' lang='lat' dir='ltr'>non</span> <span class='ocrx_word' id='word_1_111' title='bbox 949 1614 1115 1677; x_wconf 83' lang='lat' dir='ltr'>credideris</span> <span class='ocrx_word' id='word_1_112' title='bbox 1135 1635 1175 1673; x_wconf 86' lang='lat' dir='ltr'>er-</span> 
     </span>
     <span class='ocr_line' id='line_1_16' title="bbox 267 1698 768 1779; baseline 0.002 -21"><span class='ocrx_word' id='word_1_113' title='bbox 267 1707 365 1778; x_wconf 89' lang='lat' dir='ltr'>perto,</span> <span class='ocrx_word' id='word_1_114' title='bbox 388 1706 533 1779; x_wconf 87' lang='lat' dir='ltr'>expertus</span> <span class='ocrx_word' id='word_1_115' title='bbox 555 1699 628 1759; x_wconf 91' lang='lat' dir='ltr'>olim</span> <span class='ocrx_word' id='word_1_116' title='bbox 651 1698 768 1760; x_wconf 90' lang='lat' dir='ltr'>credes.</span> 
     </span>
    </p>
   </div>
   <div class='ocr_carea' id='block_1_3' title="bbox 488 1878 974 1942">
    <p class='ocr_par' dir='ltr' id='par_1_3' title="bbox 488 1878 974 1942">
     <span class='ocr_line' id='line_1_17' title="bbox 488 1878 974 1942; baseline -0.002 -1"><span class='ocrx_word' id='word_1_117' title='bbox 488 1881 530 1942; x_wconf 89' lang='lat'>11.</span> <span class='ocrx_word' id='word_1_118' title='bbox 571 1881 618 1940; x_wconf 90' lang='lat' dir='ltr'>De</span> <span class='ocrx_word' id='word_1_119' title='bbox 641 1880 835 1941; x_wconf 90' lang='lat' dir='ltr'>sacerdotum</span> <span class='ocrx_word' id='word_1_120' title='bbox 862 1878 974 1940; x_wconf 91' lang='lat' dir='ltr'>studio.</span> 
     </span>
    </p>
   </div>
   <div class='ocr_carea' id='block_1_4' title="bbox 149 2031 1214 3942">
    <p class='ocr_par' dir='ltr' id='par_1_4' title="bbox 265 2031 1176 2854">
     <span class='ocr_line' id='line_1_18' title="bbox 349 2031 1175 2111; baseline -0.001 -21"><span class='ocrx_word' id='word_1_121' title='bbox 349 2032 487 2111; x_wconf 86' lang='lat' dir='ltr'>Vespere</span> <span class='ocrx_word' id='word_1_122' title='bbox 499 2033 626 2091; x_wconf 92' lang='lat' dir='ltr'>omnino</span> <span class='ocrx_word' id='word_1_123' title='bbox 648 2031 765 2111; x_wconf 89' lang='lat' dir='ltr'>aliquid</span> <span class='ocrx_word' id='word_1_124' title='bbox 788 2051 826 2091; x_wconf 88' lang='lat' dir='ltr'>ex</span> <span class='ocrx_word' id='word_1_125' title='bbox 850 2032 945 2090; x_wconf 86' lang='lat' dir='ltr'>sacris</span> <span class='ocrx_word' id='word_1_126' title='bbox 970 2031 1067 2090; x_wconf 90' lang='lat' dir='ltr'>literis</span> <span class='ocrx_word' id='word_1_127' title='bbox 1090 2038 1175 2091; x_wconf 89' lang='lat' dir='ltr'>tecum</span> 
     </span>
     <span class='ocr_line' id='line_1_19' title="bbox 267 2113 1176 2192; baseline 0 -20"><span class='ocrx_word' id='word_1_128' title='bbox 267 2115 296 2173; x_wconf 91' lang='lat' dir='ltr'>in</span> <span class='ocrx_word' id='word_1_129' title='bbox 320 2114 413 2174; x_wconf 87' lang='lat' dir='ltr'>corde</span> <span class='ocrx_word' id='word_1_130' title='bbox 434 2114 514 2174; x_wconf 81' lang='lat' dir='ltr'>teras</span> <span class='ocrx_word' id='word_1_131' title='bbox 537 2114 731 2191; x_wconf 91' lang='lat' dir='ltr'>adlectum,</span> <span class='ocrx_word' id='word_1_132' title='bbox 767 2133 827 2192; x_wconf 89' lang='lat' dir='ltr'>qno</span> <span class='ocrx_word' id='word_1_133' title='bbox 851 2113 935 2172; x_wconf 86' lang='lat' dir='ltr'>velut</span> <span class='ocrx_word' id='word_1_134' title='bbox 958 2113 1106 2173; x_wconf 89' lang='lat' dir='ltr'>mundum</span> <span class='ocrx_word' id='word_1_135' title='bbox 1126 2116 1176 2174; x_wconf 90' lang='lat' dir='ltr'>ani·</span> 
     </span>
     <span class='ocr_line' id='line_1_20' title="bbox 267 2195 1174 2256; baseline 0.001 -2"><span class='ocrx_word' id='word_1_136' title='bbox 267 2196 326 2254; x_wconf 89' lang='lat' dir='ltr'>mal</span> <span class='ocrx_word' id='word_1_137' title='bbox 357 2199 513 2256; x_wconf 83' lang='lat' dir='ltr'>ruminans</span> <span class='ocrx_word' id='word_1_138' title='bbox 537 2198 669 2256; x_wconf 89' lang='lat' dir='ltr'>suaviter</span> <span class='ocrx_word' id='word_1_139' title='bbox 692 2195 880 2256; x_wconf 86' lang='lat' dir='ltr'>obdormias:</span> <span class='ocrx_word' id='word_1_140' title='bbox 922 2217 985 2256; x_wconf 90' lang='lat' dir='ltr'>non</span> <span class='ocrx_word' id='word_1_141' title='bbox 1015 2198 1054 2256; x_wconf 91' lang='lat' dir='ltr'>sit</span> <span class='ocrx_word' id='word_1_142' title='bbox 1087 2204 1174 2256; x_wconf 90' lang='lat' dir='ltr'>autern</span> 
     </span>
     <span class='ocr_line' id='line_1_21' title="bbox 268 2278 1175 2360; baseline 0.001 -22"><span class='ocrx_word' id='word_1_143' title='bbox 268 2279 410 2356; x_wconf 88' lang='lat' dir='ltr'>multum,</span> <span class='ocrx_word' id='word_1_144' title='bbox 444 2279 498 2339; x_wconf 91' lang='lat' dir='ltr'>sed</span> <span class='ocrx_word' id='word_1_145' title='bbox 528 2282 629 2360; x_wconf 91' lang='lat' dir='ltr'>potius</span> <span class='ocrx_word' id='word_1_146' title='bbox 652 2278 822 2356; x_wconf 89' lang='lat' dir='ltr'>modicum,</span> <span class='ocrx_word' id='word_1_147' title='bbox 852 2278 931 2339; x_wconf 87' lang='lat' dir='ltr'>bene</span> <span class='ocrx_word' id='word_1_148' title='bbox 953 2280 1122 2360; x_wconf 89' lang='lat' dir='ltr'>cogitatum</span> <span class='ocrx_word' id='word_1_149' title='bbox 1142 2288 1175 2339; x_wconf 89' lang='lat' dir='ltr'>at·</span> 
     </span>
     <span class='ocr_line' id='line_1_22' title="bbox 266 2360 1174 2442; baseline 0 -22"><span class='ocrx_word' id='word_1_150' title='bbox 266 2381 325 2441; x_wconf 90' lang='lat' dir='ltr'>que</span> <span class='ocrx_word' id='word_1_151' title='bbox 347 2361 546 2439; x_wconf 88' lang='lat' dir='ltr'>intellectum,</span> <span class='ocrx_word' id='word_1_152' title='bbox 568 2360 651 2440; x_wconf 92' lang='lat' dir='ltr'>quod</span> <span class='ocrx_word' id='word_1_153' title='bbox 674 2381 765 2423; x_wconf 88' lang='lat' dir='ltr'>mane</span> <span class='ocrx_word' id='word_1_154' title='bbox 787 2381 915 2442; x_wconf 85' lang='lat' dir='ltr'>surgens</span> <span class='ocrx_word' id='word_1_155' title='bbox 936 2362 1023 2422; x_wconf 89' lang='lat' dir='ltr'>velut</span> <span class='ocrx_word' id='word_1_156' title='bbox 1046 2363 1174 2440; x_wconf 82' lang='lat' dir='ltr'>reliquias</span> 
     </span>
     <span class='ocr_line' id='line_1_23' title="bbox 266 2444 1174 2524; baseline -0.001 -20"><span class='ocrx_word' id='word_1_157' title='bbox 266 2446 418 2504; x_wconf 90' lang='lat' dir='ltr'>serotinas</span> <span class='ocrx_word' id='word_1_158' title='bbox 446 2447 590 2524; x_wconf 89' lang='lat' dir='ltr'>reperias.</span> <span class='ocrx_word' id='word_1_159' title='bbox 628 2444 705 2504; x_wconf 92' lang='lat' dir='ltr'>Item</span> <span class='ocrx_word' id='word_1_160' title='bbox 738 2447 768 2504; x_wconf 93' lang='lat' dir='ltr'>in</span> <span class='ocrx_word' id='word_1_161' title='bbox 803 2446 885 2505; x_wconf 91' lang='lat' dir='ltr'>omni</span> <span class='ocrx_word' id='word_1_162' title='bbox 908 2444 1011 2505; x_wconf 91' lang='lat' dir='ltr'>studio</span> <span class='ocrx_word' id='word_1_163' title='bbox 1035 2464 1174 2504; x_wconf 87' lang='lat' dir='ltr'>sacrarum</span> 
     </span>
     <span class='ocr_line' id='line_1_24' title="bbox 266 2526 1174 2607; baseline 0.001 -22"><span class='ocrx_word' id='word_1_164' title='bbox 266 2527 418 2587; x_wconf 88' lang='lat' dir='ltr'>literarum</span> <span class='ocrx_word' id='word_1_165' title='bbox 454 2528 579 2587; x_wconf 88' lang='lat' dir='ltr'>omnino</span> <span class='ocrx_word' id='word_1_166' title='bbox 610 2526 648 2586; x_wconf 89' lang='lat' dir='ltr'>de</span> <span class='ocrx_word' id='word_1_167' title='bbox 670 2528 795 2607; x_wconf 90' lang='lat' dir='ltr'>ingenio</span> <span class='ocrx_word' id='word_1_168' title='bbox 830 2533 860 2586; x_wconf 90' lang='lat' dir='ltr'>et</span> <span class='ocrx_word' id='word_1_169' title='bbox 887 2527 997 2587; x_wconf 92' lang='lat' dir='ltr'>labore</span> <span class='ocrx_word' id='word_1_170' title='bbox 1025 2527 1174 2606; x_wconf 87' lang='lat' dir='ltr'>desperan-</span> 
     </span>
     <span class='ocr_line' id='line_1_25' title="bbox 265 2607 1174 2687; baseline 0 -19"><span class='ocrx_word' id='word_1_171' title='bbox 265 2607 337 2668; x_wconf 92' lang='lat' dir='ltr'>dum</span> <span class='ocrx_word' id='word_1_172' title='bbox 361 2617 425 2687; x_wconf 90' lang='lat' dir='ltr'>est,</span> <span class='ocrx_word' id='word_1_173' title='bbox 464 2610 518 2669; x_wconf 91' lang='lat' dir='ltr'>sed</span> <span class='ocrx_word' id='word_1_174' title='bbox 540 2629 608 2668; x_wconf 92' lang='lat' dir='ltr'>cum</span> <span class='ocrx_word' id='word_1_175' title='bbox 633 2609 743 2670; x_wconf 91' lang='lat' dir='ltr'>timore</span> <span class='ocrx_word' id='word_1_176' title='bbox 773 2618 804 2669; x_wconf 92' lang='lat' dir='ltr'>et</span> <span class='ocrx_word' id='word_1_177' title='bbox 825 2609 996 2669; x_wconf 87' lang='lat' dir='ltr'>bumilitate</span> <span class='ocrx_word' id='word_1_178' title='bbox 1018 2630 1038 2669; x_wconf 87' lang='lat' dir='ltr'>a</span> <span class='ocrx_word' id='word_1_179' title='bbox 1061 2611 1125 2670; x_wconf 88' lang='lat' dir='ltr'>Deo</span> <span class='ocrx_word' id='word_1_180' title='bbox 1141 2612 1174 2669; x_wconf 91' lang='lat' dir='ltr'>in·</span> 
     </span>
     <span class='ocr_line' id='line_1_26' title="bbox 267 2692 1174 2770; baseline 0 -20"><span class='ocrx_word' id='word_1_181' title='bbox 267 2692 421 2751; x_wconf 87' lang='lat' dir='ltr'>tellectum</span> <span class='ocrx_word' id='word_1_182' title='bbox 446 2692 499 2751; x_wconf 88' lang='lat' dir='ltr'>tibi</span> <span class='ocrx_word' id='word_1_183' title='bbox 523 2695 619 2770; x_wconf 87' lang='lat' dir='ltr'>petas.</span> <span class='ocrx_word' id='word_1_184' title='bbox 663 2693 780 2752; x_wconf 86' lang='lat' dir='ltr'>Idcirco</span> <span class='ocrx_word' id='word_1_185' title='bbox 804 2712 871 2751; x_wconf 89' lang='lat' dir='ltr'>cnm</span> <span class='ocrx_word' id='word_1_186' title='bbox 894 2692 1035 2752; x_wconf 87' lang='lat' dir='ltr'>codicem</span> <span class='ocrx_word' id='word_1_187' title='bbox 1059 2692 1174 2770; x_wconf 89' lang='lat' dir='ltr'>accedis,</span> 
     </span>
     <span class='ocr_line' id='line_1_27' title="bbox 265 2774 1172 2854; baseline 0.001 -21"><span class='ocrx_word' id='word_1_188' title='bbox 265 2774 371 2833; x_wconf 91' lang='lat' dir='ltr'>oculos</span> <span class='ocrx_word' id='word_1_189' title='bbox 408 2781 438 2833; x_wconf 91' lang='lat' dir='ltr'>et</span> <span class='ocrx_word' id='word_1_190' title='bbox 467 2774 568 2834; x_wconf 91' lang='lat' dir='ltr'>cordis</span> <span class='ocrx_word' id='word_1_191' title='bbox 603 2782 634 2834; x_wconf 92' lang='lat' dir='ltr'>et</span> <span class='ocrx_word' id='word_1_192' title='bbox 666 2777 804 2854; x_wconf 90' lang='lat' dir='ltr'>corporis</span> <span class='ocrx_word' id='word_1_193' title='bbox 834 2775 962 2854; x_wconf 85' lang='lat' dir='ltr'>primum</span> <span class='ocrx_word' id='word_1_194' title='bbox 1000 2778 1028 2834; x_wconf 92' lang='lat' dir='ltr'>in</span> <span class='ocrx_word' id='word_1_195' title='bbox 1065 2777 1172 2835; x_wconf 87' lang='lat' dir='ltr'>coelum</span> 
     </span>
    </p>

    <p class='ocr_par' dir='ltr' id='par_1_5' title="bbox 241 2856 1176 3766">
     <span class='ocr_line' id='line_1_28' title="bbox 241 2856 1171 2939; baseline 0.003 -26"><span class='ocrx_word' id='word_1_196' title='bbox 241 2856 368 2916; x_wconf 77' lang='lat' dir='ltr'>‚eleves</span> <span class='ocrx_word' id='word_1_197' title='bbox 390 2856 429 2916; x_wconf 86' lang='lat' dir='ltr'>ad</span> <span class='ocrx_word' id='word_1_198' title='bbox 451 2856 615 2932; x_wconf 85' lang='lat' dir='ltr'>Christum,</span> <span class='ocrx_word' id='word_1_199' title='bbox 638 2857 722 2917; x_wconf 88' lang='lat' dir='ltr'>brevi</span> <span class='ocrx_word' id='word_1_200' title='bbox 744 2859 876 2938; x_wconf 90' lang='lat' dir='ltr'>suspirio</span> <span class='ocrx_word' id='word_1_201' title='bbox 892 2858 956 2917; x_wconf 89' lang='lat' dir='ltr'>eius</span> <span class='ocrx_word' id='word_1_202' title='bbox 979 2859 1110 2939; x_wconf 84' lang='lat' dir='ltr'>gratiam</span> <span class='ocrx_word' id='word_1_203' title='bbox 1129 2860 1171 2917; x_wconf 92' lang='lat' dir='ltr'>im·</span> 
     </span>
     <span class='ocr_line' id='line_1_29' title="bbox 263 2939 1175 3020; baseline 0.002 -22"><span class='ocrx_word' id='word_1_204' title='bbox 263 2939 429 3018; x_wconf 86' lang='lat' dir='ltr'>plorando,</span> <span class='ocrx_word' id='word_1_205' title='bbox 466 2940 548 3020; x_wconf 94' lang='lat' dir='ltr'>qnod</span> <span class='ocrx_word' id='word_1_206' title='bbox 576 2939 661 2999; x_wconf 90' lang='lat' dir='ltr'>idem</span> <span class='ocrx_word' id='word_1_207' title='bbox 684 2941 806 3019; x_wconf 88' lang='lat' dir='ltr'>saepius</span> <span class='ocrx_word' id='word_1_208' title='bbox 829 2939 1004 3011; x_wconf 87' lang='lat' dir='ltr'>faciendum</span> <span class='ocrx_word' id='word_1_209' title='bbox 1040 2949 1089 3001; x_wconf 88' lang='lat' dir='ltr'>est</span> <span class='ocrx_word' id='word_1_210' title='bbox 1110 2943 1175 3000; x_wconf 88' lang='lat' dir='ltr'>inter</span> 
     </span>
     <span class='ocr_line' id='line_1_30' title="bbox 262 3021 1174 3105; baseline 0.002 -25"><span class='ocrx_word' id='word_1_211' title='bbox 262 3021 436 3101; x_wconf 88' lang='lat' dir='ltr'>legendum,</span> <span class='ocrx_word' id='word_1_212' title='bbox 459 3023 513 3084; x_wconf 88' lang='lat' dir='ltr'>sed</span> <span class='ocrx_word' id='word_1_213' title='bbox 535 3030 569 3083; x_wconf 92' lang='lat' dir='ltr'>ut</span> <span class='ocrx_word' id='word_1_214' title='bbox 592 3022 675 3083; x_wconf 87' lang='lat' dir='ltr'>dicas</span> <span class='ocrx_word' id='word_1_215' title='bbox 699 3027 730 3083; x_wconf 89' lang='lat' dir='ltr'>et</span> <span class='ocrx_word' id='word_1_216' title='bbox 752 3024 885 3105; x_wconf 78' lang='lat' dir='ltr'>cogites:</span> <span class='ocrx_word' id='word_1_217' title='bbox 909 3024 966 3100; x_wconf 87' lang='lat' dir='ltr'>Da,</span> <span class='ocrx_word' id='word_1_218' title='bbox 989 3024 1130 3102; x_wconf 86' lang='lat' dir='ltr'>Domine,</span> <span class='ocrx_word' id='word_1_219' title='bbox 1148 3032 1174 3082; x_wconf 90' lang='lat' dir='ltr'>ut</span> 
     </span>
     <span class='ocr_line' id='line_1_31' title="bbox 263 3104 1172 3186; baseline 0.003 -23"><span class='ocrx_word' id='word_1_220' title='bbox 263 3111 295 3168; x_wconf 89' lang='lat' dir='ltr'>et</span> <span class='ocrx_word' id='word_1_221' title='bbox 315 3104 393 3164; x_wconf 89' lang='lat' dir='ltr'>haec</span> <span class='ocrx_word' id='word_1_222' title='bbox 414 3112 497 3166; x_wconf 90' lang='lat' dir='ltr'>recte</span> <span class='ocrx_word' id='word_1_223' title='bbox 519 3105 707 3186; x_wconf 83' lang='lat' dir='ltr'>intelligam,</span> <span class='ocrx_word' id='word_1_224' title='bbox 732 3109 829 3186; x_wconf 87' lang='lat' dir='ltr'>magis</span> <span class='ocrx_word' id='word_1_225' title='bbox 852 3113 884 3166; x_wconf 92' lang='lat' dir='ltr'>ut</span> <span class='ocrx_word' id='word_1_226' title='bbox 906 3114 937 3166; x_wconf 88' lang='lat' dir='ltr'>et</span> <span class='ocrx_word' id='word_1_227' title='bbox 957 3104 1082 3168; x_wconf 86' lang='lat' dir='ltr'>faciam.</span> <span class='ocrx_word' id='word_1_228' title='bbox 1124 3106 1172 3168; x_wconf 80' lang='lat' dir='ltr'>sed</span> 
     </span>
     <span class='ocr_line' id='line_1_32' title="bbox 263 3188 1173 3268; baseline 0.003 -22"><span class='ocrx_word' id='word_1_229' title='bbox 263 3205 338 3247; x_wconf 75' lang='lat' dir='ltr'>aare</span> <span class='ocrx_word' id='word_1_230' title='bbox 361 3188 501 3248; x_wconf 89' lang='lat' dir='ltr'>omnibns</span> <span class='ocrx_word' id='word_1_231' title='bbox 525 3188 634 3265; x_wconf 87' lang='lat' dir='ltr'>modis,</span> <span class='ocrx_word' id='word_1_232' title='bbox 656 3208 696 3249; x_wconf 87' lang='lat' dir='ltr'>ne</span> <span class='ocrx_word' id='word_1_233' title='bbox 718 3188 790 3250; x_wconf 91' lang='lat' dir='ltr'>ideo</span> <span class='ocrx_word' id='word_1_234' title='bbox 814 3191 918 3268; x_wconf 90' lang='lat' dir='ltr'>cupias</span> <span class='ocrx_word' id='word_1_235' title='bbox 942 3189 1073 3250; x_wconf 85' lang='lat' dir='ltr'>studere</span> <span class='ocrx_word' id='word_1_236' title='bbox 1091 3209 1173 3265; x_wconf 86' lang='lat' dir='ltr'>saara,</span> 
     </span>
     <span class='ocr_line' id='line_1_33' title="bbox 263 3271 1174 3352; baseline 0.002 -24"><span class='ocrx_word' id='word_1_237' title='bbox 263 3277 295 3330; x_wconf 92' lang='lat' dir='ltr'>ut</span> <span class='ocrx_word' id='word_1_238' title='bbox 317 3271 393 3330; x_wconf 91' lang='lat' dir='ltr'>velis</span> <span class='ocrx_word' id='word_1_239' title='bbox 418 3271 630 3331; x_wconf 87' lang='lat' dir='ltr'>tantummodo</span> <span class='ocrx_word' id='word_1_240' title='bbox 655 3273 734 3331; x_wconf 89' lang='lat' dir='ltr'>scire</span> <span class='ocrx_word' id='word_1_241' title='bbox 757 3280 788 3332; x_wconf 87' lang='lat' dir='ltr'>et</span> <span class='ocrx_word' id='word_1_242' title='bbox 809 3273 983 3352; x_wconf 85' lang='lat' dir='ltr'>intelligere</span> <span class='ocrx_word' id='word_1_243' title='bbox 1001 3276 1084 3350; x_wconf 85' lang='lat' dir='ltr'>(non</span> <span class='ocrx_word' id='word_1_244' title='bbox 1107 3275 1174 3332; x_wconf 87' lang='lat' dir='ltr'>enirn</span> 
     </span>
     <span class='ocr_line' id='line_1_34' title="bbox 261 3352 1175 3433; baseline 0.002 -22"><span class='ocrx_word' id='word_1_245' title='bbox 261 3352 353 3413; x_wconf 91' lang='lat' dir='ltr'>credo</span> <span class='ocrx_word' id='word_1_246' title='bbox 378 3360 408 3413; x_wconf 89' lang='lat' dir='ltr'>te</span> <span class='ocrx_word' id='word_1_247' title='bbox 430 3360 491 3413; x_wconf 87' lang='lat' dir='ltr'>tam</span> <span class='ocrx_word' id='word_1_248' title='bbox 515 3373 618 3413; x_wconf 87' lang='lat' dir='ltr'>crassa</span> <span class='ocrx_word' id='word_1_249' title='bbox 641 3355 779 3415; x_wconf 86' lang='lat' dir='ltr'>Minerva</span> <span class='ocrx_word' id='word_1_250' title='bbox 800 3375 879 3433; x_wconf 87' lang='lat' dir='ltr'>esse,</span> <span class='ocrx_word' id='word_1_251' title='bbox 903 3363 942 3419; x_wconf 82' lang='lat' dir='ltr'>ur</span> <span class='ocrx_word' id='word_1_252' title='bbox 956 3355 1120 3432; x_wconf 87' lang='lat' dir='ltr'>honorem,</span> <span class='ocrx_word' id='word_1_253' title='bbox 1141 3355 1175 3414; x_wconf 93' lang='lat' dir='ltr'>lu-</span> 
     </span>
     <span class='ocr_line' id='line_1_35' title="bbox 262 3438 1176 3518; baseline 0.003 -24"><span class='ocrx_word' id='word_1_254' title='bbox 262 3454 345 3495; x_wconf 90' lang='lat' dir='ltr'>crum</span> <span class='ocrx_word' id='word_1_255' title='bbox 370 3443 423 3496; x_wconf 89' lang='lat' dir='ltr'>ant</span> <span class='ocrx_word' id='word_1_256' title='bbox 443 3438 572 3516; x_wconf 87' lang='lat' dir='ltr'>gloriam</span> <span class='ocrx_word' id='word_1_257' title='bbox 596 3439 757 3518; x_wconf 80' lang='lat' dir='ltr'>quaeras),</span> <span class='ocrx_word' id='word_1_258' title='bbox 779 3439 841 3498; x_wconf 93' lang='lat' dir='ltr'>imo</span> <span class='ocrx_word' id='word_1_259' title='bbox 875 3458 934 3498; x_wconf 88' lang='lat' dir='ltr'>nec</span> <span class='ocrx_word' id='word_1_260' title='bbox 954 3446 988 3499; x_wconf 93' lang='lat' dir='ltr'>ut</span> <span class='ocrx_word' id='word_1_261' title='bbox 1009 3438 1088 3498; x_wconf 90' lang='lat' dir='ltr'>velis</span> <span class='ocrx_word' id='word_1_262' title='bbox 1109 3439 1176 3498; x_wconf 91' lang='lat' dir='ltr'>alios</span> 
     </span>
     <span class='ocr_line' id='line_1_36' title="bbox 261 3516 1176 3601; baseline 0.002 -25"><span class='ocrx_word' id='word_1_263' title='bbox 261 3516 389 3582; x_wconf 90' lang='lat' dir='ltr'>dooere:</span> <span class='ocrx_word' id='word_1_264' title='bbox 410 3523 488 3579; x_wconf 86' lang='lat' dir='ltr'>satis</span> <span class='ocrx_word' id='word_1_265' title='bbox 510 3520 564 3580; x_wconf 92' lang='lat' dir='ltr'>tibi</span> <span class='ocrx_word' id='word_1_266' title='bbox 588 3529 653 3580; x_wconf 91' lang='lat' dir='ltr'>tuta</span> <span class='ocrx_word' id='word_1_267' title='bbox 675 3522 715 3579; x_wconf 92' lang='lat' dir='ltr'>sit</span> <span class='ocrx_word' id='word_1_268' title='bbox 732 3523 890 3601; x_wconf 88' lang='lat' dir='ltr'>cogitatio,</span> <span class='ocrx_word' id='word_1_269' title='bbox 914 3529 1020 3600; x_wconf 91' lang='lat' dir='ltr'>potest</span> <span class='ocrx_word' id='word_1_270' title='bbox 1042 3523 1122 3582; x_wconf 91' lang='lat' dir='ltr'>enim</span> <span class='ocrx_word' id='word_1_271' title='bbox 1142 3521 1176 3580; x_wconf 92' lang='lat' dir='ltr'>ibi</span> 
     </span>
     <span class='ocr_line' id='line_1_37' title="bbox 261 3603 1176 3685; baseline 0.001 -25"><span class='ocrx_word' id='word_1_272' title='bbox 261 3603 469 3663; x_wconf 87' lang='lat' dir='ltr'>occultissime</span> <span class='ocrx_word' id='word_1_273' title='bbox 506 3604 602 3664; x_wconf 89' lang='lat' dir='ltr'>latere</span> <span class='ocrx_word' id='word_1_274' title='bbox 629 3603 829 3682; x_wconf 83' lang='lat' dir='ltr'>kenodoxia,</span> <span class='ocrx_word' id='word_1_275' title='bbox 866 3604 919 3664; x_wconf 93' lang='lat' dir='ltr'>sed</span> <span class='ocrx_word' id='word_1_276' title='bbox 953 3624 1083 3685; x_wconf 90' lang='lat' dir='ltr'>prorsus</span> <span class='ocrx_word' id='word_1_277' title='bbox 1113 3604 1176 3664; x_wconf 91' lang='lat' dir='ltr'>nihil</span> 
     </span>
     <span class='ocr_line' id='line_1_38' title="bbox 259 3687 1176 3766; baseline 0.004 -25"><span class='ocrx_word' id='word_1_278' title='bbox 259 3700 389 3760; x_wconf 87' lang='lat' dir='ltr'>quaeras</span> <span class='ocrx_word' id='word_1_279' title='bbox 411 3687 470 3746; x_wconf 91' lang='lat' dir='ltr'>nisi</span> <span class='ocrx_word' id='word_1_280' title='bbox 492 3687 624 3766; x_wconf 88' lang='lat' dir='ltr'>gloriam</span> <span class='ocrx_word' id='word_1_281' title='bbox 648 3687 729 3764; x_wconf 86' lang='lat' dir='ltr'>Dei,</span> <span class='ocrx_word' id='word_1_282' title='bbox 755 3688 798 3747; x_wconf 94' lang='lat' dir='ltr'>ita</span> <span class='ocrx_word' id='word_1_283' title='bbox 832 3695 864 3747; x_wconf 91' lang='lat' dir='ltr'>nt</span> <span class='ocrx_word' id='word_1_284' title='bbox 886 3689 931 3747; x_wconf 91' lang='lat' dir='ltr'>sic</span> <span class='ocrx_word' id='word_1_285' title='bbox 952 3690 994 3749; x_wconf 93' lang='lat' dir='ltr'>sis</span> <span class='ocrx_word' id='word_1_286' title='bbox 1018 3689 1176 3748; x_wconf 86' lang='lat' dir='ltr'>animatus:</span> 
     </span>
    </p>

    <p class='ocr_par' dir='ltr' id='par_1_6' title="bbox 149 3764 1214 3942">
     <span class='ocr_line' id='line_1_39' title="bbox 149 3764 1188 3853; baseline -0.012 -18"><span class='ocrx_word' id='word_1_287' title='bbox 149 3812 151 3816; x_wconf 93' lang='lat'>-</span> <span class='ocrx_word' id='word_1_288' title='bbox 252 3764 348 3851; x_wconf 74' lang='lat' dir='ltr'>Ecce,</span> <span class='ocrx_word' id='word_1_289' title='bbox 373 3772 496 3853; x_wconf 89' lang='lat' dir='ltr'>optime</span> <span class='ocrx_word' id='word_1_290' title='bbox 516 3771 654 3833; x_wconf 81' lang='lat' dir='ltr'>Domine</span> <span class='ocrx_word' id='word_1_291' title='bbox 668 3769 759 3845; x_wconf 78' lang='lat' dir='ltr'>lesu,</span> <span class='ocrx_word' id='word_1_292' title='bbox 774 3770 892 3827; x_wconf 76' lang='lat' dir='ltr'>arnon</span> <span class='ocrx_word' id='word_1_293' title='bbox 911 3770 1045 3825; x_wconf 62' lang='lat' dir='ltr'>estmoe</span> <span class='ocrx_word' id='word_1_294' title='bbox 1063 3771 1188 3846; x_wconf 57' lang='lat' dir='ltr'>audura</span> 
     </span>
     <span class='ocr_line' id='line_1_40' title="bbox 165 3845 1214 3942; baseline -0.02 -26"><span class='ocrx_word' id='word_1_295' title='bbox 165 3887 168 3891; x_wconf 32' lang='lat' dir='ltr'>v</span> <span class='ocrx_word' id='word_1_296' title='bbox 246 3854 278 3920; x_wconf 90' lang='lat' dir='ltr'>in</span> <span class='ocrx_word' id='word_1_297' title='bbox 298 3848 443 3942; x_wconf 82' lang='lat' dir='ltr'>gloriam</span> <span class='ocrx_word' id='word_1_298' title='bbox 468 3866 586 3937; x_wconf 82' lang='lat' dir='ltr'>tuam,</span> <span class='ocrx_word' id='word_1_299' title='bbox 615 3871 695 3932; x_wconf 72' lang='lat' dir='ltr'>ergo</span> <span class='ocrx_word' id='word_1_300' title='bbox 721 3868 772 3911; x_wconf 78' lang='lat' dir='ltr'>ne</span> <span class='ocrx_word' id='word_1_301' title='bbox 795 3848 902 3918; x_wconf 67' lang='lat' dir='ltr'>iacias</span> <span class='ocrx_word' id='word_1_302' title='bbox 927 3863 984 3902; x_wconf 75' lang='lat' dir='ltr'>rna</span> <span class='ocrx_word' id='word_1_303' title='bbox 1001 3845 1049 3901; x_wconf 64' lang='lat' dir='ltr'>ab</span> <span class='ocrx_word' id='word_1_304' title='bbox 1065 3845 1214 3914; x_wconf 53' lang='lat' dir='ltr'>egnatius</span> 
     </span>
    </p>
   </div>
   <div class='ocr_carea' id='block_1_5' title="bbox 0 0 1360 4417">
    <p class='ocr_par' dir='ltr' id='par_1_7' title="bbox 0 0 1360 4417">
     <span class='ocr_line' id='line_1_41' title="bbox 0 0 1360 4417; baseline 0 1"><span class='ocrx_word' id='word_1_305' title='bbox 0 0 1360 4417; x_wconf 95' lang='lat' dir='ltr'> </span> 
     </span>
    </p>
   </div>
  </div>
 </body>
</html>
