2709 4417
273 357 336 431 372
515 365 608 420 Resol.
627 364 655 421 L.
676 352 764 434 snper
777 365 975 434 Propositione

277 588 281 602 ι
358 552 486 632 Propter
519 549 600 630 quod
635 550 796 630 diligenter
823 549 864 609 de
897 548 1002 610 divina
1029 549 1163 611 traditione

276 642 307 695 et
328 635 501 714 apostolica
523 634 738 694 observatione
757 633 941 693 servandum
965 638 1014 693 est
1034 640 1064 692 et
1084 639 1164 693 tenen-

178 711 182 724 “
252 718 365 796 dum,
396 716 479 797 quod
508 715 590 796 apud
611 736 668 776 nos
691 735 813 796 quoque
836 723 867 776 et
887 716 952 776 fere
974 717 1164 795 provincias¹l

275 800 433 860 universas
457 808 587 874 tenetur,
609 806 642 858 ut
664 799 703 859 ad
726 798 937 859 ordinationes
958 801 1017 859 rite
1039 799 1167 858 celebran-

275 883 345 961 das,
378 881 417 943 ad
446 901 514 943 eam
544 882 687 963 plebem,
725 884 773 942 cui
800 883 997 961 praepositus
1027 880 1168 959 ordinatur,

275 966 412 1045 episcopi
435 964 571 1025 eiusdem
594 965 771 1044 provinciae
792 966 957 1044 propinqui
988 965 1096 1042 quique
1114 983 1169 1024 con-

275 1049 413 1124 veniant,
448 1056 479 1108 et>
509 1048 672 1127 episcopus
707 1047 857 1127 deligatur
890 1047 984 1128 plebe
1020 1056 1170 1127 praesente,

275 1148 353 1210 quae
375 1130 563 1211 singulorum
586 1131 678 1190 vitam
703 1130 880 1210 plenissime
909 1132 1007 1191 novit.
1051 1129 1132 1204 Quod
1149 1140 1171 1190 et

273 1211 356 1293 apud
379 1233 434 1273 voa
456 1214 567 1274 sactum
591 1212 729 1272 videmus
752 1215 782 1272 in
805 1213 910 1274 Sabini
934 1213 1032 1272 nostri
1055 1213 1171 1292 collegae

275 1295 486 1372 ordinatione,
514 1303 547 1355 ut
576 1295 613 1354 de
643 1297 804 1356 universae
825 1295 1026 1356 fraternitatis
1049 1294 1171 1375 suffugio

275 1386 307 1438 et
333 1377 371 1438 de
399 1380 632 1458 episcoporum,
668 1381 719 1458 qui
752 1381 781 1438 in
811 1381 1019 1458 praesentiam
1042 1397 1173 1439 convene·

275 1470 357 1538 rant,
394 1463 444 1539 qui
477 1461 516 1521 de
544 1481 582 1521 eo
612 1460 650 1520 ad
681 1481 737 1522 vos
759 1462 863 1521 literas
884 1462 1045 1539 fecerant,
1078 1461 1173 1521 indicio

275 1545 471 1624 episcopatus
501 1545 528 1604 ei
556 1543 740 1622 deferretur,
773 1551 805 1604 et
831 1563 941 1604 manua
970 1546 999 1604 ei
1032 1545 1061 1603 in
1090 1545 1173 1604 locun

275 1626 415 1687 Basilidis
436 1629 652 1707 imponeretur.

356 1709 518 1770 Hunct
479 1711 568 1770 ritum
597 1709 666 1787 et2)
704 1729 758 1790 per
792 1710 900 1769 multas
931 1709 1010 1769 alias
1044 1709 1174 1789 epistolas

275 1792 354 1852 idem
388 1793 558 1872 Cyprianus
594 1799 831 1869 commemorat,
864 1812 989 1873 semper
1016 1792 1174 1887 suffragium

275 1874 381 1956 populi
410 1885 441 1935 et
468 1875 610 1935 iudicium
643 1877 882 1955 propinquorum
910 1877 1126 1956 episcoporum
1145 1876 1176 1933 its
1216 1872 1218 1943 l

274 1958 429 2054 allegans,
461 1958 595 2018 uthans
624 1979 661 2017 ex
691 1959 758 2020 Deo
781 1958 1006 2018 ordinationem
1032 1978 1099 2019 esse
1122 1977 1175 2016 eun
1217 1958 1218 2029 l

275 2038 387 2100 fiducia
410 2043 1218 2137 pronunciet,

358 2121 416 2197 Qui
439 2125 523 2200 ritus,
548 2123 619 2203 quid
643 2126 683 2184 sit
704 2123 742 2183 ad
766 2143 846 2201 eum,
869 2125 919 2202 qui
943 2124 1039 2184 hodie
1061 2144 1100 2183 ex
1111 2122 1177 2183 Urbe

274 2207 404 2286 petitur,
438 2209 468 2266 in
501 2225 561 2284 quo
589 2226 651 2267 non
681 2207 773 2267 modo
807 2207 950 2266 exclusus
980 2214 1029 2267 est
1050 2207 1177 2286 populus,

276 2289 329 2348 sed
352 2308 410 2348 nec
423 2289 565 2350 sacerdo
553 2296 615 2348 tum
641 2290 821 2350 electiot
774 2297 821 2348 sat
822 2292 847 2348 is
870 2298 927 2367 est,
949 2285 1025 2349 aliis
1042 2290 1180 2384 relinquo.

274 2372 339 2431 Nec
368 2372 480 2431 referre
513 2380 560 2431 est
581 2392 724 2451 necesse,
760 2380 873 2451 quanto
842 2372 1022 2432 tofelicius
1053 2372 1165 2431 hodie
1159 2391 1178 2430 rs

273 2457 346 2514 ritus
369 2455 489 2515 divinus
512 2462 693 2533 servaretur,
715 2457 892 2534 praesertim
917 2463 963 2515 tot
981 2455 1108 2515 sacerdo
1112 2455 1178 2514 tibus

275 2538 362 2597 malis
384 2539 592 2618 regnantibus,
615 2544 645 2598 et
666 2540 762 2598 invito
785 2539 900 2618 populo
924 2539 1086 2618 impositis.
1113 2538 1178 2596 Nam

276 2619 413 2680 videmus
436 2630 508 2700 'per
536 2622 706 2681 Romanam
737 2622 867 2697 curiam,
902 2641 957 2701 per
985 2623 1100 2702 gratias
1121 2640 1179 2679 suas

275 2704 516 2782 exspectativas,
541 2706 652 2784 passim
677 2705 708 2763 in
732 2703 875 2763 mnndum
899 2706 991 2764 etiam
1014 2703 1123 2764 intrudi
1144 2723 1179 2762 sa-

276 2785 425 2846 cerdotes.
461 2786 631 2846 Transeant
664 2786 750 2847 haec.
772 2787 840 2846 Hoc
861 2805 983 2866 queror,
1007 2786 1090 2865 qnod
1112 2787 1179 2845 hunc

275 2870 364 2928 ritum
399 2870 636 2929 sacratissimum
672 2878 703 2930 et
735 2876 904 2948 vetustum,
938 2871 1058 2949 iurique
1088 2869 1179 2928 divino

275 2971 329 3032 per
352 2954 455 3012 omnia
472 2953 670 3030 conformem,
693 2953 724 3012 hi
746 2955 841 3012 nostri
855 2953 1043 3012 haereticum
1067 2960 1098 3012 et
1111 2952 1179 3011 dam·

275 3043 377 3094 natum
400 3035 504 3095 haberi
518 3036 643 3114 -volunt,
667 3055 741 3116 prae
761 3037 819 3095 ritu
841 3055 896 3095 suo
918 3037 1102 3114 recentiore,
1124 3054 1178 3094 curn

275 3124 389 3177 certum
413 3118 553 3178 omnibus
576 3121 623 3196 ait,
648 3118 678 3180 S.
702 3117 883 3198 Nicolaum,
906 3119 936 3180 S.
960 3119 1137 3194 Martinum,
1156 3117 1178 3177 S.

275 3202 493 3281 Augustinnm,
524 3202 553 3261 S.
577 3202 789 3281 Ambrosium,
813 3220 984 3280 omnesque
1007 3201 1179 3282 priscosPa·

274 3290 335 3343 tres
371 3303 407 3342 eo
446 3283 537 3344 modo
565 3285 658 3344 fuisse
688 3284 854 3345 ordinatos.
909 3285 956 3345 Sit
982 3286 1088 3363 itaque
1119 3285 1178 3343 ritus

274 3365 450 3443 hodiernus,
474 3367 573 3445 qualis
597 3387 666 3427 esee
688 3373 799 3447 potest,
822 3367 914 3428 modo
926 3368 1101 3427 Romanurn
1119 3386 1177 3447 pon·

275 3449 384 3508 tilioem
408 3468 469 3509 non
498 3451 563 3509 iure
585 3450 689 3510 divino
720 3450 750 3510 id
774 3469 866 3530 posse
891 3456 1050 3530 putemus,
1088 3470 1126 3510 nc
1144 3455 1178 3508 tot

274 3532 445 3593 seculorum
469 3532 599 3593 Sanctos
628 3541 659 3593 et
681 3534 828 3613 Martyres
852 3541 960 3593 contra
987 3536 1034 3593 ius
1058 3533 1175 3593 divinum
1217 3552 1218 3559 ¹

274 3615 375 3692 egisse
398 3615 587 3676 damnemus.

278 3753 467 3767 Μ

344 3810 374 3876 l)
399 3811 428 3862 ln
455 3807 502 3864 ed.
521 3808 588 3863 len
610 3810 639 3859 et
654 3803 752 3856 mitt..
779 3816 831 3884 pet
855 3801 1031 3911 prouinciae
1058 3799 1142 3855 mn
1159 3797 1196 3843 ab

255 3885 360 3955 priore
382 3883 484 3941 deestt
498 3888 538 3940 el
906 3899 914 3920 x
1113 3905 1117 3911 ι
