2709 4417
526 327 623 377 eontra
639 322 702 378 Juh.
721 322 842 376 Eccium.
1079 320 1142 388 503

218 510 368 571 tariorum
396 512 622 572 commentariis
651 510 805 591 descripta
842 510 1019 572 declarabit.
1060 463 1138 573 Ndm

217 601 253 654 et
274 593 369 671 haec,
403 596 428 655 ai
450 595 598 670 licuisset,
637 595 731 655 sileas
763 595 928 655 malueram
961 595 1137 675 praeterire,

217 677 406 738 immodeste
427 697 446 737 a
467 697 516 737 me
539 679 568 736 in
592 676 675 736 illum
700 697 738 737 ne
751 676 875 737 verbum
899 678 1020 758 quidem
1043 679 1138 739 ullum

217 759 336 819 dictum
360 767 416 821 est.
445 760 577 820 Proinde
596 761 729 821 vicissim
750 761 897 840 obtestor,
920 780 1012 823 causa
1025 769 1141 842 pugnet

217 861 285 902 non
320 844 523 903 contumeliis.
576 843 729 903 Debemus
766 845 846 903 enim
880 845 1014 922 caritati,
1047 864 1138 923 quam

219 926 331 1004 cupio,
365 927 407 984 ita
439 946 486 984 me
506 926 587 984 Deus
616 933 714 1004 amet,
749 945 787 984 ex
820 929 922 986 animo
958 928 1137 987 inviolatam

217 1007 433 1086 illaesamque.
469 1006 558 1082 Quod
582 1028 654 1068 vero
677 1009 843 1068 crassiores
857 1028 913 1067 nos
936 1016 1031 1088 putat,
1048 1028 1137 1088 quam

218 1095 256 1148 ut
277 1089 316 1148 de
338 1089 519 1153 sublimibus
540 1090 754 1168 theologorum
778 1091 1008 1169 quaestionibus
1025 1092 1138 1170 aliquid

218 1172 421 1251 attingamus,
443 1192 504 1232 non
532 1173 680 1254 displicet,
725 1173 817 1233 Modo
840 1176 995 1253 permittat
1023 1181 1053 1234 et
1075 1175 1138 1234 vul-

218 1273 279 1333 gus
303 1253 505 1314 Christianum
529 1252 574 1314 de¹
589 1257 646 1334 piis
668 1274 887 1334 nonnunquam
909 1256 1139 1335 quaestionibus

219 1336 375 1414 colloqui,
402 1345 494 1416 atque
516 1337 594 1397 adeo
618 1357 691 1413 nos,
719 1339 770 1416 qui
792 1358 810 1397 a
832 1338 1009 1419 theologiae
1031 1342 1177 1400 studiis·

219 1437 286 1479 non
309 1421 434 1479 omnino
458 1420 672 1498 abhorremus,
707 1421 738 1479 id
771 1440 869 1500 genus
900 1423 993 1480 sacris
1021 1421 1137 1482 deliciis

219 1502 357 1561 animum
380 1521 598 1580 nonnunquam
623 1522 760 1581 pascere.
803 1502 925 1577 Quanto
956 1505 1050 1563 satius
1073 1512 1139 1565 erat

218 1584 383 1663 parvulos,
416 1587 446 1644 in
469 1587 576 1663 quibus
599 1605 655 1645 nos
680 1605 801 1664 quoque
823 1605 942 1664 sumus,
971 1583 1079 1646 favore
1100 1589 1138 1647 a'c
1167 1582 1171 1602 ¹

220 1666 325 1726 studio
360 1668 494 1727 animare
529 1668 566 1726 ad
591 1669 656 1747 pias
679 1669 796 1744 literas,
819 1670 897 1746 imo,
925 1669 1043 1734 etiamsi
1065 1668 1137 1748 quid

220 1748 435 1827 delinquerent
462 1769 517 1828 per
544 1749 794 1829 imprudentiam,
827 1753 1007 1830 connivere,
1044 1762 1135 1831 quam

219 1831 396 1891 huiusmodi
421 1833 542 1911 tragicis
566 1832 693 1893 vocibus
718 1833 881 1894 deterrere.

306 1914 397 1990 Vale,
421 1916 460 1973 mi
485 1915 596 1992 lector,
625 1923 656 1975 et
678 1915 888 1976 defensionem
905 1923 1040 1977 nostram
1062 1915 1137 1976 boni

220 1997 357 2055 consule.
400 1996 477 2056 Nam
502 1999 620 2076 etipse
643 2000 728 2058 testis
761 2000 818 2059 erit
838 1999 965 2077 Eccius,
999 1999 1160 2078 potuisse·

221 2098 271 2138 me
292 2078 371 2138 hanc
394 2097 518 2149 causam
548 2082 701 2160 plerisque
722 2081 799 2140 locis
828 2082 1009 2142 invidiosius
1031 2101 1134 2162 agere,

220 2163 245 2220 si
274 2163 377 2221 animo
408 2162 532 2222 liberius
560 2163 764 2223 indulsissem.
816 2164 928 2224 lterum
956 2164 1044 2226 Vale.
1088 2164 1136 2224 Ex

219 2246 326 2304 inclita
348 2245 502 2306 Saxoniae
524 2246 763 2326 Vuittemberga.

520 2328 612 2389 An'no
635 2329 674 2389 M.
698 2330 735 2390 D.
759 2330 836 2393 XIX.
