2709 4417
520 358 848 429 allaturiisaqaapta'r·
885 412 887 417 ,
935 394 937 401 ·
1086 358 1129 428 35

220 545 286 607 titan.
319 543 369 605 Ob
391 544 425 605 id
448 547 529 609 sciat
548 546 736 621 reverendus
758 547 859 627 Pater,
882 567 933 609 ma
954 568 1018 609 non
1040 550 1129 611 nudis

221 627 300 689 tarbis
322 629 442 706 satiari,
465 635 501 688 ut
520 630 676 710 sophistas
698 649 827 710 pascere
848 632 995 695 solemus.
1041 631 1129 706 Quae

223 709 409 789 uoyprianu
432 731 490 790 pro
515 732 549 772 sa
569 712 667 790 affert,
692 713 892 796 opponendo,
915 713 1055 794 arbitror,
1078 735 1127 776 ou·

223 792 342 855 nulatiua
363 791 493 855 afficiat.
536 795 615 855 Nam
650 796 734 875 quod
756 795 929 876 Cyprianus
952 796 1127 863 cornelium

224 876 321 937 ianam
343 877 503 956 appellat,
534 885 566 938 st
592 879 753 958 apostolos
779 879 888 941 fratrm
918 880 1012 940 fuisse
1035 900 1127 942 nomo

225 961 307 1037 auoit,
328 967 469 1021 attamen
492 960 610 1037 Petrus,
633 963 714 1022 siout
736 969 767 1022 et
788 962 854 1022 aius
876 980 1040 1024 suooassor
1054 964 1126 1024 Cor·

224 1042 307 1119 nlius
322 1049 419 1121 oaput
439 1043 498 1102 fuit
517 1043 742 1123 apostolorum,
754 1064 836 1125 apax
857 1054 888 1106 et
902 1052 1020 1124 verton,
1042 1048 1128 1106 iuxta

225 1125 243 1186 B.
254 1125 393 1204 Dionysii
413 1145 483 1206 oap.
493 1128 522 1189 3.
544 1127 630 1192 vell.
653 1127 693 1188 de
714 1127 787 1191 divi.
810 1129 984 1189 nominibus
1006 1136 1127 1189 santen-

224 1209 283 1268 tium

281 1290 328 1351 Da
351 1289 508 1351 electione
531 1298 562 1351 et
582 1293 715 1371 oonoilio
737 1293 855 1354 Niaeno
879 1299 911 1354 at
932 1313 951 1353 a
970 1293 1125 1373 cypriano

221 1373 378 1452 mnsaripta
400 1392 460 1433 naa
481 1382 675 1453 promovent,
699 1395 758 1435 neo
777 1376 949 1456 impediunt
968 1377 1124 1455 nogotium

217 1455 350 1516 stmulto
375 1457 475 1516 minus
502 1457 692 1537 Augustinus
714 1459 767 1519 lib.
789 1461 819 1523 2.
841 1477 909 1538 oap.
932 1461 959 1522 2.
985 1458 1024 1518 da
1052 1459 1124 1538 bap·

215 1539 289 1599 tisnm
312 1539 512 1616 parvulorum
536 1539 669 1602 debebat
691 1541 800 1601 adduoi
833 1549 905 1620 post
927 1541 1123 1621 cyprianum.

210 1620 275 1681 llam
296 1620 487 1701 Augustinus
510 1624 717 1702 arrogantiam
740 1630 771 1684 st
792 1625 996 1684 temeritatem
1008 1643 1124 1701 sorum,

210 1705 252 1781 qui
271 1722 328 1783 par
349 1703 549 1765 ambitionem
571 1712 611 1765 -at
632 1706 806 1785 superbiam
834 1706 874 1765 ari
896 1707 1123 1767 aoolesiastioaa

208 1786 390 1865 praelaturas
413 1788 626 1868 satagerunt,
647 1789 861 1868 raprahsndit‚
883 1790 966 1867 quod
988 1809 1050 1850 non
1074 1790 1122 1849 do·

209 1868 295 1929 boant
314 1888 350 1929 sa
372 1871 578 1949 constituero,
611 1890 669 1931 nso
692 1872 769 1932 alios
792 1891 905 1952 oogera
933 1871 973 1932 ad
995 1891 1030 1932 sa
1052 1891 1123 1933 oon·

208 1951 403 2030 stituandum,
434 1971 504 2014 cum
531 1955 665 2032 quisquo
681 1953 839 2015 Praalstus
867 1962 1051 2034 exspectare
1075 1954 1124 2014 ds·

208 2034 281 2112 boot,
303 2040 338 2093 ut
358 2043 497 2112 voootur,
520 2038 598 2097 siout
618 2036 735 2098 Aaron.
797 2040 799 2047 '

280 2117 386 2178 Tertio
410 2117 503 2178 aliam
525 2118 673 2198 Cypriani
692 2121 877 2183 sententiam
903 2138 941 2179 ex
964 2122 993 2182 2.
1026 2119 1123 2198 Epist

210 2199 242 2259 ad
259 2199 436 2261 Cornelium
460 2201 619 2278 diluturus,
641 2202 810 2282 respondit,
828 2204 975 2262 unitatem
1001 2201 1123 2280 quidem

211 2282 428 2343 saoerdotalsm
450 2285 481 2344 in
504 2284 689 2345 oaoidsntuli
710 2286 843 2346 eoolasia
868 2305 888 2345 a
910 2285 1051 2345 Romana
1071 2304 1124 2344 ax·

213 2373 316 2443 ortam,
354 2385 417 2427 non
448 2368 478 2426 in
508 2367 658 2428 orientali.
702 2367 839 2429 Obtinuit
865 2368 916 2427 hio
937 2367 1123 2428 reverendus

212 2448 306 2526 Pater,
329 2449 414 2527 quod
437 2449 612 2530 Cyprianus
642 2451 863 2530 praaoadantsr
882 2451 1054 2511 Romanam
1076 2468 1124 2509 ao·

213 2531 325 2593 alasiam
349 2531 519 2611 appellavit
539 2533 621 2593 Patri
644 2534 822 2595 oathadram
845 2540 937 2611 atque
962 2533 1123 2593 eoolsaiam

214 2614 422 2694 principalem,
444 2614 499 2675 sad
521 2614 593 2694 quid
615 2634 672 2675 sua
695 2617 810 2677 solutio
832 2618 938 2696 possit
960 2615 1123 2677 medullam

215 2696 364 2759 vorborum
384 2699 563 2778 inspioianti
590 2712 638 2758 est
659 2700 915 2776 manifestarium
948 2719 1018 2759 nam
1041 2718 1123 2758 ravo

215 2779 312 2841 raudus
338 2786 430 2859 pater
458 2799 545 2842 more
579 2784 780 2861 grammatino
810 2792 910 2842 ortum
935 2783 1058 2842 unitatis
1078 2801 1123 2840 sa·

218 2861 369 2924 oudotalis
403 2863 565 2942 intelligit,
596 2864 701 2943 qupad
729 2865 897 2944 auspicium
935 2873 968 2924 st
996 2865 1124 2940 initium,

218 2963 270 3003 oum
301 2945 442 3024 profeoto
477 2946 648 3026 Cyprianus
681 2948 814 3008 voluerit
842 2946 997 3026 explicaro
1024 2955 1122 3007 ortum

220 3029 453 3107 turtinisaiouia7
484 3028 744 3091 subordinat-ionis
773 3049 828 3091 sou
849 3028 997 3106 influxus,
1030 3037 1063 3088 ut
1084 3029 1122 3088 ab

221 3129 266 3173 uuo
287 3110 396 3189 Petro,
418 3111 503 3174 velut
516 3131 542 3173 -a
562 3114 680 3193 oapito,
706 3115 737 3173 in
760 3120 880 3174 ostoros
905 3131 1018 3173 omnes
1039 3113 1122 3172 iuris,

223 3191 296 3255 liotio
313 3195 354 3255 sit
374 3193 524 3271 derivata,
545 3195 660 3274 alioqui
681 3215 745 3257 non
767 3195 852 3257 dabit
873 3214 965 3257 uuum
982 3195 1123 3255 saoardo·

224 3281 278 3353 aa,
298 3295 356 3339 aaa
376 3277 613 3357 Hierosolymis,
653 3279 776 3357 Tamo,
797 3278 879 3357 quod
903 3297 972 3338 sum
993 3297 1055 3337 non
1078 3296 1122 3337 re·

224 3357 290 3419 levat
307 3360 448 3441 glossula
468 3359 589 3421 adiaata
610 3360 648 3421 ds
671 3361 853 3422 ooaidantali
876 3361 1024 3438 soolesia,
1052 3379 1121 3420 aum

226 3441 249 3500 B.
258 3440 460 3522 Hieronymus
483 3442 521 3503 ab
539 3445 627 3504 initio
649 3463 723 3505 suae
736 3444 895 3523 Epistulae
916 3433 956 3503 ob
978 3443 1007 3502 id
1024 3444 1123 3503 orien-

227 3523 299 3587 utem
326 3526 492 3589 eoolosiam
524 3540 564 3589 ax
587 3526 713 3588 Oriente
741 3526 877 3588 soribens
897 3526 1122 3587 schismaticam
1201 3560 1212 3583 2

229 3604 302 3684 linat,
324 3626 403 3686 quas
425 3607 618 3673 indiscissam
639 3610 762 3671 Domini
785 3611 917 3671 tuniaum
940 3617 971 3671 at
993 3609 1124 3688 dasupar

231 3695 383 3750 nonarum
407 3691 579 3751 minutatim
601 3711 656 3771 per
683 3693 792 3753 frustra
813 3693 967 3773 discarpit.
1011 3692 1123 3753 Christi

231 3770 344 3851 vineam,
365 3775 481 3852 inquit,
502 3773 611 3854 vulpes
633 3777 853 3853 exterminant,
871 3775 1021 3835 denotans
1043 3774 1122 3834 soiii·
1208 3794 1210 3799 ·

233 3860 268 3911 ast
281 3854 495 3934 Hieronymus,
531 3857 613 3934 quod
636 3877 755 3941 sponsa
781 3860 812 3920 in
835 3860 978 3935 Cautioiu,
989 3876 1121 3939 oonque·

851 3943 914 4014 3*
