<?xml version="1.0" encoding="UTF-8"?>
<!DOCTYPE html PUBLIC "-//W3C//DTD XHTML 1.0 Transitional//EN"
    "http://www.w3.org/TR/xhtml1/DTD/xhtml1-transitional.dtd">
<html xmlns="http://www.w3.org/1999/xhtml" xml:lang="en" lang="en">
 <head>
  <title>
</title>
<meta http-equiv="Content-Type" content="text/html;charset=utf-8" />
  <meta name='ocr-system' content='tesseract 3.04.00' />
  <meta name='ocr-capabilities' content='ocr_page ocr_carea ocr_par ocr_line ocrx_word'/>
</head>
<body>
  <div class='ocr_page' id='page_1' title='image "./operalatinavari00schmgoog_0392.png"; bbox 0 0 2709 4417; ppageno 0'>
   <div class='ocr_carea' id='block_1_1' title="bbox 276 353 987 426">
    <p class='ocr_par' dir='ltr' id='par_1_1' title="bbox 276 353 987 426">
     <span class='ocr_line' id='line_1_1' title="bbox 276 353 987 426; baseline -0.001 -15"><span class='ocrx_word' id='word_1_1' title='bbox 276 353 339 421; x_wconf 82' lang='lat'>380</span> <span class='ocrx_word' id='word_1_2' title='bbox 525 356 617 410; x_wconf 82' lang='lat' dir='ltr'>Resol.</span> <span class='ocrx_word' id='word_1_3' title='bbox 640 358 667 410; x_wconf 83' lang='lat' dir='ltr'>L.</span> <span class='ocrx_word' id='word_1_4' title='bbox 688 371 771 426; x_wconf 83' lang='lat' dir='ltr'>snper</span> <span class='ocrx_word' id='word_1_5' title='bbox 788 356 987 426; x_wconf 79' lang='lat' dir='ltr'>Propositionc</span> 
     </span>
    </p>
   </div>
   <div class='ocr_carea' id='block_1_2' title="bbox 276 540 1207 1861">
    <p class='ocr_par' dir='ltr' id='par_1_2' title="bbox 276 540 1207 1861">
     <span class='ocr_line' id='line_1_2' title="bbox 277 540 1167 619; baseline 0.002 -18"><span class='ocrx_word' id='word_1_6' title='bbox 277 559 417 601; x_wconf 86' lang='lat' dir='ltr'>cessores</span> <span class='ocrx_word' id='word_1_7' title='bbox 440 543 528 601; x_wconf 88' lang='lat' dir='ltr'>nnius</span> <span class='ocrx_word' id='word_1_8' title='bbox 551 542 653 601; x_wconf 87' lang='lat' dir='ltr'>Petri?</span> <span class='ocrx_word' id='word_1_9' title='bbox 698 542 758 602; x_wconf 88' lang='lat' dir='ltr'>Cur</span> <span class='ocrx_word' id='word_1_10' title='bbox 785 541 896 600; x_wconf 87' lang='lat' dir='ltr'>celeris</span> <span class='ocrx_word' id='word_1_11' title='bbox 926 540 1076 619; x_wconf 86' lang='lat' dir='ltr'>apostolis</span> <span class='ocrx_word' id='word_1_12' title='bbox 1096 544 1167 603; x_wconf 86' lang='lat' dir='ltr'>anler-</span> 
     </span>
     <span class='ocr_line' id='line_1_3' title="bbox 278 623 1169 704; baseline 0.002 -20"><span class='ocrx_word' id='word_1_13' title='bbox 278 633 325 684; x_wconf 87' lang='lat' dir='ltr'>tur</span> <span class='ocrx_word' id='word_1_14' title='bbox 363 644 418 684; x_wconf 86' lang='lat' dir='ltr'>ena</span> <span class='ocrx_word' id='word_1_15' title='bbox 450 625 563 704; x_wconf 83' lang='lat' dir='ltr'>glorio,</span> <span class='ocrx_word' id='word_1_16' title='bbox 617 636 647 684; x_wconf 87' lang='lat' dir='ltr'>et</span> <span class='ocrx_word' id='word_1_17' title='bbox 690 624 829 683; x_wconf 82' lang='lat' dir='ltr'>tribuitur</span> <span class='ocrx_word' id='word_1_18' title='bbox 859 623 918 682; x_wconf 90' lang='lat' dir='ltr'>soli</span> <span class='ocrx_word' id='word_1_19' title='bbox 968 624 1078 683; x_wconf 84' lang='lat' dir='ltr'>Petro?</span> <span class='ocrx_word' id='word_1_20' title='bbox 1125 626 1169 686; x_wconf 83' lang='lat' dir='ltr'>Cur</span> 
     </span>
     <span class='ocr_line' id='line_1_4' title="bbox 278 706 1168 786; baseline 0.003 -21"><span class='ocrx_word' id='word_1_21' title='bbox 278 726 339 767; x_wconf 92' lang='lat' dir='ltr'>non</span> <span class='ocrx_word' id='word_1_22' title='bbox 362 706 487 785; x_wconf 82' lang='lat' dir='ltr'>quilibet</span> <span class='ocrx_word' id='word_1_23' title='bbox 508 709 644 786; x_wconf 83' lang='lat' dir='ltr'>episcopi</span> <span class='ocrx_word' id='word_1_24' title='bbox 667 707 797 777; x_wconf 82' lang='lat' dir='ltr'>habent,</span> <span class='ocrx_word' id='word_1_25' title='bbox 826 706 908 784; x_wconf 91' lang='lat' dir='ltr'>qnod</span> <span class='ocrx_word' id='word_1_26' title='bbox 932 707 1168 785; x_wconf 84' lang='lat' dir='ltr'>apostolicorum</span> 
     </span>
     <span class='ocr_line' id='line_1_5' title="bbox 276 789 1170 867; baseline 0.003 -19"><span class='ocrx_word' id='word_1_27' title='bbox 276 789 456 855; x_wconf 74' lang='lat' dir='ltr'>babuerunt,</span> <span class='ocrx_word' id='word_1_28' title='bbox 478 809 545 848; x_wconf 88' lang='lat' dir='ltr'>cum</span> <span class='ocrx_word' id='word_1_29' title='bbox 569 791 726 850; x_wconf 83' lang='lat' dir='ltr'>Romanus</span> <span class='ocrx_word' id='word_1_30' title='bbox 750 789 872 865; x_wconf 85' lang='lat' dir='ltr'>babeat,</span> <span class='ocrx_word' id='word_1_31' title='bbox 895 789 980 867; x_wconf 87' lang='lat' dir='ltr'>quod</span> <span class='ocrx_word' id='word_1_32' title='bbox 994 790 1096 848; x_wconf 86' lang='lat' dir='ltr'>Petrus</span> <span class='ocrx_word' id='word_1_33' title='bbox 1116 811 1170 851; x_wconf 90' lang='lat' dir='ltr'>suus</span> 
     </span>
     <span class='ocr_line' id='line_1_6' title="bbox 277 872 1169 952; baseline 0.003 -21"><span class='ocrx_word' id='word_1_34' title='bbox 277 872 497 952; x_wconf 86' lang='lat' dir='ltr'>praedecessor</span> <span class='ocrx_word' id='word_1_35' title='bbox 525 873 648 933; x_wconf 81' lang='lat' dir='ltr'>babuit?</span> <span class='ocrx_word' id='word_1_36' title='bbox 691 873 775 932; x_wconf 86' lang='lat' dir='ltr'>Muta</span> <span class='ocrx_word' id='word_1_37' title='bbox 804 891 878 951; x_wconf 83' lang='lat' dir='ltr'>ergo</span> <span class='ocrx_word' id='word_1_38' title='bbox 903 872 1051 949; x_wconf 84' lang='lat' dir='ltr'>verbum,</span> <span class='ocrx_word' id='word_1_39' title='bbox 1072 882 1100 931; x_wconf 85' lang='lat' dir='ltr'>ct</span> <span class='ocrx_word' id='word_1_40' title='bbox 1117 874 1169 934; x_wconf 89' lang='lat' dir='ltr'>dic:</span> 
     </span>
     <span class='ocr_line' id='line_1_7' title="bbox 278 953 1170 1038; baseline 0.003 -25"><span class='ocrx_word' id='word_1_41' title='bbox 278 953 366 1029; x_wconf 82' lang='lat' dir='ltr'>Quod</span> <span class='ocrx_word' id='word_1_42' title='bbox 395 956 532 1034; x_wconf 80' lang='lat' dir='ltr'>episcopi</span> <span class='ocrx_word' id='word_1_43' title='bbox 558 963 628 1015; x_wconf 86' lang='lat' dir='ltr'>sunt</span> <span class='ocrx_word' id='word_1_44' title='bbox 660 955 871 1035; x_wconf 84' lang='lat' dir='ltr'>apostolorum</span> <span class='ocrx_word' id='word_1_45' title='bbox 895 959 1170 1038; x_wconf 59' lang='lat' dir='ltr'>successoreseed</span> 
     </span>
     <span class='ocr_line' id='line_1_8' title="bbox 277 1038 1171 1117; baseline 0.003 -21"><span class='ocrx_word' id='word_1_46' title='bbox 277 1057 355 1096; x_wconf 88' lang='lat' dir='ltr'>unus</span> <span class='ocrx_word' id='word_1_47' title='bbox 377 1039 539 1117; x_wconf 91' lang='lat' dir='ltr'>episcopus</span> <span class='ocrx_word' id='word_1_48' title='bbox 563 1039 719 1098; x_wconf 83' lang='lat' dir='ltr'>Romanus</span> <span class='ocrx_word' id='word_1_49' title='bbox 742 1046 789 1098; x_wconf 88' lang='lat' dir='ltr'>est</span> <span class='ocrx_word' id='word_1_50' title='bbox 809 1040 898 1096; x_wconf 87' lang='lat' dir='ltr'>unius</span> <span class='ocrx_word' id='word_1_51' title='bbox 917 1038 1055 1117; x_wconf 86' lang='lat' dir='ltr'>apostoli</span> <span class='ocrx_word' id='word_1_52' title='bbox 1076 1058 1171 1099; x_wconf 86' lang='lat' dir='ltr'>succes-</span> 
     </span>
     <span class='ocr_line' id='line_1_9' title="bbox 278 1121 1207 1199; baseline 0.004 -21"><span class='ocrx_word' id='word_1_53' title='bbox 278 1138 337 1180; x_wconf 86' lang='lat' dir='ltr'>sor.</span> <span class='ocrx_word' id='word_1_54' title='bbox 385 1123 442 1179; x_wconf 90' lang='lat' dir='ltr'>lsta</span> <span class='ocrx_word' id='word_1_55' title='bbox 468 1122 564 1196; x_wconf 90' lang='lat' dir='ltr'>ratio,</span> <span class='ocrx_word' id='word_1_56' title='bbox 592 1121 706 1198; x_wconf 84' lang='lat' dir='ltr'>fateor,</span> <span class='ocrx_word' id='word_1_57' title='bbox 739 1122 797 1180; x_wconf 89' lang='lat' dir='ltr'>nisi</span> <span class='ocrx_word' id='word_1_58' title='bbox 826 1140 884 1199; x_wconf 87' lang='lat' dir='ltr'>ego</span> <span class='ocrx_word' id='word_1_59' title='bbox 914 1139 983 1179; x_wconf 91' lang='lat' dir='ltr'>sum</span> <span class='ocrx_word' id='word_1_60' title='bbox 1011 1122 1172 1182; x_wconf 88' lang='lat' dir='ltr'>insensatior</span> <span class='ocrx_word' id='word_1_61' title='bbox 1203 1124 1207 1129; x_wconf 83' lang='grc'><strong>’</strong></span> 
     </span>
     <span class='ocr_line' id='line_1_10' title="bbox 277 1203 1206 1284; baseline 0.004 -24"><span class='ocrx_word' id='word_1_62' title='bbox 277 1212 394 1276; x_wconf 85' lang='lat' dir='ltr'>trunco,</span> <span class='ocrx_word' id='word_1_63' title='bbox 417 1204 508 1283; x_wconf 86' lang='lat' dir='ltr'>cogit,</span> <span class='ocrx_word' id='word_1_64' title='bbox 531 1212 563 1264; x_wconf 89' lang='lat' dir='ltr'>et</span> <span class='ocrx_word' id='word_1_65' title='bbox 583 1205 717 1263; x_wconf 92' lang='lat' dir='ltr'>omnium</span> <span class='ocrx_word' id='word_1_66' title='bbox 732 1203 861 1263; x_wconf 87' lang='lat' dir='ltr'>obstruit</span> <span class='ocrx_word' id='word_1_67' title='bbox 873 1222 920 1279; x_wconf 93' lang='lat' dir='ltr'>os,</span> <span class='ocrx_word' id='word_1_68' title='bbox 944 1222 1014 1262; x_wconf 89' lang='lat' dir='ltr'>esse</span> <span class='ocrx_word' id='word_1_69' title='bbox 1032 1205 1172 1284; x_wconf 83' lang='lat' dir='ltr'>episcopos</span> <span class='ocrx_word' id='word_1_70' title='bbox 1201 1239 1206 1254; x_wconf 62' lang='grc' dir='ltr'><strong><em>ι</em></strong></span> 
     </span>
     <span class='ocr_line' id='line_1_11' title="bbox 277 1286 1172 1365; baseline 0.004 -22"><span class='ocrx_word' id='word_1_71' title='bbox 277 1303 386 1346; x_wconf 87' lang='lat' dir='ltr'>omues</span> <span class='ocrx_word' id='word_1_72' title='bbox 408 1286 569 1364; x_wconf 77' lang='lat' dir='ltr'>aequales,</span> <span class='ocrx_word' id='word_1_73' title='bbox 603 1297 633 1346; x_wconf 88' lang='lat' dir='ltr'>et</span> <span class='ocrx_word' id='word_1_74' title='bbox 659 1289 738 1346; x_wconf 88' lang='lat' dir='ltr'>sicut</span> <span class='ocrx_word' id='word_1_75' title='bbox 759 1287 916 1346; x_wconf 84' lang='lat' dir='ltr'>Romanus</span> <span class='ocrx_word' id='word_1_76' title='bbox 940 1286 1081 1365; x_wconf 85' lang='lat' dir='ltr'>pontifex</span> <span class='ocrx_word' id='word_1_77' title='bbox 1100 1307 1116 1345; x_wconf 86' lang='lat' dir='ltr'>a</span> <span class='ocrx_word' id='word_1_78' title='bbox 1135 1308 1172 1347; x_wconf 90' lang='lat' dir='ltr'>ne·</span> 
     </span>
     <span class='ocr_line' id='line_1_12' title="bbox 277 1368 1171 1448; baseline 0.003 -22"><span class='ocrx_word' id='word_1_79' title='bbox 277 1369 358 1427; x_wconf 90' lang='lat' dir='ltr'>mine</span> <span class='ocrx_word' id='word_1_80' title='bbox 380 1368 562 1446; x_wconf 80' lang='lat' dir='ltr'>ordinatur,</span> <span class='ocrx_word' id='word_1_81' title='bbox 585 1371 627 1430; x_wconf 85' lang='lat' dir='ltr'>ita</span> <span class='ocrx_word' id='word_1_82' title='bbox 656 1369 783 1448; x_wconf 80' lang='lat' dir='ltr'>quilibet</span> <span class='ocrx_word' id='word_1_83' title='bbox 812 1388 866 1447; x_wconf 89' lang='lat' dir='ltr'>per</span> <span class='ocrx_word' id='word_1_84' title='bbox 887 1369 986 1427; x_wconf 90' lang='lat' dir='ltr'>solam</span> <span class='ocrx_word' id='word_1_85' title='bbox 1013 1368 1171 1429; x_wconf 87' lang='lat' dir='ltr'>electionem</span> 
     </span>
     <span class='ocr_line' id='line_1_13' title="bbox 277 1451 1172 1529; baseline 0.002 -19"><span class='ocrx_word' id='word_1_86' title='bbox 277 1453 355 1510; x_wconf 87' lang='lat' dir='ltr'>sicut</span> <span class='ocrx_word' id='word_1_87' title='bbox 387 1452 453 1529; x_wconf 91' lang='lat' dir='ltr'>ipse</span> <span class='ocrx_word' id='word_1_88' title='bbox 481 1451 613 1512; x_wconf 86' lang='lat' dir='ltr'>ordinari</span> <span class='ocrx_word' id='word_1_89' title='bbox 635 1452 743 1529; x_wconf 89' lang='lat' dir='ltr'>debet,</span> <span class='ocrx_word' id='word_1_90' title='bbox 777 1453 841 1511; x_wconf 88' lang='lat' dir='ltr'>iure</span> <span class='ocrx_word' id='word_1_91' title='bbox 864 1451 981 1513; x_wconf 88' lang='lat' dir='ltr'>divino.</span> <span class='ocrx_word' id='word_1_92' title='bbox 1027 1451 1092 1511; x_wconf 87' lang='lat' dir='ltr'>Stat</span> <span class='ocrx_word' id='word_1_93' title='bbox 1111 1454 1172 1513; x_wconf 89' lang='lat' dir='ltr'>enin</span> 
     </span>
     <span class='ocr_line' id='line_1_14' title="bbox 277 1531 1172 1613; baseline 0.002 -20"><span class='ocrx_word' id='word_1_94' title='bbox 277 1531 363 1593; x_wconf 91' lang='lat' dir='ltr'>lirma</span> <span class='ocrx_word' id='word_1_95' title='bbox 385 1536 551 1610; x_wconf 86' lang='lat' dir='ltr'>sententia,</span> <span class='ocrx_word' id='word_1_96' title='bbox 584 1535 699 1593; x_wconf 90' lang='lat' dir='ltr'>nullum</span> <span class='ocrx_word' id='word_1_97' title='bbox 723 1534 936 1613; x_wconf 90' lang='lat' dir='ltr'>apostolorum</span> <span class='ocrx_word' id='word_1_98' title='bbox 964 1554 984 1593; x_wconf 90' lang='lat' dir='ltr'>a</span> <span class='ocrx_word' id='word_1_99' title='bbox 1007 1535 1095 1593; x_wconf 91' lang='lat' dir='ltr'>Petro</span> <span class='ocrx_word' id='word_1_100' title='bbox 1120 1537 1172 1595; x_wconf 82' lang='lat' dir='ltr'>mis</span> 
     </span>
     <span class='ocr_line' id='line_1_15' title="bbox 277 1616 1175 1692; baseline 0.004 -18"><span class='ocrx_word' id='word_1_101' title='bbox 277 1635 343 1674; x_wconf 89' lang='lat' dir='ltr'>sum</span> <span class='ocrx_word' id='word_1_102' title='bbox 366 1636 445 1692; x_wconf 85' lang='lat' dir='ltr'>esse,</span> <span class='ocrx_word' id='word_1_103' title='bbox 467 1617 521 1676; x_wconf 87' lang='lat' dir='ltr'>sed</span> <span class='ocrx_word' id='word_1_104' title='bbox 545 1636 652 1677; x_wconf 90' lang='lat' dir='ltr'>omnes</span> <span class='ocrx_word' id='word_1_105' title='bbox 676 1617 784 1677; x_wconf 91' lang='lat' dir='ltr'>eadem</span> <span class='ocrx_word' id='word_1_106' title='bbox 807 1637 826 1676; x_wconf 93' lang='lat' dir='ltr'>a</span> <span class='ocrx_word' id='word_1_107' title='bbox 849 1616 970 1676; x_wconf 83' lang='lat' dir='ltr'>Christo</span> <span class='ocrx_word' id='word_1_108' title='bbox 988 1617 1118 1677; x_wconf 89' lang='lat' dir='ltr'>Domino</span> <span class='ocrx_word' id='word_1_109' title='bbox 1137 1639 1175 1678; x_wconf 87' lang='lat' dir='ltr'>ac-</span> 
     </span>
     <span class='ocr_line' id='line_1_16' title="bbox 276 1699 1176 1780; baseline 0.003 -23"><span class='ocrx_word' id='word_1_110' title='bbox 276 1699 377 1777; x_wconf 85' lang='lat' dir='ltr'>qualia</span> <span class='ocrx_word' id='word_1_111' title='bbox 399 1701 615 1779; x_wconf 82' lang='lat' dir='ltr'>accepissein</span> <span class='ocrx_word' id='word_1_112' title='bbox 650 1720 721 1758; x_wconf 87' lang='lat' dir='ltr'>suas</span> <span class='ocrx_word' id='word_1_113' title='bbox 744 1707 851 1759; x_wconf 88' lang='lat' dir='ltr'>sortes.</span> <span class='ocrx_word' id='word_1_114' title='bbox 894 1699 979 1778; x_wconf 80' lang='lat' dir='ltr'>Ergo</span> <span class='ocrx_word' id='word_1_115' title='bbox 1005 1719 1108 1758; x_wconf 89' lang='lat' dir='ltr'>eorum</span> <span class='ocrx_word' id='word_1_116' title='bbox 1129 1703 1176 1780; x_wconf 90' lang='lat' dir='ltr'>epi·</span> 
     </span>
     <span class='ocr_line' id='line_1_17' title="bbox 277 1781 1173 1861; baseline 0.004 -23"><span class='ocrx_word' id='word_1_117' title='bbox 277 1784 362 1861; x_wconf 86' lang='lat' dir='ltr'>scopi</span> <span class='ocrx_word' id='word_1_118' title='bbox 399 1801 591 1842; x_wconf 88' lang='lat' dir='ltr'>successores</span> <span class='ocrx_word' id='word_1_119' title='bbox 627 1783 770 1861; x_wconf 81' lang='lat' dir='ltr'>aequalia</span> <span class='ocrx_word' id='word_1_120' title='bbox 798 1781 912 1842; x_wconf 90' lang='lat' dir='ltr'>babent</span> <span class='ocrx_word' id='word_1_121' title='bbox 947 1801 1016 1841; x_wconf 92' lang='lat' dir='ltr'>cum</span> <span class='ocrx_word' id='word_1_122' title='bbox 1052 1783 1173 1842; x_wconf 87' lang='lat' dir='ltr'>Romano</span> 
     </span>
    </p>
   </div>
   <div class='ocr_carea' id='block_1_3' title="bbox 178 1864 1174 1945">
    <p class='ocr_par' dir='ltr' id='par_1_3' title="bbox 178 1864 1174 1945">
     <span class='ocr_line' id='line_1_18' title="bbox 178 1864 1174 1945; baseline 0.007 -27"><span class='ocrx_word' id='word_1_123' title='bbox 178 1905 184 1918; x_wconf 90' lang='lat'><strong><em>.</em></strong></span> <span class='ocrx_word' id='word_1_124' title='bbox 277 1864 442 1940; x_wconf 85' lang='lat' dir='ltr'>Pontifice,</span> <span class='ocrx_word' id='word_1_125' title='bbox 476 1872 605 1944; x_wconf 87' lang='lat' dir='ltr'>excepta</span> <span class='ocrx_word' id='word_1_126' title='bbox 635 1866 850 1944; x_wconf 82' lang='lat' dir='ltr'>praerogativa</span> <span class='ocrx_word' id='word_1_127' title='bbox 871 1865 1000 1924; x_wconf 91' lang='lat' dir='ltr'>honoris</span> <span class='ocrx_word' id='word_1_128' title='bbox 1023 1883 1076 1924; x_wconf 86' lang='lat' dir='ltr'>seu</span> <span class='ocrx_word' id='word_1_129' title='bbox 1098 1865 1174 1945; x_wconf 85' lang='lat' dir='ltr'>digni·</span> 
     </span>
    </p>
   </div>
   <div class='ocr_carea' id='block_1_4' title="bbox 217 1947 1219 3765">
    <p class='ocr_par' dir='ltr' id='par_1_4' title="bbox 276 1947 1175 2110">
     <span class='ocr_line' id='line_1_19' title="bbox 280 1947 1175 2026; baseline 0 -20"><span class='ocrx_word' id='word_1_130' title='bbox 280 1949 360 2026; x_wconf 85' lang='lat' dir='ltr'>latis,</span> <span class='ocrx_word' id='word_1_131' title='bbox 383 1949 461 2007; x_wconf 89' lang='lat' dir='ltr'>sicut</span> <span class='ocrx_word' id='word_1_132' title='bbox 483 1948 594 2007; x_wconf 86' lang='lat' dir='ltr'>Paulus</span> <span class='ocrx_word' id='word_1_133' title='bbox 616 1948 653 2006; x_wconf 88' lang='lat' dir='ltr'>ad</span> <span class='ocrx_word' id='word_1_134' title='bbox 667 1947 841 2008; x_wconf 82' lang='lat' dir='ltr'>Corinthios</span> <span class='ocrx_word' id='word_1_135' title='bbox 865 1948 948 2006; x_wconf 88' lang='lat' dir='ltr'>clare</span> <span class='ocrx_word' id='word_1_136' title='bbox 970 1948 1091 2007; x_wconf 79' lang='lat' dir='ltr'>scribit:</span> <span class='ocrx_word' id='word_1_137' title='bbox 1113 1947 1175 2021; x_wconf 76' lang='lat' dir='ltr'>Quill</span> 
     </span>
     <span class='ocr_line' id='line_1_20' title="bbox 276 2029 935 2110; baseline 0 -21"><span class='ocrx_word' id='word_1_138' title='bbox 276 2031 355 2089; x_wconf 89' lang='lat' dir='ltr'>enim</span> <span class='ocrx_word' id='word_1_139' title='bbox 379 2030 478 2089; x_wconf 90' lang='lat' dir='ltr'>minus</span> <span class='ocrx_word' id='word_1_140' title='bbox 500 2030 557 2089; x_wconf 86' lang='lat' dir='ltr'>feci</span> <span class='ocrx_word' id='word_1_141' title='bbox 580 2049 598 2089; x_wconf 82' lang='lat' dir='ltr'>a</span> <span class='ocrx_word' id='word_1_142' title='bbox 620 2032 739 2110; x_wconf 88' lang='lat' dir='ltr'>magnis</span> <span class='ocrx_word' id='word_1_143' title='bbox 762 2029 935 2109; x_wconf 80' lang='lat' dir='ltr'>apostolis?</span> 
     </span>
    </p>

    <p class='ocr_par' dir='ltr' id='par_1_5' title="bbox 217 2112 1219 3001">
     <span class='ocr_line' id='line_1_21' title="bbox 359 2112 1176 2192; baseline 0.001 -21"><span class='ocrx_word' id='word_1_144' title='bbox 359 2113 493 2187; x_wconf 88' lang='lat' dir='ltr'>Decima,</span> <span class='ocrx_word' id='word_1_145' title='bbox 516 2113 685 2192; x_wconf 87' lang='lat' dir='ltr'>responde,</span> <span class='ocrx_word' id='word_1_146' title='bbox 713 2115 738 2172; x_wconf 91' lang='lat' dir='ltr'>si</span> <span class='ocrx_word' id='word_1_147' title='bbox 769 2113 927 2172; x_wconf 87' lang='lat' dir='ltr'>Romanus</span> <span class='ocrx_word' id='word_1_148' title='bbox 946 2112 1087 2192; x_wconf 83' lang='lat' dir='ltr'>pontifex</span> <span class='ocrx_word' id='word_1_149' title='bbox 1109 2133 1176 2190; x_wconf 86' lang='lat' dir='ltr'>prae·</span> 
     </span>
     <span class='ocr_line' id='line_1_22' title="bbox 277 2195 1176 2275; baseline 0.002 -22"><span class='ocrx_word' id='word_1_150' title='bbox 277 2203 366 2273; x_wconf 90' lang='lat' dir='ltr'>cepto</span> <span class='ocrx_word' id='word_1_151' title='bbox 405 2196 459 2254; x_wconf 88' lang='lat' dir='ltr'>Dei</span> <span class='ocrx_word' id='word_1_152' title='bbox 489 2203 535 2255; x_wconf 89' lang='lat' dir='ltr'>cst</span> <span class='ocrx_word' id='word_1_153' title='bbox 557 2197 694 2255; x_wconf 89' lang='lat' dir='ltr'>Vicarius</span> <span class='ocrx_word' id='word_1_154' title='bbox 725 2195 876 2275; x_wconf 79' lang='lat' dir='ltr'>generalis</span> <span class='ocrx_word' id='word_1_155' title='bbox 905 2196 937 2254; x_wconf 95' lang='lat' dir='ltr'>in</span> <span class='ocrx_word' id='word_1_156' title='bbox 959 2203 1028 2255; x_wconf 86' lang='lat' dir='ltr'>tota</span> <span class='ocrx_word' id='word_1_157' title='bbox 1050 2197 1176 2270; x_wconf 87' lang='lat' dir='ltr'>ecclesia,</span> 
     </span>
     <span class='ocr_line' id='line_1_23' title="bbox 277 2277 1177 2357; baseline 0.003 -22"><span class='ocrx_word' id='word_1_158' title='bbox 277 2279 410 2355; x_wconf 89' lang='lat' dir='ltr'>seqnitur</span> <span class='ocrx_word' id='word_1_159' title='bbox 431 2277 647 2338; x_wconf 87' lang='lat' dir='ltr'>inevitabiliter</span> <span class='ocrx_word' id='word_1_160' title='bbox 667 2297 797 2357; x_wconf 88' lang='lat' dir='ltr'>peccaro</span> <span class='ocrx_word' id='word_1_161' title='bbox 815 2297 883 2354; x_wconf 88' lang='lat' dir='ltr'>eos,</span> <span class='ocrx_word' id='word_1_162' title='bbox 910 2280 974 2338; x_wconf 94' lang='lat' dir='ltr'>imo</span> <span class='ocrx_word' id='word_1_163' title='bbox 998 2298 1068 2338; x_wconf 88' lang='lat' dir='ltr'>esse</span> <span class='ocrx_word' id='word_1_164' title='bbox 1089 2279 1177 2339; x_wconf 89' lang='lat' dir='ltr'>baere-</span> 
     </span>
     <span class='ocr_line' id='line_1_24' title="bbox 277 2360 1178 2439; baseline 0.001 -20"><span class='ocrx_word' id='word_1_165' title='bbox 277 2361 368 2437; x_wconf 86' lang='lat' dir='ltr'>ticos,</span> <span class='ocrx_word' id='word_1_166' title='bbox 402 2364 451 2439; x_wconf 89' lang='lat' dir='ltr'>qni</span> <span class='ocrx_word' id='word_1_167' title='bbox 485 2381 546 2420; x_wconf 90' lang='lat' dir='ltr'>non</span> <span class='ocrx_word' id='word_1_168' title='bbox 580 2360 635 2419; x_wconf 87' lang='lat' dir='ltr'>sub</span> <span class='ocrx_word' id='word_1_169' title='bbox 664 2380 702 2421; x_wconf 92' lang='lat' dir='ltr'>eo</span> <span class='ocrx_word' id='word_1_170' title='bbox 730 2361 850 2420; x_wconf 85' lang='lat' dir='ltr'>fuerint.</span> <span class='ocrx_word' id='word_1_171' title='bbox 893 2363 935 2420; x_wconf 91' lang='lat' dir='ltr'>At</span> <span class='ocrx_word' id='word_1_172' title='bbox 961 2371 1036 2420; x_wconf 86' lang='lat' dir='ltr'>tunc</span> <span class='ocrx_word' id='word_1_173' title='bbox 1062 2362 1178 2422; x_wconf 87' lang='lat' dir='ltr'>ecclesia</span> 
     </span>
     <span class='ocr_line' id='line_1_25' title="bbox 217 2442 1178 2523; baseline 0.002 -21"><span class='ocrx_word' id='word_1_174' title='bbox 217 2442 218 2445; x_wconf 65' lang='grc'>’</span> <span class='ocrx_word' id='word_1_175' title='bbox 275 2450 341 2502; x_wconf 88' lang='lat' dir='ltr'>tota</span> <span class='ocrx_word' id='word_1_176' title='bbox 362 2445 528 2522; x_wconf 87' lang='lat' dir='ltr'>primitiva,</span> <span class='ocrx_word' id='word_1_177' title='bbox 559 2443 667 2502; x_wconf 90' lang='lat' dir='ltr'>saltem</span> <span class='ocrx_word' id='word_1_178' title='bbox 697 2463 793 2521; x_wconf 87' lang='lat' dir='ltr'>usquc</span> <span class='ocrx_word' id='word_1_179' title='bbox 814 2443 852 2502; x_wconf 88' lang='lat' dir='ltr'>ad</span> <span class='ocrx_word' id='word_1_180' title='bbox 876 2444 1119 2523; x_wconf 87' lang='lat' dir='ltr'>quadringentos</span> <span class='ocrx_word' id='word_1_181' title='bbox 1138 2466 1178 2504; x_wconf 80' lang='lat' dir='ltr'>nn·</span> 
     </span>
     <span class='ocr_line' id='line_1_26' title="bbox 276 2526 1179 2604; baseline 0.002 -19"><span class='ocrx_word' id='word_1_182' title='bbox 276 2545 333 2586; x_wconf 90' lang='lat' dir='ltr'>nos</span> <span class='ocrx_word' id='word_1_183' title='bbox 356 2546 423 2585; x_wconf 88' lang='lat' dir='ltr'>cnm</span> <span class='ocrx_word' id='word_1_184' title='bbox 453 2536 500 2585; x_wconf 88' lang='lat' dir='ltr'>tot</span> <span class='ocrx_word' id='word_1_185' title='bbox 521 2526 703 2604; x_wconf 82' lang='lat' dir='ltr'>martyribus</span> <span class='ocrx_word' id='word_1_186' title='bbox 731 2535 762 2586; x_wconf 89' lang='lat' dir='ltr'>et</span> <span class='ocrx_word' id='word_1_187' title='bbox 784 2526 904 2586; x_wconf 82' lang='lat' dir='ltr'>Sanctis</span> <span class='ocrx_word' id='word_1_188' title='bbox 926 2527 1075 2587; x_wconf 89' lang='lat' dir='ltr'>haeretici</span> <span class='ocrx_word' id='word_1_189' title='bbox 1097 2538 1179 2587; x_wconf 79' lang='lat' dir='ltr'>erunt</span> 
     </span>
     <span class='ocr_line' id='line_1_27' title="bbox 276 2608 1219 2688; baseline 0 -20"><span class='ocrx_word' id='word_1_190' title='bbox 276 2608 429 2685; x_wconf 78' lang='lat' dir='ltr'>Obsecro,</span> <span class='ocrx_word' id='word_1_191' title='bbox 459 2610 529 2687; x_wconf 87' lang='lat' dir='ltr'>quid</span> <span class='ocrx_word' id='word_1_192' title='bbox 560 2609 685 2687; x_wconf 87' lang='lat' dir='ltr'>prodest</span> <span class='ocrx_word' id='word_1_193' title='bbox 706 2616 821 2668; x_wconf 89' lang='lat' dir='ltr'>tantam</span> <span class='ocrx_word' id='word_1_194' title='bbox 844 2608 1070 2688; x_wconf 91' lang='lat' dir='ltr'>blasphemiam</span> <span class='ocrx_word' id='word_1_195' title='bbox 1094 2612 1122 2669; x_wconf 94' lang='lat' dir='ltr'>in</span> <span class='ocrx_word' id='word_1_196' title='bbox 1143 2631 1180 2670; x_wconf 86' lang='lat' dir='ltr'>ec·</span> <span class='ocrx_word' id='word_1_197' title='bbox 1218 2609 1219 2641; x_wconf 65' lang='lat' dir='ltr'>l</span> 
     </span>
     <span class='ocr_line' id='line_1_28' title="bbox 275 2691 1180 2771; baseline 0.003 -22"><span class='ocrx_word' id='word_1_198' title='bbox 275 2691 370 2750; x_wconf 90' lang='lat' dir='ltr'>clesia</span> <span class='ocrx_word' id='word_1_199' title='bbox 393 2710 446 2770; x_wconf 91' lang='lat' dir='ltr'>pro</span> <span class='ocrx_word' id='word_1_200' title='bbox 468 2691 601 2751; x_wconf 83' lang='lat' dir='ltr'>fumidae</span> <span class='ocrx_word' id='word_1_201' title='bbox 623 2693 783 2771; x_wconf 87' lang='lat' dir='ltr'>potestatis</span> <span class='ocrx_word' id='word_1_202' title='bbox 805 2710 919 2770; x_wconf 88' lang='lat' dir='ltr'>pompa</span> <span class='ocrx_word' id='word_1_203' title='bbox 940 2693 1099 2752; x_wconf 86' lang='lat' dir='ltr'>statuere?</span> <span class='ocrx_word' id='word_1_204' title='bbox 1135 2695 1180 2752; x_wconf 88' lang='lat' dir='ltr'>De·</span> 
     </span>
     <span class='ocr_line' id='line_1_29' title="bbox 276 2774 1180 2852; baseline 0.004 -20"><span class='ocrx_word' id='word_1_205' title='bbox 276 2776 367 2852; x_wconf 80' lang='lat' dir='ltr'>nique</span> <span class='ocrx_word' id='word_1_206' title='bbox 389 2776 480 2834; x_wconf 89' lang='lat' dir='ltr'>etiam</span> <span class='ocrx_word' id='word_1_207' title='bbox 503 2775 531 2836; x_wconf 81' lang='lat' dir='ltr'>S.</span> <span class='ocrx_word' id='word_1_208' title='bbox 558 2776 661 2834; x_wconf 88' lang='lat' dir='ltr'>Petrus</span> <span class='ocrx_word' id='word_1_209' title='bbox 684 2777 741 2834; x_wconf 86' lang='lat' dir='ltr'>erit</span> <span class='ocrx_word' id='word_1_210' title='bbox 762 2774 945 2852; x_wconf 89' lang='lat' dir='ltr'>haereticus,</span> <span class='ocrx_word' id='word_1_211' title='bbox 970 2777 1023 2852; x_wconf 91' lang='lat' dir='ltr'>qui</span> <span class='ocrx_word' id='word_1_212' title='bbox 1045 2777 1180 2836; x_wconf 77' lang='lat' dir='ltr'>antello</span> 
     </span>
     <span class='ocr_line' id='line_1_30' title="bbox 275 2857 1179 2939; baseline 0.003 -24"><span class='ocrx_word' id='word_1_213' title='bbox 275 2875 396 2915; x_wconf 79' lang='lat' dir='ltr'>menam</span> <span class='ocrx_word' id='word_1_214' title='bbox 420 2857 582 2918; x_wconf 89' lang='lat' dir='ltr'>ecclesiam</span> <span class='ocrx_word' id='word_1_215' title='bbox 612 2877 680 2916; x_wconf 92' lang='lat' dir='ltr'>cum</span> <span class='ocrx_word' id='word_1_216' title='bbox 702 2857 852 2936; x_wconf 88' lang='lat' dir='ltr'>apostolis</span> <span class='ocrx_word' id='word_1_217' title='bbox 879 2858 936 2916; x_wconf 84' lang='lat' dir='ltr'>fuit</span> <span class='ocrx_word' id='word_1_218' title='bbox 956 2857 1179 2939; x_wconf 83' lang='lat' dir='ltr'>Hierosolymis.</span> 
     </span>
     <span class='ocr_line' id='line_1_31' title="bbox 276 2938 789 3001; baseline -0.002 -1"><span class='ocrx_word' id='word_1_219' title='bbox 276 2938 378 3001; x_wconf 81' lang='lat' dir='ltr'>,Vincit</span> <span class='ocrx_word' id='word_1_220' title='bbox 400 2960 448 2999; x_wconf 90' lang='lat' dir='ltr'>me</span> <span class='ocrx_word' id='word_1_221' title='bbox 470 2940 547 3000; x_wconf 91' lang='lat' dir='ltr'>haec</span> <span class='ocrx_word' id='word_1_222' title='bbox 568 2943 645 3000; x_wconf 89' lang='lat' dir='ltr'>ratio</span> <span class='ocrx_word' id='word_1_223' title='bbox 667 2942 789 2999; x_wconf 84' lang='lat' dir='ltr'>invicta.</span> 
     </span>
    </p>

    <p class='ocr_par' dir='ltr' id='par_1_6' title="bbox 275 3022 1182 3765">
     <span class='ocr_line' id='line_1_32' title="bbox 358 3022 1182 3101; baseline 0 -18"><span class='ocrx_word' id='word_1_224' title='bbox 358 3023 543 3098; x_wconf 89' lang='lat' dir='ltr'>Undecima,</span> <span class='ocrx_word' id='word_1_225' title='bbox 573 3025 598 3082; x_wconf 91' lang='lat' dir='ltr'>si</span> <span class='ocrx_word' id='word_1_226' title='bbox 620 3023 682 3082; x_wconf 89' lang='lat' dir='ltr'>ulla</span> <span class='ocrx_word' id='word_1_227' title='bbox 704 3022 836 3082; x_wconf 89' lang='lat' dir='ltr'>ecclesia</span> <span class='ocrx_word' id='word_1_228' title='bbox 856 3032 903 3081; x_wconf 85' lang='lat' dir='ltr'>est</span> <span class='ocrx_word' id='word_1_229' title='bbox 924 3024 1025 3101; x_wconf 89' lang='lat' dir='ltr'>prima</span> <span class='ocrx_word' id='word_1_230' title='bbox 1047 3032 1079 3083; x_wconf 88' lang='lat' dir='ltr'>ct</span> <span class='ocrx_word' id='word_1_231' title='bbox 1100 3033 1182 3084; x_wconf 87' lang='lat' dir='ltr'>mater</span> 
     </span>
     <span class='ocr_line' id='line_1_33' title="bbox 276 3104 1181 3184; baseline -0.001 -19"><span class='ocrx_word' id='word_1_232' title='bbox 276 3108 422 3184; x_wconf 87' lang='lat' dir='ltr'>omnium,</span> <span class='ocrx_word' id='word_1_233' title='bbox 445 3125 506 3166; x_wconf 93' lang='lat' dir='ltr'>non</span> <span class='ocrx_word' id='word_1_234' title='bbox 530 3114 577 3165; x_wconf 91' lang='lat' dir='ltr'>est</span> <span class='ocrx_word' id='word_1_235' title='bbox 599 3107 660 3165; x_wconf 88' lang='lat' dir='ltr'>alia</span> <span class='ocrx_word' id='word_1_236' title='bbox 681 3107 738 3165; x_wconf 89' lang='lat' dir='ltr'>nisi</span> <span class='ocrx_word' id='word_1_237' title='bbox 762 3104 1055 3184; x_wconf 87' lang='lat' dir='ltr'>Hierosolymitana,</span> <span class='ocrx_word' id='word_1_238' title='bbox 1079 3116 1111 3165; x_wconf 90' lang='lat' dir='ltr'>ut</span> <span class='ocrx_word' id='word_1_239' title='bbox 1130 3107 1181 3166; x_wconf 83' lang='lat' dir='ltr'>dixi</span> 
     </span>
     <span class='ocr_line' id='line_1_34' title="bbox 275 3188 1182 3269; baseline 0 -21"><span class='ocrx_word' id='word_1_240' title='bbox 275 3209 375 3269; x_wconf 89' lang='lat' dir='ltr'>supra.</span> <span class='ocrx_word' id='word_1_241' title='bbox 416 3189 495 3264; x_wconf 82' lang='lat' dir='ltr'>Quid</span> <span class='ocrx_word' id='word_1_242' title='bbox 519 3191 599 3249; x_wconf 92' lang='lat' dir='ltr'>enim</span> <span class='ocrx_word' id='word_1_243' title='bbox 620 3190 736 3249; x_wconf 84' lang='lat' dir='ltr'>faceret</span> <span class='ocrx_word' id='word_1_244' title='bbox 756 3189 870 3262; x_wconf 85' lang='lat' dir='ltr'>Roma,</span> <span class='ocrx_word' id='word_1_245' title='bbox 904 3189 930 3246; x_wconf 93' lang='lat' dir='ltr'>si</span> <span class='ocrx_word' id='word_1_246' title='bbox 959 3188 1090 3249; x_wconf 88' lang='lat' dir='ltr'>haberet</span> <span class='ocrx_word' id='word_1_247' title='bbox 1116 3190 1182 3248; x_wconf 90' lang='lat' dir='ltr'>baec</span> 
     </span>
     <span class='ocr_line' id='line_1_35' title="bbox 276 3270 1182 3352; baseline -0.003 -19"><span class='ocrx_word' id='word_1_248' title='bbox 276 3293 330 3351; x_wconf 89' lang='lat' dir='ltr'>pro</span> <span class='ocrx_word' id='word_1_249' title='bbox 352 3293 400 3351; x_wconf 89' lang='lat' dir='ltr'>sc,</span> <span class='ocrx_word' id='word_1_250' title='bbox 423 3293 502 3352; x_wconf 83' lang='lat' dir='ltr'>quac</span> <span class='ocrx_word' id='word_1_251' title='bbox 523 3272 616 3332; x_wconf 89' lang='lat' dir='ltr'>habet</span> <span class='ocrx_word' id='word_1_252' title='bbox 636 3272 710 3331; x_wconf 89' lang='lat' dir='ltr'>illa?</span> <span class='ocrx_word' id='word_1_253' title='bbox 752 3271 886 3349; x_wconf 88' lang='lat' dir='ltr'>Nempe,</span> <span class='ocrx_word' id='word_1_254' title='bbox 920 3270 1005 3349; x_wconf 84' lang='lat' dir='ltr'>quod</span> <span class='ocrx_word' id='word_1_255' title='bbox 1034 3273 1129 3331; x_wconf 87' lang='lat' dir='ltr'>lsaias</span> <span class='ocrx_word' id='word_1_256' title='bbox 1157 3282 1182 3331; x_wconf 83' lang='lat' dir='ltr'>et</span> 
     </span>
     <span class='ocr_line' id='line_1_36' title="bbox 276 3354 1181 3434; baseline -0.001 -20"><span class='ocrx_word' id='word_1_257' title='bbox 276 3356 439 3432; x_wconf 74' lang='lat' dir='ltr'>Michaeas,</span> <span class='ocrx_word' id='word_1_258' title='bbox 462 3365 493 3416; x_wconf 91' lang='lat' dir='ltr'>et</span> <span class='ocrx_word' id='word_1_259' title='bbox 515 3375 622 3416; x_wconf 91' lang='lat' dir='ltr'>omnes</span> <span class='ocrx_word' id='word_1_260' title='bbox 644 3354 854 3434; x_wconf 86' lang='lat' dir='ltr'>prophetae*)</span> <span class='ocrx_word' id='word_1_261' title='bbox 881 3357 1127 3432; x_wconf 86' lang='lat' dir='ltr'>pronunciarint,</span> <span class='ocrx_word' id='word_1_262' title='bbox 1150 3355 1181 3413; x_wconf 86' lang='lat' dir='ltr'>dc</span> 
     </span>
     <span class='ocr_line' id='line_1_37' title="bbox 275 3436 1179 3517; baseline -0.001 -21"><span class='ocrx_word' id='word_1_263' title='bbox 275 3439 349 3497; x_wconf 88' lang='lat' dir='ltr'>Zion</span> <span class='ocrx_word' id='word_1_264' title='bbox 385 3441 531 3498; x_wconf 86' lang='lat' dir='ltr'>exituram</span> <span class='ocrx_word' id='word_1_265' title='bbox 567 3439 665 3517; x_wconf 82' lang='lat' dir='ltr'>legem</span> <span class='ocrx_word' id='word_1_266' title='bbox 689 3437 866 3516; x_wconf 82' lang='lat' dir='ltr'>Evangelii,</span> <span class='ocrx_word' id='word_1_267' title='bbox 900 3444 932 3496; x_wconf 88' lang='lat' dir='ltr'>et</span> <span class='ocrx_word' id='word_1_268' title='bbox 959 3436 999 3496; x_wconf 91' lang='lat' dir='ltr'>de</span> <span class='ocrx_word' id='word_1_269' title='bbox 1026 3438 1179 3498; x_wconf 83' lang='lat' dir='ltr'>Ierusalem</span> 
     </span>
     <span class='ocr_line' id='line_1_38' title="bbox 276 3517 1180 3598; baseline -0.001 -20"><span class='ocrx_word' id='word_1_270' title='bbox 276 3517 400 3580; x_wconf 87' lang='lat' dir='ltr'>verbum</span> <span class='ocrx_word' id='word_1_271' title='bbox 437 3522 570 3581; x_wconf 88' lang='lat' dir='ltr'>Domini.</span> <span class='ocrx_word' id='word_1_272' title='bbox 622 3522 712 3590; x_wconf 85' lang='lat' dir='ltr'>ltem,</span> <span class='ocrx_word' id='word_1_273' title='bbox 748 3519 830 3598; x_wconf 88' lang='lat' dir='ltr'>quod</span> <span class='ocrx_word' id='word_1_274' title='bbox 852 3520 1002 3578; x_wconf 85' lang='lat' dir='ltr'>Dominus</span> <span class='ocrx_word' id='word_1_275' title='bbox 1036 3521 1078 3581; x_wconf 93' lang='lat' dir='ltr'>ibi</span> <span class='ocrx_word' id='word_1_276' title='bbox 1111 3521 1180 3581; x_wconf 79' lang='lat' dir='ltr'>dedit</span> 
     </span>
     <span class='ocr_line' id='line_1_39' title="bbox 275 3601 1177 3684; baseline 0 -24"><span class='ocrx_word' id='word_1_277' title='bbox 275 3601 403 3681; x_wconf 88' lang='lat' dir='ltr'>gloriam</span> <span class='ocrx_word' id='word_1_278' title='bbox 428 3605 457 3662; x_wconf 92' lang='lat' dir='ltr'>in</span> <span class='ocrx_word' id='word_1_279' title='bbox 482 3603 574 3663; x_wconf 90' lang='lat' dir='ltr'>domo</span> <span class='ocrx_word' id='word_1_280' title='bbox 598 3624 653 3662; x_wconf 92' lang='lat' dir='ltr'>sua</span> <span class='ocrx_word' id='word_1_281' title='bbox 675 3604 857 3680; x_wconf 87' lang='lat' dir='ltr'>novissima,</span> <span class='ocrx_word' id='word_1_282' title='bbox 880 3611 914 3662; x_wconf 85' lang='lat' dir='ltr'>ut</span> <span class='ocrx_word' id='word_1_283' title='bbox 935 3602 1084 3684; x_wconf 84' lang='lat' dir='ltr'>Haggeus</span> <span class='ocrx_word' id='word_1_284' title='bbox 1107 3605 1177 3663; x_wconf 85' lang='lat' dir='ltr'>dicit:</span> 
     </span>
     <span class='ocr_line' id='line_1_40' title="bbox 276 3683 1178 3765; baseline 0.001 -22"><span class='ocrx_word' id='word_1_285' title='bbox 276 3683 367 3759; x_wconf 79' lang='lat' dir='ltr'>Quod</span> <span class='ocrx_word' id='word_1_286' title='bbox 389 3685 525 3746; x_wconf 82' lang='lat' dir='ltr'>Christus</span> <span class='ocrx_word' id='word_1_287' title='bbox 553 3685 595 3746; x_wconf 94' lang='lat' dir='ltr'>ibi</span> <span class='ocrx_word' id='word_1_288' title='bbox 624 3687 782 3765; x_wconf 79' lang='lat' dir='ltr'>pontitex,</span> <span class='ocrx_word' id='word_1_289' title='bbox 813 3685 947 3764; x_wconf 79' lang='lat' dir='ltr'>apostoli</span> <span class='ocrx_word' id='word_1_290' title='bbox 984 3693 1088 3747; x_wconf 87' lang='lat' dir='ltr'>autem</span> <span class='ocrx_word' id='word_1_291' title='bbox 1111 3687 1178 3746; x_wconf 86' lang='lat' dir='ltr'>velut</span> 
     </span>
    </p>
   </div>
   <div class='ocr_carea' id='block_1_5' title="bbox 269 3810 612 3818">
    <p class='ocr_par' dir='ltr' id='par_1_7' title="bbox 269 3810 612 3818">
     <span class='ocr_line' id='line_1_41' title="bbox 269 3810 612 3818; baseline -0.003 0"><span class='ocrx_word' id='word_1_292' title='bbox 269 3811 299 3818; x_wconf 57' lang='lat' dir='ltr'>——u</span> <span class='ocrx_word' id='word_1_293' title='bbox 314 3811 407 3818; x_wconf 36' lang='grc' dir='ltr'>«ψῃ.</span> <span class='ocrx_word' id='word_1_294' title='bbox 421 3813 433 3817; x_wconf 90' lang='grc'>...</span> <span class='ocrx_word' id='word_1_295' title='bbox 447 3812 533 3817; x_wconf 47' lang='grc' dir='ltr'>η-...ψ</span> <span class='ocrx_word' id='word_1_296' title='bbox 544 3810 593 3815; x_wconf 47' lang='lat' dir='ltr'>——u-</span> <span class='ocrx_word' id='word_1_297' title='bbox 607 3810 612 3814; x_wconf 81' lang='lat'>-</span> 
     </span>
    </p>
   </div>
   <div class='ocr_carea' id='block_1_6' title="bbox 330 3851 867 3932">
    <p class='ocr_par' dir='ltr' id='par_1_8' title="bbox 330 3851 867 3932">
     <span class='ocr_line' id='line_1_42' title="bbox 330 3851 867 3932; baseline -0.022 -14"><span class='ocrx_word' id='word_1_298' title='bbox 330 3863 360 3932; x_wconf 70' lang='lat' dir='ltr'>*J</span> <span class='ocrx_word' id='word_1_299' title='bbox 386 3862 468 3918; x_wconf 68' lang='lat' dir='ltr'>asar.</span> <span class='ocrx_word' id='word_1_300' title='bbox 489 3862 515 3918; x_wconf 81' lang='lat'>2.</span> <span class='ocrx_word' id='word_1_301' title='bbox 535 3860 626 3915; x_wconf 62' lang='lat' dir='ltr'>uisu..</span> <span class='ocrx_word' id='word_1_302' title='bbox 643 3855 780 3924; x_wconf 43' lang='lat' dir='ltr'>nucu.</span> <span class='ocrx_word' id='word_1_303' title='bbox 795 3851 827 3903; x_wconf 75' lang='lat' dir='ltr'>a.</span> <span class='ocrx_word' id='word_1_304' title='bbox 864 3901 867 3906; x_wconf 20' lang='lat' dir='ltr'>r</span> 
     </span>
    </p>
   </div>
   <div class='ocr_carea' id='block_1_7' title="bbox 0 0 1360 4417">
    <p class='ocr_par' dir='ltr' id='par_1_9' title="bbox 0 0 1360 4417">
     <span class='ocr_line' id='line_1_43' title="bbox 0 0 1360 4417; baseline 0 0"><span class='ocrx_word' id='word_1_305' title='bbox 0 0 1360 4417; x_wconf 95' lang='lat' dir='ltr'> </span> 
     </span>
    </p>
   </div>
  </div>
 </body>
</html>
