2709 4417
373 325 510 414 sdverans
528 359 737 417 eriminstiones
755 350 891 413 lobannis
909 354 993 413 Eooii.
1087 356 1128 423 13

215 551 343 608 mentum
363 543 450 622 fieri,
471 543 629 624 pulolrrom
651 546 852 609 occasionem
871 545 1043 608 melediotis
1064 550 1132 610 suis-

215 629 300 692 semel
321 627 550 709 respondendi,
572 627 627 689 sed
649 630 753 691 omnio
773 635 894 711 tempus
915 629 1045 711 habent,
1066 630 1128 693 hoo

216 730 288 775 nuno
308 713 386 773 sotis
407 711 507 773 fuerit

179 816 183 839 ¹
288 794 397 871 Quod
404 793 546 856 addnotis
565 793 731 890 eliquotfl3
751 800 869 874 petrum
891 774 980 855 diotis
1002 815 1064 857 me
1072 796 1127 858 ho·

218 886 288 941 stem
312 878 467 939 eoolesiee
488 878 679 974 criminatur,
707 878 752 939 sio
771 876 910 958 intellige
931 877 1044 957 leotor,
1072 898 1129 960 per

190 1035 193 1044 Ι
219 961 372 1024 molosiam
390 960 502 1021 llooius
524 961 687 1040 opiniones
709 978 780 1021 suas
801 966 834 1020 et
850 959 978 1021 heroum
994 981 1127 1042 suorum,

219 1047 262 1126 qui
282 1042 499 1107 sudaverunt
491 1063 522 1102 ιιι
545 1042 752 1123 indulgentiis,
774 1041 940 1123 signifieat,
963 1062 1034 1104 nem
1056 1063 1127 1106 oon·

219 1134 347 1189 seorator
368 1128 418 1189 ιιι
434 1125 517 1187 sedis
540 1125 748 1205 apostolieae,
772 1134 803 1185 et
825 1144 911 1186 moro
933 1127 1126 1206 opinatarum

219 1211 337 1272 heroum
361 1228 487 1271 suorum
511 1208 658 1287 loquitur,
687 1209 738 1288 qui
759 1209 926 1289 scripturae
955 1216 987 1270 et
1008 1217 1127 1290 potrum

219 1292 309 1354 vorbis
331 1294 464 1368 utuntur,
487 1292 571 1353 velut
581 1290 788 1372 Anaxagorae
803 1290 973 1370 elementis,
986 1303 1019 1353 ut
1036 1312 1127 1372 quom

180 1401 191 1419 ·
218 1377 338 1456 primum
361 1394 400 1435 ea
421 1375 630 1435 oonseororint
642 1373 708 1435 sedi
720 1374 921 1453 apostolieae
943 1393 1017 1435 mox
1031 1383 1127 1436 trena·

219 1459 449 1519 substantiata
441 1478 472 1517 ιιι
500 1476 606 1518 eorum
635 1456 791 1518 arbitrium
819 1456 971 1518 voeabula
1001 1461 1127 1536 (mirum

219 1542 310 1616 diotn)
335 1539 494 1621 quodlibet
514 1559 554 1600 ex
576 1539 713 1620 quolibet
733 1538 826 1618 flunt,
862 1541 952 1600 etiam
980 1540 1011 1601 id
1034 1542 1128 1622 signi-

219 1624 302 1685 fioare
322 1623 451 1701 idoneo,
479 1641 559 1702 quee
577 1623 636 1684 vel
655 1643 711 1702 per
731 1621 887 1684 febrem
879 1624 944 1703 rpsi
965 1625 1128 1706 somniant,

219 1708 323 1768 vole
283 1727 303 1787 p
294 1726 371 1849 D}
359 1706 516 1767 muliebris
538 1705 671 1766 invidiae
693 1706 904 1785 impotentiam
926 1705 1065 1769 delirant

323 1791 435 1869 enique
457 1797 518 1849 tam
539 1789 570 1848 in
573 1788 700 1849 lelioiter
723 1807 802 1849 suae
829 1789 873 1850 eis
900 1788 1013 1849 oedunt
1040 1789 1128 1850 disei-

218 1873 323 1954 plinoe,
345 1879 379 1934 ιι
398 1872 489 1933 hoo'
481 1891 590 1951 ipsum,
613 1870 695 1951 quod
714 1870 828 1941 bonum
851 1870 1030 1950 didioerunt,
1052 1892 1128 1932 nun

220 1975 302 2035 quam
324 1955 406 2017 bene
425 1953 613 2033 intelligant
636 1961 667 2014 et
683 1957 774 2034 juxta
792 1954 1042 2035 ιροιιοΙιιιι*),
1063 1975 1127 2017 non

220 2039 395 2119 intelligunt,
418 2055 518 2116 neque
539 2036 612 2115 quid
635 2036 815 2116 loquuntur,
836 2056 938 2116 neque
959 2037 999 2098 de
1020 2039 1136 2118 quibus-

222 2121 382 2199 affirment,
411 2119 473 2180 hoo
493 2126 555 2196 est,
578 2138 636 2180 nee
657 2119 867 2199 praedicatum
889 2137 957 2180 ourn
980 2121 1139 2201 subiecto,=

223 2223 276 2264 neo
295 2166 464 2265 subidotum
493 2221 560 2262 oum
587 2202 795 2281 praedicato
786 2222 818 2262 ιιι
840 2204 1052 2283 propositione
1080 2223 1139 2264 oe·÷

224 2287 351 2368 tegorioa
378 2304 469 2366 oomp
472 2303 566 2346 onere
595 2284 689 2345 dooti.
737 2284 900 2365 Speremus
922 2285 1070 2364 futurum,
1097 2293 1131 2347 ut

227 2370 308 2429 simili
329 2368 512 2430 dexteritate
533 2372 572 2428 et
574 2366 646 2428 ulie
668 2368 845 2429 testimonia
866 2368 956 2429 nobis
971 2368 1133 2449 produotu·

228 2472 271 2513 rus
289 2454 356 2513 sit
349 2472 380 2511 ιιι
401 2452 502 2512 futura
524 2449 740 2531 disputatione,
763 2470 802 2511 ne
825 2451 912 2529 desit,
934 2452 1017 2532 quod
1041 2453 1132 2513 etiem

229 2537 302 2615 pueri
330 2534 459 2595 rideant
512 2533 729 2613 speraveram,
761 2534 872 2595 Eooius
902 2534 1133 2595 didioissetex

231 2616 349 2698 epistola
366 2617 487 2678 Erasini
503 2616 659 2678 literarum
681 2618 837 2698 principis,
859 2625 922 2678 tum
946 2637 984 2678 ex
998 2619 1037 2678 D.
1051 2617 1133 2678 Carl-

232 2701 307 2761 studii
327 2702 442 2761 inviota
473 2698 658 2783 apologia1)
691 2699 907 2761 hebetudinem
937 2702 1044 2781 ospitis
1075 2701 1131 2778 sui,

232 2803 322 2842 verum
342 2783 491 2863 patientia
513 2782 647 2843 Eooione
668 2783 763 2844 vineit
784 2785 906 2859 omnio,
927 2787 1001 2844 satis
1023 2790 1085 2860 est,
1108 2785 1134 2843 si

234 2867 325 2926 ueteris
348 2865 489 2927 omnibus
518 2866 695 2945 diuplieeat,
728 2866 785 2929 sibi
806 2866 916 2927 saltem
939 2875 971 2927 et
991 2865 1134 2933 heroibus

237 2950 285 3009 suis
301 2947 429 3028 plooeot
1206 3008 1210 3017 ,

303 3031 391 3106 Quod
413 3037 516 3092 autem
540 3050 588 3092 me
608 3030 794 3091 haereticum
819 3035 851 3090 et
870 3029 1039 3091 Bohemum
1063 3049 1134 3092 oon·

179 3180 181 3187 ,
238 3114 358 3192 soeleret,
379 3114 504 3184 dicens
527 3133 576 3174 me
596 3114 694 3194 ignire
717 3121 835 3174 veteres
857 3113 975 3174 eineres
997 3122 1056 3175 eto
1078 3134 1134 3196 pro

179 3254 181 3261 .
238 3160 370 3258 nodesn’a
399 3217 456 3257 ιιι
482 3196 556 3257 iaoit
582 3205 635 3256 out
661 3215 717 3277 pro
747 3194 849 3256 offioio
884 3199 1135 3279 oonseorotionis,

179 3280 181 3347 l
239 3299 285 3358 qua
302 3279 446 3361 quidquid
469 3285 631 3341 oonseorot
652 3286 865 3340 oonseoretum
888 3287 944 3354 est,
966 3281 1051 3342 nullo
1074 3245 1135 3342 olid

239 3382 294 3423 usus
314 3363 494 3442 ohrismato,
526 3380 617 3441 quam
639 3379 761 3423 veneno
783 3362 905 3442 linguae
927 3382 1010 3424 suae.

302 3447 348 3508 Tu
368 3466 444 3509 vero
468 3449 528 3522 (ne
550 3445 611 3506 hoo
634 3444 707 3505 mali
729 3445 861 3504 nominis
882 3443 1069 3526 agnoscam)
1092 3447 1136 3506 in·

179 3558 181 3601 ;
241 3531 307 3591 lari·
339 3532 435 3607 seius,
474 3529 516 3589 mi
542 3529 654 3606 leotor,
690 3547 740 3588 me
767 3526 806 3587 de
839 3528 1015 3588 monerohia
1045 3529 1136 3590 Rom.

240 3610 341 3677 Pontifl.
385 3631 450 3674 non
477 3629 623 3692 spernere
651 3609 859 3674 venerabilem
878 3629 1061 3672 eonsensum
1090 3617 1138 3673 tot

179 3706 479 3771 l.—.-.....

234 3810 491 3932 llllddeomddlbd'r
509 3887 572 3936 tum
594 3908 629 3929 κ·
650 3890 806 3967 apologia,
827 3895 938 3955 desunt
956 3900 990 3954 ln
1009 3895 1081 3955 edit.
1101 3893 1180 3950 tens
