2709 4417
405 423 408 428 Ι
444 360 471 411 st
488 353 879 412 &moeremium
922 355 927 363 ‘
1061 346 1124 416 427

207 551 392 624 premerent,
415 563 494 623 quse
516 545 737 605 oonsoientium
759 542 989 603 exstimulsreut
1008 549 1039 601 et
1059 561 1125 623 gru·

207 633 331 705 versut,
369 633 462 706 utque
494 646 531 688 ee
570 630 600 687 in
640 626 835 687 confessione
869 632 955 685 erunt
986 623 1125 686 dioende

206 707 289 770 Nini}
311 710 403 791 igitur
424 729 501 790 opus
525 717 572 771 est
592 710 645 770 iiio
668 710 827 785 examine,
862 728 923 787 quo
951 708 1034 769 soliti
1056 714 1127 769 sunt

207 793 267 866 uti,
297 801 331 851 ut
359 798 486 853 exactus
514 798 710 872 peecatorum
733 791 868 851 omnium
896 791 1057 852 referretur
1078 809 1126 852 oo·

207 873 346 954 eulogiis,
387 894 424 936 es
458 894 538 953 quoe
573 876 720 954 cogitanti
755 881 917 934 ooourrunt
948 875 1062 953 arripe,
1096 880 1127 934 et

207 956 271 1017 dio:
311 957 400 1018 Bone
432 959 539 1034 frater,
576 959 626 1018 hie
655 959 760 1037 lapsus
788 977 872 1029 sum,
903 964 934 1016 tu
963 958 1047 1035 erige
1077 973 1126 1016 me

207 1039 303 1100 verbo
326 1039 400 1118 Dei,
436 1049 467 1100 et
492 1040 635 1116 consule,
669 1038 741 1118 quid
774 1041 805 1100 in
835 1039 893 1099 hoo
920 1059 952 1098 re
983 1039 1054 1099 mihi
1088 1039 1128 1098 sit

208 1121 393 1185 isoiundum.

288 1205 390 1266 Debet
412 1209 492 1265 enim
515 1207 614 1266 brevis
642 1224 712 1264 esse
738 1205 906 1278 confessis,
940 1206 970 1263 in
994 1222 1072 1282 quo,
1101 1204 1127 1263 ri
1187 1218 1190 1223 ·

208 1285 280 1365 quid
303 1296 335 1347 te
355 1288 441 1367 fugit,
463 1287 545 1366 quod
568 1297 640 1365 post
660 1289 691 1347 in
709 1293 842 1346 mentem
865 1288 977 1346 veniet.
1000 1285 1075 1345 nihil
1097 1290 1128 1347 te

208 1388 245 1430 es
265 1389 317 1430 res
340 1369 513 1432 oonturbet.
555 1370 663 1449 Neque
694 1371 774 1429 onim
804 1370 962 1428 oonsessus
995 1387 1048 1445 es,
1078 1367 1127 1429 vel

208 1463 354 1531 tunquam
377 1454 490 1513 bonum
514 1471 610 1533 opus,
641 1453 690 1513 vel
721 1460 862 1530 tanquam
886 1460 1027 1511 oosotum
1049 1468 1128 1530 opus

208 1535 359 1612 fauturus,
389 1546 417 1596 et
440 1537 556 1615 potoris
577 1537 639 1596 hoo
659 1537 759 1614 ipsum
782 1542 942 1614 peooetum
965 1534 1032 1593 Deo
1055 1551 1129 1594 ooo·

207 1615 296 1678 fiteri.
339 1617 468 1698 Insuper
490 1617 715 1678 absolutionem
739 1636 862 1696 quoque
883 1616 970 1676 audis
993 1617 1022 1675 iu
1036 1616 1130 1676 Misso

206 1708 288 1771 turn,
324 1718 393 1760 oum
417 1700 511 1760 verbs
542 1720 659 1761 ooeuse
681 1701 861 1760 Dominioae
882 1700 1002 1760 reeituri
1030 1696 1128 1759 sudis.

206 1781 288 1842 Nihil
314 1801 388 1863 ergo
411 1791 441 1842 to
466 1784 644 1858 conturbet,
665 1784 690 1843 si
716 1782 907 1860 quorundum
931 1787 1128 1861 peoootorum

207 1866 250 1925 sis
273 1863 398 1925 oblitus.
442 1865 519 1925 Nom
542 1874 573 1925 et
606 1867 729 1925 oooulto
749 1872 893 1944 peoouts,
922 1882 1061 1942 quaeque
1098 1871 1128 1922 te

206 1948 344 2027 fugiunt,
372 1949 402 2007 in
426 1948 621 2009 absolutione
643 1949 771 2008 remissa
793 1954 872 2007 suot.
915 1946 1022 2024 Neque
1039 1945 1127 2005 enim

207 2030 292 2090 Deus
317 2029 376 2090 hoo
398 2038 532 2110 speotsi,
564 2030 635 2108 quid
656 2038 710 2090 sut
731 2029 887 2108 quomodo
915 2037 946 2089 tu
968 2028 1128 2089 oonsessus

207 2113 266 2188 sis,
290 2112 416 2172 verbum
439 2132 526 2172 suum
549 2132 586 2172 so
608 2120 690 2173 tuom
719 2119 838 2191 speotst
859 2111 960 2172 iidem.

292 2193 333 2255 Et
364 2196 394 2254 in
423 2194 619 2256 absolutione
651 2215 714 2257 non
745 2194 825 2255 solet
862 2202 962 2255 oertus
985 2211 1127 2252 numerus

207 2286 422 2355 perosorum,
459 2296 538 2359 quse
571 2280 779 2352 remittuntur,
811 2276 897 2351 addi,
933 2275 987 2336 sed
1021 2294 1060 2335 es
1081 2280 1129 2335 ost

207 2359 305 2419 libers
325 2358 479 2437 quaedum
501 2379 539 2420 oo
563 2361 623 2420 iste
645 2368 754 2439 putens
778 2379 856 2435 vox,
884 2378 962 2438 quoe
984 2356 1128 2436 simplioi-

207 2447 254 2502 ter
275 2444 443 2502 annunciat
462 2442 560 2503 Deum
583 2442 637 2504 tibi
658 2444 781 2519 fovere,
805 2460 895 2520 porro
918 2444 943 2500 si
966 2441 1049 2500 Deus
1072 2439 1127 2501 tibi

207 2523 306 2597 iuvet,
344 2523 463 2585 subluto
485 2532 555 2585 suut
576 2527 681 2585 omnis
703 2528 840 2603 peooots.
884 2522 1052 2584 Confirmet
1072 2522 1126 2602 igi·

209 2613 258 2666 tur
282 2616 311 2666 te
334 2626 396 2667 uon
420 2616 472 2666 tus
486 2609 652 2685 consessio,
676 2607 729 2666 sed
746 2607 910 2683 absolutio,
933 2625 1032 2682 neque
1054 2603 1128 2665 mul-

209 2698 272 2748 tum
296 2695 327 2749 te
349 2688 509 2768 sollicitet,
544 2691 568 2749 si
592 2708 652 2768 qus
673 2709 736 2750 non
760 2689 932 2749 meministi.
975 2687 1127 2748 Remissio

208 2773 290 2830 enim
325 2778 522 2850 pennatorum
555 2780 626 2833 tuoe
659 2771 827 2851 respondet
860 2771 940 2831 fidei.
990 2769 1023 2830 Si
1052 2788 1127 2850 ergo

208 2853 336 2914 multum
359 2854 468 2933 eredis,
492 2855 617 2915 muitum
641 2873 764 2933 quoque
786 2853 839 2913 tibi
861 2854 1031 2913 remittitur.
1074 2851 1127 2913 At

208 2955 268 3014 que
298 2937 329 2996 in
358 2937 439 2996 huno
460 2937 584 2997 modum
606 2937 730 3016 quidem
753 2937 887 3015 peoostis
915 2944 947 2995 et
969 2935 1128 2996 eonscien-

208 3019 270 3078 tiae
300 3020 417 3098 opponi
440 3019 562 3080 verbum
586 3020 643 3080 Dei
679 3026 711 3079 et
732 3020 894 3098 promissio
923 3017 1023 3080 debet.
1066 3015 1127 3078 seu

209 3100 287 3161 hseo
307 3102 368 3161 ium
391 3100 430 3160 de
452 3103 647 3163 ooufossione
669 3103 744 3161 setis
766 3103 835 3160 sint.

279 3282 386 3342 Altero
407 3301 477 3362 porr
500 3285 650 3343 sermonis
673 3283 712 3343 de
735 3290 927 3344 sooremento
950 3281 1064 3341 ultoris.

291 3436 355 3497 lem
394 3435 483 3498 nobis
525 3443 572 3497 est
599 3436 638 3497 ad
672 3439 827 3516 inseptsm
857 3434 896 3496 ds
934 3439 1126 3495 soorsmsnto

208 3518 451 3599 disputationem
472 3519 669 3580 redeundum.
715 3518 801 3581 Illum
818 3526 918 3579 sutem
943 3517 1043 3578 looum
1065 3516 1127 3577 ism

207 3609 280 3662 onte
295 3601 507 3679 resolvimus,
542 3602 624 3681 quod
653 3602 782 3664 liberum
805 3620 875 3661 esse
896 3598 1009 3660 debeat
1028 3616 1128 3661 soors·

209 3690 364 3761 mentun,
386 3702 486 3764 neque
506 3685 646 3746 homiues
668 3684 707 3744 sd
729 3684 802 3744 iliud
824 3684 854 3743 vi
877 3681 1045 3762 cogendos.

289 3767 401 3828 Restat
428 3768 536 3848 igitur,
577 3773 610 3827 ut
644 3786 768 3848 quoque
796 3765 836 3828 de
869 3773 997 3843 utroque
1023 3763 1128 3843 spsoie

198 3847 317 3924 uiuuid
350 3847 496 3911 mestuus
542 3850 610 3913 ism
643 3851 721 3916 olim
754 3854 867 3915 eutero
893 3850 943 3911 sio
967 3845 1085 3921 uoexixw
1109 3843 1153 3901 'ui
