2709 4417
517 367 535 405 a
552 352 673 406 Notariis
691 356 815 420 excepta
1064 342 1127 414 105

214 544 254 599 tm
274 537 430 614 eonditio
454 540 514 600 nisi
536 559 591 599 sna
611 539 779 622 paternitas
801 535 883 598 eliud
904 536 1016 598 habeat
1037 555 1129 599 evan·

217 623 333 704 galium,
372 640 467 700 quem
490 642 560 704 ego.
603 623 660 683 nt
665 622 763 702 qualis
786 620 897 682 debeat
923 639 992 681 esse
1012 626 1129 701 pastor,

221 704 385 787 rigniiioans
409 705 572 804 Christus,
606 705 803 767 dileetionem
826 710 857 765 et
877 722 1013 765 amorem
1036 703 1094 765 Dei
1110 723 1130 764 a

221 789 296 850 Petro
319 789 450 866 quaerit,
473 791 570 850 etsie
591 809 660 849 eum
683 796 839 868 pastorem
862 788 955 848 totius
978 786 1130 848 eeclesiae

222 873 292 950 iroit,
325 873 406 932 siout
424 871 559 934 eanitS.
583 878 680 932 meter
703 871 859 942 ecelesia
890 876 922 931 et
941 869 1129 931 reverendus

223 955 296 1097 Ρὲιι
323 960 394 1014 οιιιι
422 955 472 1016 vel
495 956 590 1036 legit:
626 954 672 1015 Τιι
701 960 794 1035 eaput
823 954 996 1031 eeclesiae,
1022 959 1131 1033 pastor

222 1058 233 1099 o
261 1058 308 1096 um
332 1044 392 1102 ete.
438 1037 539 1114 Quare
566 1040 631 1113 ipre
661 1037 765 1099 divino
788 1037 936 1099 hebemus
966 1036 1026 1098 hoo
1048 1036 1130 1114 loeo,

221 1121 319 1185 debere
342 1121 515 1200 praelatum
540 1121 667 1201 diligere
688 1121 804 1195 Deum,
838 1121 986 1181 habemus
1008 1121 1130 1180 Petrum

220 1205 407 1265 ιοιιιιίιιιιιιιιι
442 1211 597 1284 pastorem
628 1205 751 1282 ovium,
785 1205 872 1264 aienti
896 1203 926 1265 S.
953 1203 1131 1284 Gregorius,

217 1287 239 1350 d.
253 1285 434 1348 Ambrosius
457 1287 739 1369 etGhrysostomns
763 1288 855 1348 etiem
876 1285 1023 1365 Graecus,
1043 1286 1132 1347 intel-

185 1379 189 1389 '
216 1372 355 1431 texerunt.

288 1452 360 1513 Non
383 1452 475 1514 refert
495 1453 670 1534 praetenuis
693 1452 884 1529 ratiuncula,
912 1453 942 1512 in
977 1451 1131 1512 diversum

216 1551 232 1597 a
250 1535 420 1597 reverendo
441 1537 531 1597 Patre
552 1536 698 1615 induem,
719 1535 842 1596 Petrum
864 1555 926 1596 non
950 1536 1057 1596 omnes
1079 1554 1132 1616 pa·

217 1620 312 1693 visse,
349 1618 432 1697 quod
455 1626 559 1680 nostro
583 1618 853 1700 nomine-agitur,
884 1624 916 1678 st
943 1637 1000 1680 nos
1022 1618 1133 1679 secisse

218 1701 347 1780 dicimur,
370 1703 449 1762 siout
471 1701 614 1763 Clemens
626 1705 675 1765 21.
700 1701 765 1763 niti.
788 1701 889 1765 distin.
913 1706 1051 1777 testatur,
1074 1700 1132 1761 Pe·

220 1788 288 1844 trum
311 1784 471 1845 ordinasse
493 1784 701 1865 presbyteros,
723 1786 898 1864 episcopos,
921 1790 953 1844 et
974 1783 1133 1863 diaconos,

222 1868 266 1946 qui
284 1887 339 1947 per
360 1868 535 1928 universum
558 1868 664 1929 orbem
688 1874 835 1929 terrarum
858 1866 1052 1947 evangelium
1088 1886 1133 1927 se·

224 1951 382 2029 minarent,
414 1958 448 2010 ut
473 1951 612 2031 legitur
603 1971 635 2010 1n
657 1970 725 2015 een
742 1950 817 2028 illis,
839 1951 889 2014 80
912 1949 1032 2015 valet
1064 1949 1134 2034 dist.

226 2032 302 2093 Unde
323 2035 432 2093 missus
454 2053 473 2094 a
493 2033 664 2131 principali,
687 2035 765 2093 siout
785 2034 842 2093 furt
863 2032 894 2094 S
915 2032 1047 2111 Paulus,
1070 2039 1145 2092 non·

227 2117 330 2195 oogitur
342 2117 382 2174 mi
385 2117 420 2175 tti
385 2115 502 2176 tab
493 2118 588 2196 rpsins
600 2117 726 2193 vicario,
741 2124 843 2177 tamen
858 2116 969 2176 Paulus
980 2112 1009 2198 ¹)
1027 2135 1132 2179 aseen-

229 2197 263 2258 dit
289 2217 356 2259 oum
378 2199 429 2258 Tit
416 2205 465 2277 to,
491 2199 530 2259 ed
552 2199 639 2262 Gala.
661 2202 714 2276 2.,
749 2202 789 2261 et
801 2198 930 2259 eontulit
952 2219 1021 2259 oum
1042 2200 1133 2261 Petro

232 2280 418 2361 evangelium,
441 2283 493 2360 qni
514 2282 664 2343 dederunt
685 2283 713 2342 ei
735 2282 893 2342 dexteram
916 2282 1083 2343 societatis

296 2364 399 2440 Porro,
423 2363 505 2443 qaod
527 2365 639 2425 on'dit'
630 2385 661 2424 1n
684 2384 733 2426 me
755 2354 909 2445 glossam,
939 2383 1095 2444 nunqnam
1117 2384 1137 2425 a

233 2465 267 2505 roe
285 2447 472 2526 cogitatam,
495 2449 582 2525 quasi
603 2447 751 2508 dixerim.
776 2446 949 2509 Aedificare
971 2467 1063 2529 supra
1085 2467 1135 2528 pe·

234 2538 301 2606 tram,
324 2531 364 2589 sit
351 2528 511 2589 tsnbesse
532 2531 622 2591 Rom.
644 2529 810 2607 Pontifici
832 2531 1004 2607 osomnie,
1026 2549 1045 2591 o
1068 2549 1134 2590 ver·

232 2611 320 2671 bomm
348 2619 511 2692 portenta,
541 2633 695 2693 nunquam
727 2614 790 2674 hoo
821 2614 877 2674 fuit
904 2614 1015 2674 mentis
1038 2632 1136 2674 meae.

233 2694 349 2755 Christus
373 2696 454 2755 enim
476 2694 619 2757 aeditioat
606 2695 819 2770 tenelesiam,
850 2714 913 2756 non
945 2696 975 2756 hi
997 2697 1048 2774 qni
1069 2695 1136 2756 sub·

185 2780 188 2805 ³
234 2784 302 2855 sunt,
336 2777 449 2838 subditi
480 2778 561 2838 enim
589 2778 771 2839 aedificatae
803 2779 955 2839 ecelesiae
983 2797 1052 2839 esse
1085 2777 1136 2837 de·

234 2858 300 2922 hant

295 2943 341 3002 De
364 2942 515 3023 Gregorio
540 2933 749 3022 Ariminensi,
779 2943 865 3003 ouius
888 2942 1040 3003 sententia
1064 2941 1137 3002 mihi

236 3021 364 3121 displioet,
389 3027 416 3085 ei
438 3024 549 3105 placet,
572 3025 676 3085 nihil
667 3045 727 3085 ram
751 3025 789 3087 ad
813 3028 1015 3106 propositum.
1054 3024 1136 3086 Nolo

237 3125 292 3186 ergo
311 3110 340 3167 in
362 3109 422 3168 ista
443 3107 623 3168 diverticula
644 3107 841 3172 descendere
877 3107 937 3169 Sed
960 3114 993 3167 nt
1014 3104 1132 3187 aeoepi-

238 3209 304 3267 nus
331 3190 529 3252 defendemus
557 3190 716 3250 articulum
738 3191 896 3252 Constant
876 3193 982 3252 trensis
1013 3189 1135 3251 consilii

239 3291 289 3330 esse
309 3293 421 3350 verum,
444 3280 474 3333 et
496 3275 669 3353 quicunque
683 3274 754 3334 huie
775 3274 1003 3351 contradixerit,
1017 3292 1136 3353 serrare,

240 3363 261 3411 st
275 3357 385 3415 veritati
408 3361 439 3414 et
458 3355 568 3416 honori
591 3357 713 3417 ooneilii
736 3356 958 3419 contradicere.

434 3527 924 3667 Mar-‘ththerusss

206 3706 210 3717 ·
297 3699 469 3774 Antequam
496 3700 539 3758 ad
559 3702 742 3764 autoritates
778 3722 870 3766 ame
902 3699 1064 3786 oppositas
1081 3717 1138 3759 re-

305 3814 368 3820 ——
380 3817 633 3829 ἠὴ-

240 3839 265 3901 ’)
278 3841 310 3894 In
328 3844 370 3893 ed
395 3847 525 3916 origine
547 3851 661 3910 Petrus.
