2709 4417
225 332 271 411 82
434 335 593 405 Disputatio
612 337 725 405 Lipares,
738 336 835 409 habito
852 352 876 390 m
895 335 960 389 xix

225 522 279 604 dit,
303 525 444 603 quemvis
463 542 554 587 manu
576 541 633 585 suo
652 525 687 593 irr¹
705 542 762 587 suo
783 523 879 589 libro.
894 522 1117 605 ΜΝ]-

223 607 361 687 priapum
383 608 516 675 sensisse
538 605 700 671 ecclesiam
721 605 878 669 ordeum
896 625 990 687 supro
1008 612 1117 687 petrem,

224 688 281 751 sed
300 708 392 750 susus
413 690 470 750 fuit
489 688 613 769 addere,
634 688 719 770 quod
739 689 774 753 B.
794 680 969 771 cyprianus
990 688 1032 769 ibi
1050 687 1118 758 folle

223 779 279 834 tur.
303 772 352 833 Ad
372 773 576 854 Augustiuum
597 773 681 835 nisus
704 769 734 856 ¹)
769 778 817 835 est
834 771 1039 855 respondere,
1062 791 1120 843 nom

224 855 262 918 de
284 855 438 936 Cypriono
460 863 507 917 ost
526 855 749 937 indpbitetum,
777 856 828 936 qui
854 856 916 917 elio
943 853 1119 937 epistolssd

224 936 397 1005 Cornelium
434 938 511 1000 VIII.
541 938 631 1001 Rom.
658 938 829 1001 Ecclesiam
857 945 951 1001 vocet
980 937 1120 999 matrioem

224 1026 255 1083 st
275 1020 408 1083 rsdioem
431 1020 567 1086 eliorum.

304 1102 450 1186 Impingit
471 1104 566 1189 mihi,
595 1103 678 1185 quod
700 1103 812 1186 dietum
834 1103 994 1165 citaverim
1015 1101 1054 1163 ob
1074 1102 1121 1163 Au-

223 1188 347 1267 gustino
380 1193 586 1249 retractatum.
628 1186 764 1249 Lectoris
793 1187 937 1248 iudicium
975 1184 1121 1247 obsourere

224 1271 329 1350 nequit
348 1269 533 1332 reverendus
556 1270 654 1348 Peter,
676 1290 748 1351 nom
770 1269 849 1333 odeo
871 1289 941 1332 eum
964 1286 1039 1329 suoe
1059 1269 1121 1349 prid

222 1354 263 1423 ris
276 1354 453 1435 sententiae
467 1372 530 1425 non¹
543 1354 691 1433 poenitet,
713 1359 747 1413 ut
763 1355 857 1423 etiem
876 1371 933 1434 pro
945 1349 1121 1413 firmamenti

222 1434 257 1498 Β.
277 1436 472 1499 Ambrosium
501 1434 690 1517 introducet,
718 1436 773 1499 sed
800 1435 884 1517 quod
911 1433 951 1496 ab
979 1434 1066 1495 initio
1091 1435 1121 1499 iu

224 1516 306 1598 duxi,
329 1525 458 1581 testatur
476 1519 677 1601 Augustinus,
700 1538 734 1580 se
754 1539 810 1601 per
822 1519 952 1580 'Petram
974 1518 1066 1579 etiem
1085 1535 1121 1579 ex·

222 1603 365 1682 posuisse
385 1601 556 1683 Christum,
593 1610 732 1667 neutram
753 1609 921 1665 retraetans
945 1600 1120 1662 sententiam

222 1691 359 1747 neutram
382 1687 473 1765 etism
494 1705 569 1766 pree
590 1684 733 1767 eligendo
755 1685 866 1748 subdit.
887 1684 1014 1749 ,Horum
1037 1689 1121 1745 auter

222 1769 440 1843 sententiarum
463 1788 541 1849 quoe
559 1769 600 1829 sit
621 1769 819 1850 probabilior,
840 1768 935 1849 eliget
952 1766 1061 1844 lector,
1074 1765 1121 1827 Au·

221 1851 358 1931 gust‘mus
381 1850 508 1915 definire
535 1871 598 1914 uon
630 1851 738 1931 sudet,
775 1859 807 1914 et
832 1849 1022 1913 reverendus
1049 1848 1121 1915 Pete]

222 1953 317 2005 unam,
335 1935 519 1996 sententiam
540 1934 605 1995 vult
625 1935 772 2015 reiicere,
800 1940 849 1997 tot
875 1933 906 1997 S.
928 1931 1068 2007 Patribus
1087 1951 1121 1993 so

222 2023 385 2097 oeptotom,
407 2024 440 2085 et
459 2010 527 2078 eum
548 2036 604 2079 suo
628 2018 752 2080 arbitrio
774 2024 945 2099 oooeptore.
975 2014 1064 2099 Unde
1076 2014 1121 2097 Au

220 2100 376 2178 gustiuum
396 2119 459 2162 non
481 2101 609 2165 admitto
636 2103 668 2161 in
698 2103 725 2166 9.
754 2102 854 2182 oopite
881 2100 997 2162 dirisse
1021 2105 1120 2169 oorrtro¹

221 2180 265 2253 rio
286 2183 336 2253 vel
357 2182 503 2263 adverso,
525 2183 581 2246 sed
602 2182 731 2248 diverso.
773 2183 925 2259 Quoniam
947 2180 1054 2243 ambos
1075 2201 1120 2243 sm

221 2262 372 2344 plectatur
392 2267 570 2345 sententies,
593 2268 737 2348 quonism
758 2275 847 2348 petro
867 2272 916 2329 est
936 2265 1121 2343 Christus,o

222 2347 326 2419 Petrus
347 2348 404 2413 fuit
422 2356 519 2430 petro„
542 2348 643 2425 Quare
658 2370 769 2412 moneo
785 2370 854 2431 oum
868 2347 1047 2429 Ambrosio,
1067 2345 1121 2409 Hie·

220 2450 365 2513 rouymo,
390 2431 557 2514 Cypriono,
582 2432 749 2512 Bernordo,
773 2440 804 2495 st
824 2433 892 2495 eliis
914 2433 1010 2520 moris
1031 2431 1121 2493 oonoi·

221 2514 268 2575 liis
290 2534 328 2575 oo
349 2515 490 2578 deoretis.

302 2597 454 2677 Seoundo,
476 2618 545 2661 oum
567 2600 605 2662 ob
628 2601 754 2663 ostiario
775 2599 955 2681 sumpsisset
976 2616 1120 2679 orgumerr

220 2687 284 2751 tum
305 2682 489 2757 reverendus
510 2683 617 2764 Peter,
645 2702 743 2747 mesm
766 2682 949 2745 senteutiam
971 2679 1120 2743 debellato

219 2783 287 2842 rus,
329 2766 404 2849 iupsi
439 2785 523 2845 eum,
566 2775 601 2828 ut
640 2767 840 2848 gmmmotido
880 2765 1001 2827 ratione
1044 2762 1121 2826 verbs

220 2845 332 2931 Christi
356 2849 465 2911 melius
484 2849 688 2930 ponderaret,
711 2851 847 2912 omnium
869 2849 952 2909 enim
974 2865 1121 2909 consensu

218 2930 324 2993 Motth.
354 2935 424 2997 16:
468 2930 566 3013 Super
599 2933 681 2995 bono
715 2940 833 3015 petrem
868 2929 1041 2992 oedificabo
1078 2936 1121 2991 eto

219 3020 251 3075 et
277 3013 330 3081 tibi
361 3012 442 3077 dubo
478 3022 536 3081 eto.
571 3015 708 3077 Christus
748 3015 888 3097 promisit
919 3014 1033 3092 Petro,
1074 3031 1121 3074 nor

219 3104 291 3157 tuno
312 3096 405 3161 dedit.
428 3096 489 3161 sed
506 3097 661 3160 dimittens
678 3099 909 3181 grammaticam
925 3115 1024 3175 suom,
1045 3115 1121 3177 quen

219 3178 295 3240 dixit
315 3186 418 3242 temen
439 3181 508 3261 plus
538 3180 645 3255 volero
670 3183 796 3262 reliquis
830 3179 968 3262 portibus
1001 3178 1121 3259 philoso

216 3262 503 3409 iiiiibippiiiit
533 3261 1024 3412 ttffltittitffltniiii‘
1038 3262 1121 3406 ΓΞ

217 3430 277 3488 iam
290 3392 413 3492 recedo.
426 3392 628 3511 Responde’o:
652 3368 732 3506 (Iulio
744 3367 925 3510 chriqstusss
948 3435 996 3489 est
1006 3390 1068 3507 bie,
1076 3363 1121 3487 qve·

217 3512 290 3572 riter
320 3518 351 3572 et
371 3513 451 3592 vits,
486 3513 557 3575 ideo
587 3502 757 3576 indubitate
778 3512 964 3575 eredendum
992 3519 1040 3572 est
1066 3529 1121 3571 eurr

269 3783 302 3849 1)
322 3781 414 3845 irred.
431 3784 506 3845 Jeme
529 3786 614 3839 risus.

270 3852 307 3943 ⁸),
321 3852 421 3943 Jobprr.
439 3852 483 3913 142
567 3852 570 3861 '
