2709 4417
488 353 645 408 alictariis
664 356 789 435 excepta.
863 333 888 431 θ’
1023 347 1105 440 ''201

184 557 250 598 rcm
275 536 396 598 malam.
439 534 503 598 Sed
530 542 561 599 et
593 538 692 619 ipsum
715 538 753 600 D.
766 538 804 599 D.
833 536 924 607 credo
954 537 986 598 id
1006 539 1105 618 ipsum

185 615 360 697 asserere,'
376 620 458 699 quod
480 622 578 702 gratia
600 626 632 682 ct
651 627 812 701 peccatum
840 620 921 701 apud
944 620 1107 683 Scholasti-

186 722 241 765 ccs
257 703 444 764 'immediate
467 710 673 785 opponuntur.

272 786 343 849 Non
366 788 478 867 accipit
501 786 537 849 D.
560 787 596 848 D.
612 833 620 865 ,
639 786 720 867 quod
781 787 873 847 etiam
897 786 958 847 dixi
983 806 1107 867 pracva-

186 871 253 932 nire
277 887 420 941 amorem,
438 876 468 930 et
492 870 643 948 timorem,
664 871 723 930 nisi
758 889 854 949 squar
869 869 908 931 de
930 871 1027 952 gratia
1049 872 1107 950 pri-

186 971 257 1013 mae
278 952 441 1014 motionis.
477 952 687 1032 Respondco:
718 953 786 1034 Ego
811 973 878 1013 curn
902 953 1055 1034 Apostolo
1077 959 1108 1014 et
1151 1016 1153 1021 ,

186 1036 361 1117 Augustino
385 1035 606 1116 senti02'qu0d
629 1036 761 1104 nisilex
773 1035 915 1114 diligatur
939 1035 1039 1115 (quod
1061 1044 1109 1097 cst

187 1119 324 1190 caritatis
348 1126 380 1180 et
401 1137 464 1180 non
486 1120 603 1199 primae
620 1120 793 1194 motionis}
809 1139 871 1179 nou
887 1120 967 1180 bene
988 1120 1120 1182 vivitur.¹

185 1201 271 1283 Ergo
295 1220 355 1262 nec
378 1202 462 1264 Deus
484 1202 616 1278 timetur,
638 1222 697 1263 nec
719 1202 837 1263 colitur.

268 1284 303 1344 ln
328 1282 552 1364 fine,·instruit
580 1285 727 1346 adversus
756 1305 805 1345 me
828 1292 988 1346 cornutum
1017 1285 1108 1365 syllo-

185 1369 334 1448 gismum,
357 1375 408 1428 sut
432 1367 622 1446 Ambrosius,
651 1368 835 1449 Gregorius,
865 1368 979 1447 aliique
999 1388 1108 1448 repug-

187 1456 263 1511 nant
285 1449 373 1511 dictis
397 1451 559 1531 Apostoli,
584 1450 634 1512 vel
662 1470 742 1529 non,
771 1452 796 1511 si
818 1452 879 1525 sic,
900 1451 983 1530 quod
1007 1458 1107 1512 osten-

187 1533 276 1594 dam:
301 1535 324 1593 si
349 1552 430 1611 non,
461 1541 493 1594 ut
514 1540 591 1595 stem
615 1553 721 1595 eorum
745 1536 926 1595 sententiae.
969 1535 1108 1614 Respon-

187 1615 247 1678 dco
271 1622 304 1676 et
322 1636 379 1697 per
401 1616 534 1678 medium
557 1622 702 1695 transeo,
738 1637 801 1677 nou
823 1624 998 1698 repugnant
1020 1616 1108 1678 dictis

186 1698 346 1782 Apostoli:
369 1705 401 1761 et
422 1708 585 1761 stoeornm
607 1701 789 1777 sententiae,
813 1720 875 1761 non
901 1706 1002 1760 autem
1021 1699 1108 1759 Ecci-

186 1801 266 1842 anae
288 1781 526 1863 intelligentiae,
563 1784 625 1844 imo
649 1784 753 1847 errori.
797 1783 867 1844 Nou
899 1783 980 1842 enim
1004 1782 1108 1842 exclu-

186 1865 266 1926 dunt
286 1866 444 1926 caritatem
468 1885 487 1925 a
508 1866 618 1926 timore
641 1867 707 1925 sive
729 1866 832 1926 servili
852 1867 919 1925 sive
941 1864 1036 1925 filiali.

250 1948 334 2008 Dicit·
346 1948 383 2009 D.
392 1948 429 2013 D.
452 1968 520 2009 esse
543 1948 687 2011 cancrino
711 1967 797 2009 more
821 1948 1002 2029 retrogredi,
1024 1946 1106 2026 quod

185 2031 267 2092 dixi:
297 2030 410 2092 Habita
431 2032 556 2092 caritate
579 2033 696 2092 moveri
724 2037 857 2092 mentem
895 2030 933 2091 ad
956 2032 1107 2093 timorem.

186 2113 268 2176 Satis
293 2113 404 2189 miror,
428 2115 495 2175 sive
516 2116 730 2195 scorpionem,
752 2115 817 2175 sive
839 2133 982 2176 cancrum
1004 2114 1106 2186 istum,

186 2217 254 2257 cum
279 2204 309 2256 et
331 2196 454 2275 gentilis
475 2196 527 2256 ille
550 2204 644 2277 poeta
665 2196 791 2258 dixerit:
821 2198 881 2257 Res
914 2204 961 2257 est
983 2196 1107 2256 solliciti

185 2280 282 2360 plena
305 2280 422 2339 timoris
446 2297 541 2340 amor.
587 2279 682 2356 Quasi
704 2282 890 2360 ignoremus,
913 2278 995 2359 quod
1018 2298 1106 2339 amor

181 2364 252 2422 lons
277 2367 309 2423 et
330 2368 422 2442 caput
444 2364 649 2422 estomrrium
672 2362 849 2425 affectuum.
871 2361 953 2430 Ideo,
969 2362 1049 2422 euim
1073 2363 1106 2421 ti·

184 2451 285 2505 metur
307 2464 410 2524 poena
432 2452 462 2505 at
475 2446 611 2505 infernus
634 2445 795 2523 serviliter,
818 2447 889 2524 quia
900 2445 1034 2525 diligitur
1043 2445 1106 2503 vite

184 2535 215 2589 et
240 2527 383 2607 voluptas
415 2527 572 2609 pueriliter
594 2534 624 2587 et
645 2528 806 2591 serviliter.
845 2528 893 2588 Ad
916 2527 997 2586 hunc
1019 2528 1106 2587 timo·

183 2632 247 2673 rem
269 2618 301 2671 et
314 2629 450 2671 amorem
472 2610 702 2691 exstirpandum
715 2610 891 2671 diffunditur
914 2612 1024 2670 caritas
1038 2610 1106 2689 Dei,

182 2715 245 2775 qua
267 2712 405 2753 amemus
432 2692 524 2754 aliam
548 2695 652 2769 vitam,
677 2701 708 2754 et
730 2696 890 2753 timeamus
913 2694 1004 2754 aliam
1028 2712 1105 2752 mor·
1151 2747 1155 2755 ,

182 2787 261 2853 tem,
293 2775 324 2835 id
347 2787 410 2848 est,
433 2778 658 2857 separationem
682 2796 701 2835 a
722 2777 800 2837 Deo.

265 2858 399 2920 Transiit
435 2859 472 2919 D.
496 2859 533 2919 D.
568 2859 606 2920 de
636 2861 757 2940 punctis
787 2861 817 2919 iu
852 2858 1000 2919 Sermone
1035 2876 1104 2938 meo

181 2943 322 3025 signatis,
345 2948 376 3001 st
397 2941 436 3002 de
458 2948 523 3002 toto
547 2941 695 3004 Sermone
717 2941 916 3002 confutando.
938 2941 1016 3001 Dico
1038 2940 1106 3001 bre·

180 3029 277 3088 viter:
301 3023 401 3086 Habet
425 3024 575 3085 calamum
591 3031 621 3086 et
636 3045 796 3106 papyrum,
818 3023 1013 3106 aggrediatur
1036 3041 1103 3082 eum

179 3129 251 3170 cum
274 3105 405 3184 fiducia,
436 3106 602 3186 videbitur,
624 3128 664 3169 an
687 3108 866 3169 Sermonem
891 3106 1104 3186 confutaverit,

179 3193 230 3253 vel
255 3210 290 3251 se
312 3192 410 3271 ipsum
428 3192 563 3252 irriserit.
586 3191 654 3251 Hoc
675 3191 815 3269 relinquo
838 3190 950 3251 iudicio
965 3188 1105 3250 ordinan-

179 3276 304 3337 dorum.

569 3438 724 3499 Eccius.
751 3520 753 3524 Ι

267 3603 348 3678 Quia
375 3603 415 3664 ob
445 3597 591 3684 temporis
615 3606 790 3685 ,angustiam
826 3601 1013 3683 respondere
1040 3618 1103 3660 non

177 3706 319 3770 possum.
333 3687 380 3763 iis,
403 3705 482 3765 quae
504 3686 690 3747 reverendus
713 3688 804 3747 Pater
832 3686 973 3746 adduxit:
1004 3683 1103 3743 refero

178 3780 286 3832 tamen
310 3788 360 3829 me
381 3768 420 3829 ad
442 3768 578 3849 iudices,
613 3790 663 3831 ms
692 3770 768 3831 nihil
797 3769 983 3831 transiliisse
1010 3783 1119 3843 nenne

178 3854 276 3917 fuisse
296 3849 335 3911 de
354 3858 458 3913 mente
470 3851 730 3919 Praedicatcrum
755 3856 1006 3936 autDoctorurn
1018 3849 1112 3936 lagg]
