2709 4417
262 342 329 411 410
549 347 583 402 il.
602 344 708 403 cossio
724 343 760 402 D.
780 347 815 402 Ι.
832 345 916 402 lauth.

348 492 439 608 Quod
461 532 553 614 igitur
579 533 625 594 sio
646 534 759 608 santis,
793 533 817 594 si
851 552 872 592 s
897 531 1037 613 peccam
1062 531 1171 593 recedas

266 622 298 677 st
316 615 464 692 foederis,
499 615 580 694 quod
612 618 642 676 in
669 616 824 696 baptismo
854 634 923 676 cum
959 615 1028 675 Deo
1054 616 1173 690 iunxisti,

265 699 308 760 sis
331 718 464 774 memor,
496 706 558 759 tum
587 701 715 759 remissa
743 698 796 760 tihi
819 718 890 759 esse
914 704 1063 778 peccata,
1095 699 1123 758 in
1143 716 1173 760 eo

265 780 388 861 quidem
420 800 482 842 non
519 782 632 842 falleris
667 789 811 842 streete
839 783 947 843 sentis.
992 780 1108 841 Verum
1125 781 1176 842 hoc

265 863 346 941 vids,
367 883 416 940 ne,
439 883 506 924 oum
530 863 609 926 adeo
631 864 826 945 impudenter
846 864 963 925 flducis
981 864 1100 944 gratiae
1118 883 1176 943 pec

266 964 330 1023 ces,
353 945 488 1006 divinum
512 947 656 1008 iudicium
684 949 714 1007 in
736 949 805 1028 ipso
827 953 980 1028 peccato,
1012 947 1175 1026 priusquam

266 1034 298 1089 tu
319 1028 439 1101 redens,
461 1036 491 1089 te
514 1030 638 1108 obruat,
670 1049 710 1091 ne
742 1032 804 1104 (sic
824 1031 1026 1110 permittente
1048 1028 1132 1109 Deo)
1151 1031 1176 1089 in

264 1116 364 1172 tantm
386 1112 777 1187 tentationes-coniiciaris,
798 1121 893 1174 utne
915 1115 942 1174 si
965 1112 1045 1172 velis
1068 1111 1176 1191 quidem

264 1193 390 1255 credere
411 1205 463 1253 aut
483 1194 625 1275 baptismi
646 1197 822 1256 meminisse
841 1198 956 1276 possis,
980 1202 1013 1255 st
1031 1196 1177 1255 conscien-

264 1277 308 1338 tis
327 1277 409 1337 victa
429 1276 505 1338 fldes
527 1279 715 1342 succumbat.

347 1359 426 1420 Nam
455 1378 522 1420 cum
546 1381 639 1441 aegre
660 1361 705 1421 illi
727 1367 902 1440 serventur,
941 1361 994 1438 qui
1028 1377 1092 1420 non
1119 1379 1177 1440 pcc

265 1448 351 1516 osnt,
374 1449 427 1503 aut
447 1445 500 1522 qui
521 1443 699 1505 infirmitate
718 1451 865 1525 peccant,
901 1442 976 1522 quid
999 1441 1040 1502 de
1062 1449 1093 1502 te
1113 1443 1177 1502 futr-

264 1543 330 1583 rum
353 1531 416 1599 est,
452 1528 503 1604 qui
532 1527 612 1587 adeo
634 1527 828 1608 impudenter
848 1527 980 1607 gratiam
1003 1527 1130 1586 tentasti
1148 1545 1178 1585 ac

265 1609 476 1668 contemsisti?
519 1610 551 1669 ln
576 1611 686 1671 timore
713 1611 806 1690 igitur
831 1610 889 1670 Dei
911 1608 1124 1680 ambulemus,
1152 1617 1177 1666 ut

263 1692 417 1751 constanti
447 1691 508 1751 ilde
535 1691 621 1752 illum
650 1694 768 1773 gratiae
791 1692 969 1752 thesaurum
992 1692 1177 1767 retineamus,

265 1778 297 1833 st
326 1791 382 1853 pro
417 1774 470 1834 illa
492 1775 702 1837 misericordia
729 1775 802 1835 lasti
830 1773 1047 1854 praedicemus
1069 1793 1107 1834 nc
1126 1774 1176 1833 lau·

264 1853 372 1916 demus
396 1856 492 1916 Deum
514 1859 544 1916 iu
568 1859 683 1936 secula,
705 1858 816 1918 Amen.

675 1942 768 2002 Finis.

284 2102 319 2164 ll.
345 2102 552 2178 Quomodo
589 2104 750 2249 Chrtistql
780 2105 917 2184 passio
962 2105 1013 2163 sit
1057 2102 1156 2163 medi-

676 2207 721 2248 an
756 2208 785 2250 a.

344 2351 456 2428 Primo,
479 2353 618 2433 plerique
633 2354 792 2414 hominurn
814 2353 859 2412 sic
873 2352 987 2412 Christi
1005 2352 1168 2431 passionem

261 2433 458 2511 meditantur,
482 2443 515 2495 ut
536 2438 670 2516 graviter
692 2438 862 2497 irascantur
882 2434 1015 2510 ludaeis,
1039 2442 1070 2493 et
1091 2433 1168 2492 ludse

261 2524 421 2596 peccatum
444 2520 545 2578 multis
582 2519 682 2580 modis
715 2524 928 2594 exsecrentur,
964 2535 1003 2576 ac
1024 2523 1169 2595 praeterea

260 2599 336 2658 nihil
357 2599 479 2661 faciant.
522 2601 574 2662 Sic
606 2603 686 2663 enim
719 2602 763 2662 illi
791 2608 861 2662 sunt
889 2600 974 2660 soliti
1002 2606 1034 2660 et
1055 2598 1167 2659 aliorum

261 2698 384 2760 quoque
400 2682 557 2743 hominum
581 2686 772 2745 calamitates
787 2684 960 2764 deplorare,
984 2690 1016 2742 et
1038 2700 1168 2742 accusare

260 2762 351 2841 illos,
386 2766 435 2843 qui
462 2784 526 2826 non
549 2769 663 2828 meritis
687 2769 852 2828 attulerunt
868 2766 1026 2842 iniuriam.
1071 2765 1167 2824 Verum

260 2845 322 2906 hoc
342 2849 455 2907 rectius
478 2847 645 2925 diceretur,
675 2850 770 2911 Iudae
800 2868 838 2909 ac
866 2846 1050 2908 ludaeorum
1073 2848 1167 2926 impro-

259 2926 386 2989 bitatem
412 2949 502 3008 quam
526 2931 637 2993 Christi
658 2935 836 3015 passionem
859 2930 1011 2992 meditari.

345 3011 504 3091 Secundo,
536 3015 728 3096 collegerunt
757 3013 879 3094 quidam
901 3013 988 3072 varia
1009 3011 1169 3083 commodo,

262 3111 342 3172 quas
376 3113 415 3153 ex
442 3095 629 3176 diligentiori
658 3099 858 3160 meditatione
887 3096 1043 3176 passionis
1073 3094 1169 3155 Christi

259 3178 453 3255 proveniant.
497 3180 576 3240 Hinc
602 3181 680 3242 illud
701 3181 819 3242 Alberti
848 3178 941 3257 vulgo
963 3178 1108 3259 iactatur:
1128 3176 1170 3238 Ss-

260 3258 320 3318 tius
342 3279 411 3320 asse
434 3261 544 3323 Christi
566 3266 745 3344 passionem
774 3261 870 3323 semel
892 3267 923 3320 et
946 3259 1048 3320 obiter
1068 3261 1098 3319 in
1120 3261 1171 3318 vita

260 3341 410 3420 meditari,
433 3363 524 3423 quam
546 3349 572 3407 si
594 3366 649 3427 per
670 3354 768 3407 totum
791 3364 905 3405 annum
923 3343 1055 3423 singulis
1078 3343 1172 3403 diebus

259 3424 388 3502 iamnes,
411 3435 464 3486 aut
485 3435 582 3490 totum
607 3430 798 3491 Psalmorum
820 3427 930 3488 librum
953 3426 1084 3486 evolvas
1105 3433 1156 3485 etc.

345 3508 400 3566 llst
421 3517 522 3569 autem
554 3513 613 3573 hac
644 3519 675 3573 et
696 3510 846 3573 similibus
868 3509 936 3568 aliis
959 3510 1120 3569 sententiis
1140 3507 1172 3568 al·

260 3588 388 3668 lectum,
424 3599 457 3652 ut
478 3611 533 3652 ceu
556 3597 641 3657 caeci
664 3595 806 3656 homiues
828 3612 933 3653 verum
955 3609 1044 3650 usum
1068 3593 1173 3672 passio·

260 3672 316 3731 nis·
332 3671 445 3734 Christi
467 3695 621 3757 nunquam
645 3681 706 3738 sint
728 3676 871 3737 assecuti.
913 3673 1024 3751 Neque
1046 3673 1173 3740 enimin

253 3773 292 3820 ss
315 3757 487 3842 quidquam
510 3762 725 3842 quaerebant„
757 3775 853 3836 quam
877 3756 1036 3842 puratum
1053 3772 1190 3842 nomme-k

247 3843 334 3911 dum.
384 3845 671 3910 Circumferehant
691 3842 780 3906 enim
800 3852 913 3896 senum
928 3828 1210 3903 xffiwsmmrll·
