2709 4417
471 348 541 402 XIII.
561 347 595 402 de
613 354 749 417 potestate
767 348 868 418 Papae.
1054 347 1116 413 353

199 552 285 612 qnam
311 537 357 595 sle
381 535 533 612 volumus,
552 543 659 597 nostro
676 535 771 597 verbo
790 536 873 596 credi
890 536 935 596 ias
951 543 1008 614 est,
1022 538 1114 597 etiam

200 617 265 696 plus
288 636 381 695 quam
405 637 553 699 expresso
576 620 673 680 textui
697 619 859 680 verborum
881 619 949 680 Dei.

279 733 433 812 Primum,
457 733 507 794 hic
528 734 628 796 scriba
654 735 791 812 laborat,
822 734 872 796 ubi
894 755 956 796 non
981 744 1114 816 urgetur,

199 821 224 875 et
244 815 335 895 fugit,
358 819 481 877 nemine
502 826 717 896 persequente,
741 817 858 878 scilieet
881 821 962 878 mala
983 816 1044 878 lide
1084 826 1115 880 et

199 899 388 960 conscientia
409 906 547 962 vexatus.
592 901 700 960 Petrus
723 899 813 978 dicit,
840 900 917 981 Regi
946 900 1034 961 subdi
1064 900 1114 961 de-

199 999 267 1041 >ere
289 988 437 1061 tanquam
458 983 668 1063 praecellenti,
690 981 720 1043 id
742 989 799 1058 est,
822 985 872 1062 qui
894 985 934 1043 sit
955 985 1114 1063 primarius

199 1069 224 1123 et
245 1063 318 1144 plus
341 1082 432 1143 quam
454 1064 548 1125 duces
576 1065 615 1126 ab
644 1084 682 1127 eo
712 1066 804 1127 missi.
846 1066 888 1125 At
920 1065 1116 1127 decretalista

199 1145 360 1223 uocabulo,
383 1147 591 1227 praecellenti,
604 1148 686 1208 male
703 1155 813 1225 tactus,
835 1151 956 1227 timens,
978 1167 1017 1209 ne
1029 1148 1115 1228 pr'ae·

199 1228 370 1289 cellantiam
392 1239 483 1290 sonet
504 1231 696 1311 imperatoris
717 1249 810 1310 super
827 1230 1000 1309 pontifices,
1022 1233 1114 1291 anxie

199 1313 337 1389 occurrit,
360 1318 391 1372 et
413 1312 451 1372 de
473 1312 693 1392 praecellentia
711 1316 790 1394 regis
807 1321 839 1372 et
854 1312 1116 1394 pontificislonge

199 1401 283 1453 extra
305 1397 489 1455 sententiam
505 1395 585 1456 Petri
609 1395 754 1476 disputat,
776 1415 840 1455 non
863 1395 1026 1456 advertens
1046 1415 1113 1456 ver-

199 1478 266 1535 oum
291 1476 389 1556 Petri,
422 1479 473 1557 qui
503 1497 565 1538 non
596 1478 689 1538 modo
717 1480 783 1558 regi
805 1479 1019 1558 praecellenti,
1057 1477 1112 1539 sed

199 1561 287 1619 etiam
311 1559 439 1621 ducibus
462 1559 501 1620 ab
531 1579 568 1621 eo
598 1562 698 1621 missis
720 1561 934 1640 obtemperare
955 1562 1113 1642 praecipit,

199 1644 256 1702 lmo
285 1644 368 1701 omni
400 1650 558 1704 creaturae
580 1643 750 1721 humanae,
773 1642 941 1721 dequibus
969 1643 1043 1703 nihil
1066 1651 1115 1703 est

199 1724 344 1784 sollicitus
373 1724 583 1803 decretalIsta,
619 1727 690 1804 quia
719 1724 843 1786 verbum
877 1726 1114 1805 praecellentiae

199 1807 225 1866 iu
249 1806 378 1866 ducibus
408 1815 438 1868 et
468 1815 607 1868 creatura
630 1809 764 1868 humana
785 1828 847 1868 non
870 1810 974 1868 sonuit
996 1807 1115 1869 terribi-

199 1889 262 1948 liter
283 1891 314 1948 iu
336 1889 459 1951 auribus
483 1892 555 1950 eius.
581 1891 734 1967 Breviter,
764 1911 803 1951 ne
825 1890 989 1951 dictionem
1021 1910 1114 1950 unam

199 1971 319 2049 quidem
341 1973 372 2031 in
387 1973 467 2032 Petri
488 1973 548 2033 hac
569 1975 733 2034 autoritate
754 1974 956 2054 intelligitis,
979 1975 1114 2052 quisquis

199 2058 250 2126 est,
271 2055 489 2134 scriptoroulus
503 2056 671 2134 Romanus,
695 2063 726 2117 et
747 2056 906 2116 contendit
927 2064 1028 2116 tamen
1051 2072 1114 2120 om·

199 2155 251 2196 nes
274 2155 353 2197 ovas
376 2137 485 2198 Christi
509 2137 631 2200 docere.

411 2353 470 2414 Sed
494 2373 658 2433 sequamur
680 2356 745 2415 eius
768 2356 893 2416 lumum.

281 2517 371 2595 Dico,
393 2519 560 2597 imperator
580 2520 612 2577 in
632 2519 852 2599 temporalibus
875 2519 1016 2580 omuibus
1029 2539 1116 2602 prae·

204 2598 298 2678 cellit,
320 2601 412 2660 etiam
435 2601 539 2677 saeris,
562 2601 654 2680 idque
675 2603 741 2661 iure
758 2601 873 2677 divino,
896 2613 929 2662 ut
944 2603 1021 2664 haec
1033 2603 1115 2663 Petri

199 2681 292 2742 verba
314 2690 445 2762 cogunt,
474 2690 593 2760 tamen,
616 2684 688 2762 quia
709 2685 739 2743 in
763 2683 888 2744 arbitrio
910 2686 975 2745 aius
998 2692 1061 2762 ast,
1084 2693 1116 2746 et

199 2770 268 2824 sunt
290 2772 449 2825 creaturae
463 2765 627 2843 humanae,
649 2774 752 2846 potest
767 2766 848 2826 hanc
864 2766 1113 2846 praecellentiam

199 2849 263 2926 lpse
286 2855 401 2927 sponte
423 2848 472 2907 vel
494 2849 641 2926 retinere,
663 2850 712 2908 vel
734 2849 901 2928 dimittere,
929 2851 1011 2910 etin
1033 2858 1116 2910 utro·

199 2948 256 3008 que
278 2929 374 2990 habet
394 2931 440 2989 ius
462 2930 608 2992 divinum.
642 2930 694 2993 Sic
716 2952 735 2990 a
755 2931 948 2992 Constantini
964 2938 1116 3013 ternpore,

199 3031 258 3073 uon
282 3014 447 3073 autoritate
468 3013 665 3094 pontificum,
693 3013 747 3074 sed
768 3017 1004 3095 imperatorum,
1033 3035 1115 3076 crea·

199 3096 270 3155 turis
292 3095 434 3156 humanis
457 3095 529 3157 data
552 3103 599 3156 est
619 3097 760 3174 libertas,
791 3099 932 3177 personis
962 3107 994 3159 et
1022 3098 1114 3159 rebus

199 3178 494 3257 ecclesiastieorum,
526 3197 585 3239 nec
612 3186 716 3258 potest
743 3178 781 3240 ad
810 3180 870 3241 hoc
890 3179 969 3239 ullus
990 3200 1115 3260 respon-

199 3260 272 3322 dere
294 3260 377 3321 aliud
407 3261 489 3341 quod
517 3262 629 3324 valeat.
672 3261 782 3339 Unde,
815 3263 840 3322 si
873 3264 1039 3342 imperator
1066 3261 1123 3323 vel.

199 3343 292 3404 duces
315 3362 433 3404 rursum
456 3344 533 3404 haee
554 3352 716 3422 revocent,
756 3363 834 3423 quae
869 3364 924 3404 sua
953 3345 1115 3404 autoritate

199 3425 367 3504 donarunt,
404 3446 467 3488 nou
494 3433 598 3505 potest
628 3428 672 3487 eis
700 3428 798 3487 resisti
831 3428 897 3487 sine
920 3433 1050 3506 peceato
1085 3433 1116 3486 et

198 3509 365 3588 impietate.
410 3508 511 3583 Quare
533 3509 608 3569 nihil
631 3509 681 3568 hic
703 3509 776 3569 facit
795 3508 988 3588 depravator,
1010 3508 1116 3568 dunta-

199 3599 251 3652 xat
273 3607 331 3653 eos
353 3592 530 3671 imperatori
550 3590 728 3669 subiiciens,
752 3593 803 3671 qni
825 3591 1006 3670 temporalia
1025 3589 1116 3652 abeo

199 3674 383 3753 suscipiunt,
406 3680 512 3755 aperte
534 3680 565 3735 et
585 3680 702 3735 temere
729 3674 855 3734 verbum
878 3673 935 3733 Dei
957 3674 1037 3735 Petri
1059 3672 1117 3734 dis·

199 3774 249 3815 cer
270 3774 336 3816 erra

243 3775 295 3891 ΡΑ
324 3851 394 3910 quo,
423 3854 513 3918 rogo,
535 3838 638 3905 habet
659 3843 735 3926 ipse
759 3840 977 3928 temporanei
1026 3839 1056 3901 a
1079 3836 1145 3897 Ixa-

199 3927 361 3979 Medoru-
378 3931 446 3973 aa
463 3937 553 3986 aerae
567 3941 624 3985 sua
641 3945 658 3987 ι.
672 3957 697 3998 p.
713 3948 771 3991 vor.
785 3949 835 3990 m.
944 3939 997 4011 Ἃ
