2709 4417
405 312 410 319 ⁵
492 322 648 385 allotariis
667 334 793 400 excepta.
1049 327 1111 395 113

199 512 316 574 antibus
338 513 480 593 habetur,
502 516 653 576 nonaum
677 513 854 591 contenfirs,
872 533 940 574 eam
955 513 1110 576 mihiesae

199 594 350 674 eddilam,
377 599 559 677 praesertim
589 596 712 676 quando
741 596 933 676 apostolatus
969 602 1048 673 nrm,
1078 603 1110 656 ut

199 697 252 756 pse
272 696 340 739 cum
363 683 426 740 suis
449 680 559 755 sentit,
580 679 746 761 dignitatis¹
759 697 874 739 nomen
895 680 943 755 sit,
966 679 1021 739 sed
1044 678 1110 738 offl-

199 761 237 837 rii,
259 769 292 820 ut
313 762 414 822 clarus
437 770 486 824 est
497 755 667 842 Apostolus
690 762 729 822 ad
751 761 910 822 Romanos
924 761 972 838 *),
995 767 1026 821 et
1047 761 1110 821 ubi-

199 863 266 922 rue,
287 843 338 904 ubi
360 865 395 904 se
416 845 491 905 dicit
512 846 672 927 accepisse
694 845 824 924 gratiam
846 850 878 904 et
898 844 1107 924 apostolatum

199 926 229 986 ad
251 926 457 988 obediendum
479 927 561 989 lidei.
604 928 661 987 Est
691 928 772 987 enim
799 926 960 1006 apostolus
982 928 1110 986 nuncius

199 1009 280 1085 verbi,
303 1016 334 1069 et
354 1010 549 1090 apostolatus
564 1030 618 1071 seu
641 1009 853 1089 apostolorum
868 1007 1001 1069 officium
1015 1009 1110 1085 verbi,

202 1102 225 1152 et
244 1094 283 1150 sic
303 1092 334 1151 in
356 1095 452 1153 sacris
473 1092 569 1153 literis
606 1091 799 1171 apostolatus
831 1092 895 1151 sive
918 1091 1109 1151 administra·

204 1176 235 1234 tio
254 1175 313 1234 lere
342 1175 425 1235 idem
448 1182 551 1252 arunt3
584 1175 644 1235 nisi
671 1174 969 1234 administrationem
1001 1173 1111 1234 intelli·

205 1265 245 1337 gat
263 1260 477 1319 contentiones
508 1257 646 1317 forenses
679 1257 718 1316 de
751 1256 843 1316 rebus
879 1256 1110 1335 temporalibus,

206 1339 419 1415 ecclesiasticis,
454 1359 533 1419 quae
563 1359 625 1399 non
654 1345 703 1399 est
728 1340 851 1418 proprie
883 1339 1107 1399 administratio

206 1422 367 1502 apostolica.
390 1424 503 1483 Fateor
524 1421 656 1500 quidem,
679 1423 704 1481 si
726 1423 785 1480 ista
808 1422 1000 1501 permittatur
1023 1421 1109 1481 liber-

207 1513 241 1565 tus
260 1503 413 1583 tingendi,
443 1503 562 1585 lingens
586 1503 615 1575 ¹)
643 1515 674 1563 et
706 1522 765 1582 ego
788 1502 818 1563 S.
842 1503 1018 1562 iohannem
1039 1522 1109 1563 esse

206 1587 403 1649 sacellarium
431 1594 462 1647 ot
493 1586 589 1666 alium
615 1586 791 1664 apostolum
819 1585 902 1645 aliud
933 1605 1011 1645 esse.
1048 1585 1110 1647 Sed

206 1671 392 1730 haecomnia
430 1688 493 1729 uon
527 1676 597 1729 sunt
617 1669 690 1727 iuris
713 1667 816 1727 divini.
846 1667 1014 1728 Evanescit
1034 1687 1108 1748 ergo

208 1754 371 1831 principium
392 1752 478 1824 illud,
499 1751 583 1830 quod
606 1751 763 1809 minimum
787 1751 818 1809 in
831 1752 1000 1828 quantitate
1022 1752 1106 1810 iacti·

208 1843 269 1893 tatur
288 1834 331 1909 ²).
359 1835 495 1894 Et⁸satis
518 1834 661 1910 admiror,
685 1833 767 1912 quod
791 1832 941 1892 Dominus
966 1836 1108 1913 egregius

209 1935 290 1976 sacras
311 1918 416 1977 literas
446 1917 488 1976 ita
516 1916 678 1991 exhorret,
707 1921 739 1975 et
759 1915 869 1974 taciem
892 1933 999 1975 eorum
1020 1915 1106 1996 fugit,
1161 1948 1166 1956 -

211 1999 342 2059 divertens
364 2001 395 2059 in
418 2001 495 2059 istos
513 1998 671 2058 cuniculos
694 1997 868 2057 humanitus
890 1999 1043 2058 inventos.

272 2081 402 2142 Proinde
423 2081 523 2141 adhuc
544 2088 604 2141 stat
625 2081 773 2139 autoritas
795 2080 834 2139 ad
854 2078 1001 2153 Corinth,
1026 2078 1108 2158 quod

212 2184 249 2240 pro
270 2165 432 2224 schismate
454 2162 591 2224 tollendo
613 2162 726 2222 Paulus
750 2161 804 2238 **)
842 2162 921 2222 tollit
942 2182 1108 2242 personam
1137 2164 1140 2171 '

213 2246 285 2328 Petri,
314 2247 417 2324 Pauli,
447 2246 561 2326 Apollo
584 2253 642 2305 etc.
667 2251 698 2305 et
719 2245 818 2305 solum
843 2244 994 2304 Christum
1016 2244 1106 2304 relin-

213 2330 264 2406 quit,
285 2330 340 2389 sibi
362 2330 469 2389 relieto
483 2329 650 2388 ministerio
674 2327 824 2387 duntaxat
838 2327 934 2405 verbi,
958 2326 1111 2407 quodest

212 2429 263 2471 vere
295 2413 487 2492 apostolatus
521 2416 551 2470 et
584 2410 811 2471 administratio
836 2410 996 2472 ecclesiae.
1045 2409 1110 2469 Nec

208 2493 292 2564 valet,
316 2493 400 2573 quod
421 2494 502 2554 hanc
529 2494 773 2554 robustissimam
797 2494 992 2553 autoritatem
1015 2491 1112 2552 voluit

204 2571 358 2637 dissolvere
391 2574 502 2656 frigida
522 2577 582 2636 ista
602 2575 815 2652 similitudine,
848 2574 930 2654 quod
951 2576 1111 2654 provincia

199 2655 258 2719 sine
287 2661 389 2739 capite
415 2659 558 2738 exposita
592 2659 632 2717 sit
659 2657 872 2742 schismatibus
906 2664 937 2718 et
967 2657 1110 2736 periculis

199 2741 300 2820 multis,
324 2761 396 2801 nam
417 2759 480 2801 non
498 2741 618 2801 dabitur
631 2741 763 2800 ecelesia
775 2742 841 2800 sine
855 2741 964 2820 capite,
987 2739 1109 2818 quando

199 2816 341 2884 labuntur
363 2824 449 2884 multi
471 2824 608 2903 episcopi
630 2824 697 2882 sine
719 2842 809 2903 papa.

274 2905 540 2981 Quemadmodum
564 2905 703 2965 videmus
716 2903 781 2965 fieri
802 2906 833 2963 in
851 2903 1037 2981 foederibus,
1061 2903 1109 2964 ubi

199 3002 232 3048 ἑο
253 2985 406 3070 pulchrius
428 2987 676 3052 administrantur
697 2988 829 3068 respub„
853 3006 913 3065 quo
937 2988 1036 3045 minus
1058 2987 1109 3045 ha-

199 3079 264 3134 >ent
284 3091 447 3132 commune
470 3078 573 3151 caput,
596 3069 739 3130 namhoc
761 3070 857 3129 estad
872 3069 1005 3145 oculum,
1027 3068 1109 3147 quod

199 3155 500 3234 agamemnone,
528 3153 674 3234 Angliae,
697 3152 892 3228 Britanniae,
914 3150 1057 3228 Galliae,
1080 3160 1111 3211 et

199 3235 375 3298 infinitomm
397 3237 427 3295 in
451 3237 575 3314 mundo,
598 3244 668 3295 suut
690 3236 756 3294 sine
773 3236 928 3294 communi
947 3235 1058 3313 capite,
1080 3242 1112 3293 et

199 3322 293 3380 tamen
309 3339 372 3380 non
392 3318 586 3392 colliduntur,
608 3317 746 3396 quolibet
767 3338 863 3396 regno
876 3335 932 3376 suo
954 3335 1027 3396 rege
1039 3336 1111 3375 eon-

199 3405 287 3464 teuto.
310 3401 401 3476 Quod
425 3402 501 3461 siin
523 3403 560 3462 iis
583 3400 803 3479 temporalibus
825 3398 1042 3459 fluctuantibus
1067 3405 1112 3459 tot

215 3542 409 3556 ”vm—m·—
414 3546 601 3553 --—-----.--.
607 3546 616 3552 κ

246 3649 267 3706 1}
286 3645 365 3714 Apud
397 3645 598 3699 Loescherum:
638 3645 781 3712 fingerem.
810 3644 841 3710 2)
874 3645 902 3696 ln
929 3644 971 3696 ed.
996 3643 1057 3696 len.
1084 3655 1111 3696 et

211 3717 266 3780 apud
295 3717 405 3771 Loesch.
435 3716 529 3769 addita
559 3715 688 3795 leguntur
715 3715 796 3769 hacc:
838 3717 865 3766 in
898 3717 997 3766 virtute
1026 3718 1111 3765 maxi·

212 3796 358 3924 mllrlllh.
382 3862 404 3911 r,
445 3857 474 3922 ⁸)
496 3860 521 3914 1.
543 3856 667 3912 counit.
691 3860 715 3914 ι.

211 3954 297 4021 lutheri
308 3952 360 4006 opp.
378 3959 402 4000 V.
414 3960 444 3999 Α.
459 3961 489 4000 ad
501 3962 545 4003 res.
559 3962 612 4005 hnc.
627 3965 642 4005 Ι.
656 3976 682 4017 p.
698 3966 749 4009 vol.
760 3967 802 4007 111.
975 3932 1000 3998 8
