2709 4417
486 346 641 412 eroum
660 362 785 427 excepta.
1038 351 1081 426 91

187 556 248 600 orus
266 541 308 600 sit
327 544 439 602 eontra·
457 541 547 602 istam
562 530 754 633 ineln'risiler'p
765 544 935 624 veritatem,
955 550 1082 626 paratius

187 620 312 768 pppeippgr
313 623 458 768 adductis
478 624 680 707 respondere,
704 632 735 687 et
756 644 794 688 ea
813 624 939 708 diluere,
956 626 996 690 de
1020 646 1081 709 quo

426 872 813 938 Mbntherus.

241 1038 316 1100 (ium
344 1038 412 1099 heri
438 1042 585 1101 antinum
614 1045 699 1101 esset
730 1041 856 1101 nomine
881 1040 1077 1102 illustrissimi

187 1114 317 1202 rineipit,
339 1123 463 1201 patroni
484 1120 592 1200 nostri,
614 1129 648 1183 nt
668 1124 798 1183 materie
817 1125 878 1184 ista
888 1141 1079 1186 nonsummu-

187 1208 240 1281 itnr
260 1218 300 1265 eo
320 1203 393 1281 die,
423 1210 454 1265 et
484 1206 628 1286 egregius
651 1206 692 1267 D.
713 1206 750 1268 D.
786 1207 933 1267 maiorem
960 1214 1077 1287 partem

187 1276 308 1369 impuris
327 1288 394 1348 sine
415 1283 602 1349 necessitate
623 1292 658 1348 et
676 1287 815 1350 odiosius
836 1308 927 1368 quarn
949 1288 1080 1353 deoebat

187 1376 219 1433 oo
238 1366 435 1451 splendidum
452 1370 636 1432 auditorium
652 1373 905 1515 consumpsisset,
927 1372 999 1433 mihi
1021 1392 1077 1454 pro

187 1453 298 1531 idnnne
318 1455 523 1534 responsione
545 1455 636 1515 unioa
655 1453 713 1516 init
733 1450 779 1515 rel
792 1474 853 1534 qua
872 1454 996 1532 horula,
1019 1475 1079 1536 qua

187 1522 262 1598 uitae
282 1536 434 1617 sartagini
457 1546 531 1627 sune
553 1537 796 1619 responderem,
818 1537 908 1598 simul
930 1544 962 1599 et
982 1556 1078 1620 oppo

187 1626 270 1680 erem}
314 1619 434 1680 Placuit
453 1626 565 1699 postea
586 1618 718 1702 gratuito
741 1620 853 1682 affeetu
881 1620 981 1681 eidem
1012 1622 1078 1683 illu-

187 1702 307 1766 iiisimo
332 1702 465 1782 Prinoipi
487 1709 613 1780 nostro,
642 1710 676 1764 ut
697 1705 788 1783 oopie
810 1703 932 1764 daretur
953 1704 1026 1765 mihi
1048 1713 1080 1766 et

187 1784 366 1866 apondendi
388 1782 421 1845 ei
441 1786 631 1865 opponendi,
653 1784 693 1846 de
715 1802 775 1865 quo
797 1788 912 1867 gratias
928 1806 989 1867 ago
1011 1787 1079 1847 illn-

187 1869 325 1929 iiseimoe
347 1869 464 1948 gratiae
486 1886 560 1929 snae
585 1886 676 1951 quam
698 1871 859 1930 maximos.
880 1868 1017 1949 Ideoque
1038 1870 1077 1931 sd

187 1955 214 2012 ro
237 1940 351 2012 os'itnin
364 1944 531 2031 veniendo,
555 1958 721 2031 antequem
737 1959 880 2033 ooeptom
902 1952 1077 2013 hesternam

187 2030 391 2095 tonsionem
424 2035 618 2110 emtionem,
655 2036 754 2121 primo
782 2035 862 2095 hene
898 2037 1076 2096 matutinam

187 2117 300 2199 obuiam
322 2117 360 2177 D.
382 2116 419 2177 D.
440 2115 526 2177 Eeoii
549 2116 721 2197 dispeiinrn,
742 2117 794 2178 ubi
817 2135 902 2178 more
925 2136 980 2179 sno
1003 2119 1077 2179 satis

187 2199 263 2261 iibse
284 2205 318 2260 et
339 2200 461 2279 'semper
482 2200 589 2261 obiioit
618 2198 787 2261 Huseitioas
809 2202 991 2280 pravitates,
1013 2220 1077 2262 non

187 2283 320 2360 intente,
351 2281 434 2361 quod
470 2282 561 2344 toties
584 2302 633 2343 me
655 2285 899 2365 expurgaverim.
942 2283 1077 2363 ideoque

187 2352 278 2426 titium
299 2365 466 2446 praefabor
492 2367 689 2446 germanice,
717 2365 801 2445 quod
828 2366 997 2447 intelligam
1027 2385 1077 2428 me

187 2450 294 2510 essim‘e
315 2447 422 2509 andire
443 2447 522 2529 apud
545 2449 681 2528 vulgum.

235 2531 424 2613 Deolerebnt
443 2536 547 2592 eutem
567 2548 604 2591 ee
623 2548 688 2590 non
705 2532 896 2611 impugnare,
918 2549 977 2592 neo
998 2531 1076 2592 ohrr‘·

187 2612 254 2674 iitn'e
286 2634 306 2675 a
331 2624 489 2693 quoquam
520 2614 694 2694 impugnari
728 2632 823 2693 posse
857 2616 1019 2694 primatum
1042 2622 1078 2675 et

187 2696 366 2773 tinnientiam
393 2697 555 2757 Romanae
594 2697 755 2757 eeclesiae.
799 2697 911 2757 Verum
946 2716 984 2758 eo
1006 2716 1077 2776 per-

187 2785 285 2840 t’o'tnm
308 2792 388 2858 esse,
411 2784 445 2839 ut
466 2779 624 2845 declarare
645 2778 680 2839 'se
702 2785 853 2859 oporteat,
877 2798 945 2839 enm
968 2780 1077 2859 prinia-

187 2868 220 2922 m
239 2870 305 2924 non
328 2871 398 2923 enee
415 2861 459 2921 ‘de
478 2863 544 2922 iure
564 2861 684 2940 divino,
718 2864 797 2922 siout
828 2880 929 2940 neque
948 2863 1076 2942 impero·

187 2946 265 3006 uiam
283 2936 474 3026 potestttem
497 2944 763 3027 epudtiennanos
784 2944 951 3024 improbari
973 2963 1076 3025 posse,

187 3024 298 3088 iiiffivis
321 3029 463 3088 insinere
484 3027 640 3108 Seriptma
661 3044 723 3087 non
741 3027 914 3102 'fundatam
935 3029 1075 3107 quamvis

188 3116 198 3169 .’
212 3110 327 3172 iiineim
343 3109 441 3188 uixit,
470 3116 573 3173 veroin
601 3128 691 3188 esse,
713 3129 782 3171 eam
809 3129 879 3170 esse
901 3116 1076 3170 oontrover-

187 3186 256 3273 aio,
284 3201 329 3252 'en
359 3193 508 3271 primatus
536 3193 688 3253 eoelesiee
708 3193 867 3252 Romanae
891 3193 931 3252 sit
951 3191 991 3252 de
1009 3194 1076 3253 iure

187 3276 279 3351 rino,
304 3274 387 3354 qnod
409 3274 583 3354 improbare
605 3282 727 3336 oonstat
748 3294 817 3335 esse
838 3273 1022 3335 Hussitioum
1045 3282 1078 3337 et

187 3356 317 3441 tioninin
352 3376 373 3417 a
394 3356 624 3420 constantiensi
659 3358 793 3418 ooneilio
829 3357 1076 3437 condemnatum,

187 3441 289 3520 ineque
312 3436 500 3515 dolendum,
523 3441 548 3500 si
571 3441 802 3501 ohrietianorum
825 3440 920 3500 eorde
942 3447 1002 3500 tem
1025 3442 1075 3501 sri-

188 3523 357 3600 messem,
378 3529 413 3583 nt
427 3538 525 3583 nemo
552 3523 611 3584 hoo
626 3523 815 3584 defenderet.
837 3522 913 3584 Post
925 3523 986 3584 hoo
1006 3542 1076 3586 ooe-
1153 3588 1155 3595 ,

188 3606 255 3670 tD.
277 3606 425 3666 Martinus
447 3605 542 3666 iatine
561 3607 717 3686 prosequi.
738 3612 741 3617 '
1059 3640 1063 3649 ι

240 3687 332 3764 Quod
354 3707 428 3769 ergo
449 3687 566 3749 induoit
586 3689 667 3750 hano
686 3688 880 3750 autoritatem
902 3687 1008 3748 Matth.
1028 3691 1076 3767 16,

187 3771 350 3832 mteudens
379 3771 421 3833 ibi
441 3773 603 3851 primatum
624 3771 808 3852 promissum
831 3789 914 3848 esse,
936 3771 1010 3832 satis
1032 3790 1077 3831 re-

187 3873 304 3915 ·onsum
325 3860 375 3913 est
390 3855 424 3913 in
432 3853 704 3936 praecedentibus,
718 3853 810 3943 jqnod
830 3854 972 3940 egregins
990 3853 1075 3917 Μ).
