2709 4417
501 367 518 405 c
534 352 657 425 Nolanis
673 357 799 422 excepto.
1057 351 1122 420 2115

288 536 347 598 Sed
369 556 511 598 maneam
532 538 563 597 in
585 521 757 618 principali,
779 538 851 617 quia
873 543 1036 619 peccatum
1056 558 1121 601 nou

216 626 306 682 manet
326 622 527 699 impunitum,
561 620 728 682 secuudum
749 620 972 701 Augustiuum,
1002 621 1121 704 Grego·

218 706 291 765 rium
334 703 436 778 Quare
471 703 639 765 satisfactio
673 705 783 764 merito
814 705 904 765 tortia
923 724 994 783 pura
1016 707 1122 784 poeni·

220 789 317 860 tentiae
338 788 492 848 asseritur.
536 785 576 846 Et
597 787 690 866 plene
713 787 856 867 probavit
876 787 1065 867 Augustinus
1089 790 1121 848 in

220 870 317 947 Ench.,
347 871 593 948 perorationem
628 870 814 930 dominicam
847 889 905 931 uos
945 871 1123 932 satisfacere

222 975 266 1035 pro
287 952 433 1012 scelerate
462 954 567 1032 gestis.
609 953 650 1013 nt
678 961 712 1013 ut
739 972 812 1012 vere
840 952 918 1013 dixit
944 953 1011 1014 heri
1037 974 1122 1015 reve·

223 1035 317 1098 raudus
338 1036 445 1112 Pater,
473 1035 557 1096 Deus
579 1036 795 1116 fecitpactnm
819 1055 888 1096 curu
911 1036 1063 1115 ecclesis,
1096 1039 1122 1097 si

224 1119 420 1182 ecclesianos
444 1119 533 1195 lacit,
555 1120 638 1180 Deus
661 1119 742 1179 facit.
784 1118 868 1198 Ergo
890 1118 989 1179 habeo
1011 1139 1123 1198 propo·

224 1205 296 1264 situm
312 1200 570 1262 Scholasticotum
593 1209 626 1261 ct
646 1201 903 1278 Praedicantinm,
927 1201 1010 1281 quod
1032 1221 1122 1282 opor·

225 1289 257 1346 tet
273 1284 318 1344 vel
340 1303 396 1350 uos
420 1284 612 1364 satisfacere,
644 1293 700 1345 aut
723 1286 806 1345 Deus
828 1286 940 1364 exiget.
983 1283 1074 1359 Quod
1096 1287 1123 1348 si

205 1389 265 1448 ¹per
282 1367 434 1427 orationes
457 1374 579 1429 nostras
610 1368 660 1428 vel
684 1367 767 1428 bona
791 1386 887 1446 opera
909 1367 1122 1446 satisfacimus,

226 1471 264 1511 cnr
282 1448 352 1509 illud
373 1469 437 1510 nou
450 1457 558 1529 posset
579 1449 643 1511 fieri
666 1449 835 1511 accedente
849 1452 958 1510 virtute
981 1449 1122 1530 clavium,

226 1553 283 1612 quas
303 1533 385 1592 Deus
407 1552 470 1593 uon
492 1533 603 1593 frustra
625 1552 701 1593 suae
722 1536 857 1612 sponsae
878 1533 1029 1593 ecclcsiae
1051 1553 1122 1594 con·

225 1617 282 1676 tulit.
320 1615 361 1674 ut
383 1634 452 1674 cum
481 1617 567 1676 iuxta
596 1615 738 1694 Gregorii
769 1618 954 1676 senteutiam
983 1633 1051 1678 can,
1074 1617 1122 1677 Da

222 1705 306 1759 cetero
328 1701 365 1773 2,
389 1716 419 1776 q.
445 1702 476 1760 7.
500 1699 552 1758 alii
574 1700 711 1778 episcopi
735 1705 807 1758 suut
828 1699 929 1758 vocati
951 1699 982 1757 iu
1003 1708 1122 1777 partem

227 1780 435 1856 sollicitudinis,
472 1801 553 1860 papa
584 1781 677 1842 habet
706 1780 927 1861 plenitudinem
950 1782 1122 1859 potestatis,

226 1884 265 1944 per
284 1861 487 1943 indulgentias
520 1864 559 1925 ab
595 1883 633 1925 eo
666 1863 753 1924 datas
781 1863 891 1924 satisfit
917 1883 1038 1943 poenae
1065 1883 1122 1943 pro

227 1948 339 2027 peccatis
369 1945 509 2020 debitae,
543 1947 698 2006 solutione
728 1967 768 2006 ex
795 1947 940 2007 thesauro
971 1945 1123 2008 ccclesiae

226 2031 299 2106 sacta,
333 2035 366 2088 ut
397 2035 470 2108 post
491 2028 610 2089 Sixtum
644 2029 812 2089 declaravit
832 2030 918 2109 Papa
945 2028 1123 2106 modernus,

227 2110 420 2192 praecipiendo
442 2111 498 2172 sub
521 2131 624 2191 poena
648 2113 979 2172 excommunicationis
1000 2113 1044 2172 ita
1069 2111 1122 2173 do·

228 2196 280 2270 ceri,
300 2195 397 2254 teneri
419 2202 450 2253 et
471 2195 651 2273 praedicari.
687 2194 788 2268 Quare
811 2195 837 2253 si
858 2194 1047 2255 reverendus
1068 2193 1123 2255 Pa·

230 2285 263 2338 ter
281 2284 385 2337 contra
406 2277 533 2353 doceat,
566 2276 724 2357 praedicet
743 2277 793 2337 vel
816 2276 966 2357 disputet,
993 2279 1053 2337 iam
1074 2285 1124 2343 ost

230 2360 402 2419 anathemate
431 2379 605 2439 percussus.
648 2359 767 2420 Placuit
796 2367 898 2421 tamen
928 2359 1018 2436 mihi,
1041 2359 1123 2438 quod

231 2442 291 2502 ultra
312 2442 430 2502 clavem
454 2444 616 2522 potestatis
642 2443 708 2503 heri
735 2443 838 2522 posuit
865 2443 984 2502 clavem
1013 2441 1124 2502 discre-

202 2524 205 2531 '
231 2526 399 2601 lisciacum
424 2533 526 2585 tamen
549 2523 653 2604 plures
675 2525 779 2585 claves
801 2532 909 2585 contra
921 2524 1125 2586 scholasficos

231 2607 357 2667 lectores
380 2615 474 2686 neget
496 2606 640 2671 Conclus.
662 2613 694 2671 7.
716 2608 913 2668 Resolutorii.

292 2689 374 2749 Haec
395 2689 479 2750 volui
507 2691 635 2751 omuino
657 2690 808 2765 adiicere,
837 2697 871 2750 ut
897 2689 988 2750 futuri
1008 2689 1125 2750 indices

231 2773 340 2849 apertius
362 2772 586 2852 intelligerent,
616 2792 696 2852 qnae
717 2781 824 2833 nostra
845 2779 929 2833 esset
949 2780 1124 2832 controver-

232 2855 263 2913 sia
285 2857 312 2914 in
334 2855 395 2914 hoc
423 2863 554 2934 puncto,
590 2858 746 2935 qnoniam,
777 2857 803 2914 si
823 2855 1011 2915 reverendus
1033 2853 1126 2916 Pater

232 2945 276 2996 stat
293 2939 462 2997 sententias
483 2939 651 2999 Doctorum
673 2958 730 3017 per
752 2957 801 2998 me
821 2938 1041 3017 cllegctorum‚
1063 2957 1125 2999 non

232 3019 419 3080 adversabitur
439 3039 499 3080 nec
519 3021 737 3098 Scholasticis,
771 3039 830 3081 nec
853 3020 1126 3098 Praedicatoribus,

232 3122 274 3162 nec
291 3104 369 3164 mihi.
392 3101 496 3176 Quare
515 3106 541 3164 si
563 3104 703 3180 voluerit,
726 3104 818 3164 etiam
837 3104 1019 3164 seutentiam
1040 3123 1127 3164 suam

233 3204 272 3262 pro
299 3186 514 3246 informatione
542 3185 737 3247 dominorum
765 3185 898 3246 iudicum
933 3187 1046 3267 poterit
1067 3185 1127 3246 cla·

233 3268 277 3327 rins
294 3270 472 3348 exprimere.

474 3433 515 3492 M.
559 3432 864 3493 Luthe·rus.

296 3597 340 3657 Ad
369 3599 445 3657 istas
472 3597 600 3657 neanias
634 3604 666 3657 et
690 3597 824 3677 ineptias
846 3598 882 3659 D.
904 3598 942 3660 D.
964 3598 1029 3658 heri
1051 3600 1128 3660 satis

235 3680 369 3758 respondi,
405 3680 516 3757 repetit
544 3680 625 3739 cuim
651 3678 778 3759 eadem,
812 3688 844 3740 et
875 3680 959 3740 velut
984 3680 1129 3742 ridiculus

227 3760 400 3818 eiluardus
421 3760 537 3820 clrorda
560 3782 689 3844 semper
709 3764 841 3828 oberrat
862 3763 990 3830 eadem.

273 3837 420 3899 Secundo
437 3859 571 3924 scopum
585 3855 837 3918 controversiae
860 3872 931 3919 uon
945 3851 1066 3935 auge.
1078 3849 1165 3912 lou
1205 3845 1207 3848 ’
