2709 4417
488 334 564 391 ¹111.
584 335 618 390 da
636 339 773 405 potestate
791 336 890 406 Papae.
1092 332 1154 400 317

233 516 374 579 Videsne
396 538 487 600 ergo,
509 519 581 600 quid
603 521 643 581 sit
662 519 791 581 illudere
811 519 1000 600 Scripturas,
1022 538 1098 596 seu,
1120 528 1154 580 ut

232 599 407 663 modestius
430 600 545 685 dixilj,
567 603 820 684 exfrigidissimis
834 603 973 663 Decretis
989 603 1153 681 primatum

231 682 315 744 huno
336 684 490 765 probare?
1072 705 1075 712 ·

316 766 462 846 Sequitur
483 787 524 829 ex
542 769 597 847 iis,
620 769 704 848 quod
725 786 871 849 praeesse
893 766 1020 845 ueteris,
1042 773 1074 826 et
1094 785 1154 827 neo

231 847 376 929 diligere,
400 869 459 911 neo
478 869 623 931 pasoera,
645 871 709 912 non
732 858 780 911 est
800 850 1028 930 evangelicum,
1049 867 1152 928 neque

232 930 440 992 Christianum
462 933 615 1010 officium,
637 934 692 994 sed
714 933 902 993 mundanum
924 940 955 993 et
976 931 1151 995 humanum.

232 1013 292 1074 Dio
324 1017 413 1096 mihi,
446 1017 472 1077 si
507 1015 619 1077 subditi
662 1017 755 1077 erecti
794 1015 940 1076 adversus
972 1013 1151 1075 Pontifioam

233 1095 390 1158 dioerent:
413 1099 563 1159 Nolumus
586 1107 617 1160 te
639 1099 762 1177 audire,
786 1117 845 1158 neo
865 1098 979 1159 habere
1000 1117 1056 1176 pro
1078 1116 1153 1177 pon-

234 1178 334 1259 tifice,
358 1179 680 1265 quibusvelles[eos]
705 1180 808 1242 verbis
820 1180 1039 1262 oompssoere?
1061 1180 1152 1239 Num

235 1262 309 1340 quid
331 1263 396 1323 his:
418 1264 516 1324 Pasas
528 1283 602 1325 oves
619 1265 725 1325 meas?
745 1265 787 1325 At
807 1265 866 1343 ipsi
881 1267 998 1324 disent:
1011 1261 1151 1336 ‘Quando

233 1352 338 1406 autem
359 1347 483 1427 pasois?
506 1347 629 1426 quando
641 1347 765 1429 diligis?
787 1346 838 1408 ubi
862 1366 939 1426 opus
950 1353 982 1406 et
1003 1364 1051 1405 res
1063 1346 1153 1407 huius

234 1426 344 1490 verbi?
381 1429 465 1510 Ergo
487 1431 548 1491 alio
571 1429 665 1492 verbo
689 1429 823 1510 augendi
843 1437 962 1507 essent,
998 1447 1061 1489 nou
1082 1431 1152 1492 isto.

234 1510 340 1585 Quare
359 1515 497 1592 sequitur
517 1531 659 1593 quoque,
695 1512 778 1593 quod
798 1512 847 1572 his
870 1511 970 1573 verbis
1003 1529 1061 1571 neo
1090 1510 1154 1570 ulla

234 1600 390 1673 potestas,
426 1595 538 1656 nedum
567 1597 716 1677 primatus
746 1597 961 1672 committitur,
990 1593 1044 1654 sed
1067 1600 1153 1674 pota-

234 1685 346 1737 statem
375 1677 501 1739 habenti
522 1677 658 1741 offloium
681 1679 828 1760 diligendi
851 1684 883 1738 et
903 1675 1036 1738 dooendi
1056 1677 1153 1756 impo-

234 1761 334 1902 plitur,
362 1761 442 1822 siout
461 1762 552 1822 Petro
573 1765 635 1823 iam
656 1764 687 1823 in
710 1763 919 1842 apostolatum
943 1766 1053 1821 vooato
1075 1759 1153 1820 haeo

255 1845 384 1904 'uantur

320 1919 454 2010 [lithos
476 1934 539 2006 est,
567 1927 650 2007 quod
671 1929 748 1987 istos
770 1925 967 2002 adulatores,
990 1924 1153 1986 verborum

233 2007 348 2068 Christi
371 2010 539 2071 oscitantes
552 2017 584 2070 et
601 2015 763 2071 stertentes
776 2010 919 2087 lectores,
942 2008 981 2068 ab
995 2007 1153 2068 intellectu

234 2110 309 2151 sano
337 2091 498 2172 propellit,
523 2093 605 2172 quod
626 2112 689 2155 non
711 2092 889 2153 dissernunt
910 2091 1035 2151 verbum
1059 2089 1153 2151 offioii

234 2178 263 2233 at
283 2177 459 2253 potestatis.
505 2177 634 2238 Vooatio
656 2175 738 2236 Petri
758 2175 832 2235 feeit
852 2194 921 2235 eum
944 2175 1092 2253 primum,
1121 2178 1152 2233 et

236 2256 357 2335 qualem
381 2258 440 2338 ipsi
462 2260 570 2320 volunt
591 2265 735 2321 statuere.
778 2257 839 2318 Sed
865 2258 1022 2336 impositio
1045 2255 1149 2333 officii,

234 2359 286 2418 per
308 2339 435 2400 verbum
458 2361 559 2422 pasce,
583 2342 700 2402 nullum
722 2341 751 2403 ai
766 2342 914 2401 maiorem
928 2339 1056 2421 gradum
1079 2356 1149 2398 aon·

236 2422 313 2500 tulit,
335 2441 396 2483 neo
419 2425 558 2486 conferre
576 2426 686 2506 potuit,
712 2424 770 2483 nisi
784 2423 901 2484 dicant:
922 2423 1044 2483 Petrum
1058 2440 1151 2501 super

234 2523 264 2566 ss
285 2506 389 2586 ipsum
413 2508 504 2568 etiam
527 2508 681 2568 elevatum
704 2526 759 2587 per
782 2506 921 2585 verbum,
944 2501 1065 2587 passe]

316 2588 403 2649 Diois
425 2597 541 2652 autem:
576 2589 711 2670 Sufficit,
743 2588 826 2668 quod
849 2608 904 2669 per
924 2589 1016 2648 alium
1039 2592 1152 2648 dooeat

235 2678 264 2731 et
285 2670 406 2751 diligat,
427 2693 490 2734 non
512 2681 560 2735 est
580 2692 719 2752 necesse,
741 2680 774 2733 ut
794 2692 851 2752 per
872 2691 906 2732 se
928 2671 1027 2731 solum
1049 2671 1150 2731 faeiat

233 2753 440 2833 Respondeo:
472 2757 620 2833 Admitto,
654 2754 710 2817 sed
742 2755 804 2815 hoo
835 2756 895 2815 isto
927 2753 1021 2814 verbo
1039 2753 1151 2814 Christi

230 2855 293 2896 non
318 2836 462 2919 traditur,
495 2848 526 2901 et
553 2839 616 2901 alio
646 2839 741 2899 verbo
769 2837 850 2897 hana
878 2837 1033 2897 licentiam
1056 2838 1151 2897 astrui

231 2926 365 3000 oportet.
410 2921 479 2984 Hoa
498 2923 624 2985 verbum
646 2921 891 3001 insuperabiliter
904 2918 1076 2997 oonoludit,
1098 2925 1160 2980 aut¹

229 3008 374 3082 pastores
404 3024 473 3067 esse
495 3006 622 3081 debere,
651 3005 743 3065 etiam
770 3023 828 3083 per
849 3023 883 3064 so
905 3004 990 3083 ipsos
1011 3009 1150 3063 amantes

230 3092 262 3145 et
284 3085 450 3167 dooentas,
473 3098 535 3170 aut,
558 3089 583 3147 si
605 3107 668 3147 uon
691 3107 793 3167 perse
813 3089 897 3166 ipsos
919 3093 1024 3147 amant
1045 3092 1077 3146 et
1097 3085 1150 3146 do-

230 3175 320 3246 oent,
353 3169 428 3229 nihil
458 3172 519 3234 hoo
547 3171 672 3232 verbum
703 3170 744 3232 ad
766 3189 821 3230 eos
842 3171 1004 3249 pertinere.
1047 3170 1150 3247 Atque

230 3253 274 3311 ita
296 3250 372 3311 nihil
395 3254 541 3332 probatur
567 3274 608 3314 ex
628 3255 697 3334 ipso
721 3272 776 3334 pro
799 3254 977 3313 monarchia
998 3253 1149 3327 Romana,

232 3333 289 3394 sed
305 3335 409 3414 potius
433 3345 719 3418 eontrapuguatur,
742 3356 810 3396 oum
826 3342 872 3396 tot
892 3339 987 3396 amari
1011 3342 1042 3395 et
1064 3336 1150 3415 pasoi

233 3417 271 3478 ab
294 3436 357 3478 uuo
381 3419 420 3478 sit
440 3420 639 3503 impossibile.

319 3500 511 3584 videmus2)
541 3503 663 3583 quidem
696 3501 830 3563 offitium
859 3503 1006 3585 diligendi
1039 3509 1071 3563 et
1097 3522 1149 3582 pa·

234 3582 369 3643 seandia
380 3586 574 3663 pontitioibus
586 3586 735 3646 Romanis
749 3585 828 3645 tradi
844 3588 1007 3667 episcopis,
1029 3592 1149 3646 retento

235 3665 324 3727 titulo
343 3669 479 3746 pastoris
501 3675 533 3733 st
553 3669 710 3730 amatoris:
750 3674 780 3729 et
802 3671 940 3750 episcopi
963 3669 1072 3732 eodem
1095 3688 1148 3729 no-

209 3833 342 3958 vrum
359 3835 401 3890 Μ’
418 3840 533 3906 Μοωὲ
563 3844 646 3905 dmi·
689 3848 723 3917 2)
748 3848 782 3905 In
810 3849 858 3907 ed·
883 3848 949 3904 lon.
978 3844 1184 3902 statuuntur.
