2709 4417
384 328 391 347 ⁸
495 336 650 391 ellotsrlis
668 310 792 405 excepte
908 348 926 363 “·
1039 332 1103 403 1ὂῖ

199 522 366 585 nOhristo
389 521 625 602 quiescentibus,
648 539 711 582 non
733 521 764 581 in
781 520 923 601 sepulcro
945 520 1102 603 quiescen-

199 605 273 668 ibus.
318 606 413 667 Porro
445 604 518 684 quid
545 606 656 664 referet
678 604 716 665 ed
738 605 894 683 enimam,
926 624 1037 687 corpus
1068 609 1100 669 in

199 690 262 749 neri
284 696 339 748 sut
360 690 434 750 aere
456 690 569 749 versari
591 707 628 747 so
651 708 714 747 non
736 688 916 766 quiescere?

267 770 354 850 Item,
376 771 443 850 quis
467 771 598 850 (inquit)
632 784 743 851 corpus
764 771 906 831 exanime
930 770 1012 832 dicet
1033 771 1100 832 dor·

199 855 262 914 nire
282 855 315 917 in
335 852 438 934 pecc?⁴
459 852 664 933 Respondeo:
687 851 769 913 Nihil
791 853 851 913 iste
872 855 990 934 argutio
1008 856 1099 935 valet,

199 956 257 999 nom
278 938 473 1016 quiescentes
496 937 527 997 in
541 937 682 1017 sepulcro
705 946 759 997 aut
780 935 906 997 ubilibet
932 938 1099 1021 secundom

199 1039 298 1101 corpus
325 1020 430 1081 iecisti
458 1039 529 1079 vere
550 1020 711 1099 quiescunt
732 1020 762 1078 in
785 1018 924 1097 Christo,
955 1020 1016 1081 hoc
1042 1022 1101 1101 est,

199 1110 224 1163 ut
240 1103 370 1184 Apocnl.
396 1106 449 1166 14:
472 1104 667 1182 requiescunt
688 1122 707 1162 s
726 1101 881 1163 laboribus
902 1104 974 1177 suis,
996 1102 1101 1166 videli-

199 1192 238 1247 cet
257 1188 341 1265 quod
367 1195 510 1267 separate
530 1186 633 1246 enimn
660 1205 679 1244 e
700 1203 830 1264 corpore
851 1186 912 1245 iam
933 1207 995 1247 non
1017 1188 1102 1249 labo·

200 1276 236 1330 rut
254 1270 284 1329 in
310 1288 451 1350 corpore.
464 1269 596 1329 inveriis
618 1268 707 1328 huius
723 1267 827 1328 mundi
838 1268 996 1330 molestiis.
1017 1271 1121 1341 Alio,
1148 1340 1151 1347 ¹

200 1353 257 1431 quin
291 1352 451 1431 quomodo
474 1351 587 1413 Christi
614 1370 726 1431 corpus
753 1353 784 1411 in
813 1352 953 1431 sepulcro
975 1353 1101 1434 negabit

202 1434 320 1495 dormire
342 1437 488 1516 inperce,
516 1442 547 1495 et
567 1436 725 1514 quiescere
745 1435 777 1493 in
799 1433 883 1513 Deo,
906 1437 1027 1496 cumin
1054 1444 1101 1499 tot

204 1516 265 1578 locis
289 1516 328 1578 de
352 1538 389 1579 eo
412 1520 458 1578 sic
477 1518 619 1597 loquetur
640 1517 805 1597 Scriptura,
827 1525 859 1578 et
878 1525 982 1580 cantet
1002 1521 1101 1581 eccle·

203 1601 249 1661 sit:
269 1599 304 1661 ln
327 1619 407 1681 poce
426 1602 458 1661 in
480 1600 512 1661 id
527 1601 627 1680 ipsum
650 1600 817 1688 dormiam²
840 1607 871 1661 et
891 1602 1100 1681 requiescum

203 1689 222 1744 et
247 1683 326 1767 Pssl.
351 1687 405 1748 16:
445 1683 486 1743 Et
513 1702 585 1743 cero
614 1702 684 1744 inea
712 1684 885 1763 requiescet
906 1683 936 1760 1)
975 1686 1006 1745 in
1034 1706 1097 1767 spe.

202 1766 261 1827 Item
272 1767 391 1846 Apoca.
415 1768 467 1829 14:
499 1766 586 1826 Becti
610 1766 661 1845 qui
691 1769 858 1827 moriuntur
890 1768 921 1827 in
949 1770 1097 1832 Domino.

201 1848 262 1911 Item
285 1848 460 1929 Stephanus
487 1849 557 1908 Act.
584 1854 625 1913 7:
668 1848 861 1910 Obdormivit
889 1852 920 1910 in
953 1851 1097 1913 Domino.

201 1930 278 2007 Quod
302 1933 372 1992 sine
394 1931 486 1992 dubio
509 1931 549 1991 de
571 1932 722 2011 corporali
744 1940 843 1993 morte
864 1937 954 2014 tropo
968 1934 1099 2017 Scriptu-

199 2033 240 2076 rue
260 2014 378 2077 dicitur.
423 2014 455 2076 Si
475 2014 569 2075 Ecoio
592 2035 655 2074 non
683 2014 795 2076 dormit
816 2035 926 2096 corpus
949 2020 1099 2097 exanime,

199 2099 275 2176 siunt,
297 2115 425 2176 quaeso,
447 2097 522 2157 illud
544 2097 676 2159 dormire
696 2101 877 2160 suscitaturo
886 2099 953 2161 Deo
975 2108 1007 2161 ct
1021 2101 1099 2162 Scri·

199 2188 291 2259 pturae
313 2181 479 2243 autoritati.

266 2263 301 2323 ln
323 2262 385 2324 fine
406 2263 489 2340 dicit,
511 2263 591 2324 oreri
613 2254 736 2326 anobis'
748 2284 803 2346 pro
825 2285 913 2346 pace,
934 2285 1099 2346 nonquam

199 2343 308 2426 tabent,
331 2346 387 2407 sed
411 2366 501 2426 quum
523 2346 637 2407 hebere
659 2368 678 2407 u
700 2348 822 2408 miseria
842 2368 1010 2428 poenarum
1028 2368 1098 2410 oon·

199 2429 282 2511 tinget
301 2432 449 2510 purgetis.
472 2429 678 2509 Respondes:
712 2430 781 2491 Hoc
809 2438 857 2493 est
883 2434 991 2513 petitio
1019 2434 1098 2513 prin·

199 2512 265 2592 sipii,
288 2514 360 2592 quis
379 2532 442 2594 pax
464 2513 518 2572 ille
539 2514 721 2592 securitatis,
745 2533 836 2593 quem
858 2513 1001 2592 habeant,
1023 2535 1098 2577 non·

199 2595 256 2655 dnm
277 2603 326 2656 est
344 2596 484 2676 probate.
511 2594 704 2676 Relinquitur
724 2616 817 2680 ergo„
840 2597 923 2676 qnod
944 2599 975 2659 in
1019 2618 1100 2660 oeno

199 2686 275 2757 sunt,
308 2689 339 2739 et
362 2687 395 2740 ut
416 2680 454 2741 cb
476 2680 534 2741 hnc
555 2679 733 2760 solventur,
767 2687 798 2741 et
825 2682 933 2761 pacem
955 2620 1099 2761 habeant,

199 2781 316 2824 oremus.

265 2844 351 2906 Haec
373 2843 477 2905 omnis
498 2845 543 2905 sic
564 2845 636 2906 volo
659 2844 784 2926 dixisse,
806 2853 840 2906 ut
861 2845 1021 2909 ostendam
1045 2867 1094 2908 me

199 2928 321 3008 ignorum
343 2946 414 2987 esse
435 2946 552 3006 eorum,
576 2948 655 3008 quoe
674 2930 705 2988 in
720 2929 898 3010 purgatorio
922 2930 1098 3011 egetDeus‚

199 3013 273 3072 nimis
295 3030 350 3072 eos
366 3009 496 3088 cudere,
524 3013 575 3091 qui
608 3011 698 3071 huius
726 3013 919 3092 ignorantiae
940 3014 1099 3095 impatien-

199 3099 234 3155 tes
257 3095 361 3174 potius
394 3090 511 3174 fingere
538 3093 646 3155 volunt
672 3114 748 3174 sus,
779 3115 870 3175 quarn
897 3096 1036 3157 confiteri
1064 3117 1098 3159 se

199 3178 336 3259 ignorare.
379 3176 451 3237 Mea
475 3177 605 3257 probare
635 3198 697 3239 non
719 3198 861 3260 possum,
889 3179 944 3241 sed
971 3199 1030 3240 nec
1055 3178 1100 3241 illi

200 3278 251 3323 suo.
292 3259 394 3336 Quare
415 3267 499 3320 recte
524 3281 594 3322 meu
615 3262 774 3329 conclusio
802 3262 834 3322 id
864 3269 979 3323 tentum
1002 3261 1099 3323 voluit
1178 3270 1180 3275 ’

200 3361 270 3422 esse,
291 3363 350 3404 nec
371 3338 549 3424 scripturis,
571 3364 629 3405 nec
650 3344 820 3406 rationibus
842 3345 1013 3445 probatum,
1035 3347 1097 3406 eni·

201 3445 252 3487 nos
280 3435 379 3487 certas
408 3446 477 3488 esse
508 3428 616 3488 saltem
646 3447 754 3490 omues
782 3428 820 3489 de
841 3429 940 3489 solute
961 3449 1037 3506 sun,
1067 3436 1098 3489 et

202 3510 313 3588 patiam
333 3513 365 3571 iu
389 3512 442 3571 eis
455 3528 517 3571 non
539 3513 654 3592 augeri,
675 3510 797 3591 sufficit,
819 3513 901 3592 quod
914 3514 1026 3573 scimus
1044 3531 1097 3573 eos

203 3597 251 3672 poti
268 3603 298 3656 et
317 3615 375 3657 nos
397 3593 509 3657 debere
530 3598 575 3657 eis
597 3616 786 3674 succurrere,
807 3606 910 3659 cetero
921 3596 988 3658 Deo
1010 3594 1098 3655 relin-

205 3679 306 3756 quendo
326 3679 395 3741 soli.

256 3763 333 3818 Acts
354 3769 429 3820 sunt
447 3762 528 3824 baec
547 3765 585 3830 X.
612 3767 700 3852 tulii,
721 3766 945 3853 praesentibus
967 3775 1029 3832 etc.

199 3837 593 3864 s--q--Q

200 3854 231 3910 1)
247 3859 278 3906 ln
295 3859 339 3912 sd.
357 3859 424 3967 ,m
444 3870 473 3917 st
490 3870 569 3938 apud
589 3871 732 3936 Locroe:
756 3881 901 3952 quiescet
