<?xml version="1.0" encoding="UTF-8"?>
<!DOCTYPE html PUBLIC "-//W3C//DTD XHTML 1.0 Transitional//EN"
    "http://www.w3.org/TR/xhtml1/DTD/xhtml1-transitional.dtd">
<html xmlns="http://www.w3.org/1999/xhtml" xml:lang="en" lang="en">
 <head>
  <title>
</title>
<meta http-equiv="Content-Type" content="text/html;charset=utf-8" />
  <meta name='ocr-system' content='tesseract 3.04.00' />
  <meta name='ocr-capabilities' content='ocr_page ocr_carea ocr_par ocr_line ocrx_word'/>
</head>
<body>
  <div class='ocr_page' id='page_1' title='image "./operalatinavari00schmgoog_0437.png"; bbox 0 0 2709 4417; ppageno 0'>
   <div class='ocr_carea' id='block_1_1' title="bbox 453 341 1126 409">
    <p class='ocr_par' dir='ltr' id='par_1_1' title="bbox 453 341 1126 409">
     <span class='ocr_line' id='line_1_1' title="bbox 453 341 1126 409; baseline 0.004 -11"><span class='ocrx_word' id='word_1_1' title='bbox 453 352 481 399; x_wconf 86' lang='lat' dir='ltr'><strong>st</strong></span> <span class='ocrx_word' id='word_1_2' title='bbox 499 345 677 401; x_wconf 69' lang='lat' dir='ltr'><strong>Sacramenta</strong></span> <span class='ocrx_word' id='word_1_3' title='bbox 698 347 888 401; x_wconf 72' lang='lat' dir='ltr'><strong>eucharistiae.</strong></span> <span class='ocrx_word' id='word_1_4' title='bbox 1063 341 1126 409; x_wconf 71' lang='lat'><strong>426</strong></span> 
     </span>
    </p>
   </div>
   <div class='ocr_carea' id='block_1_2' title="bbox 186 532 1151 3916">
    <p class='ocr_par' dir='ltr' id='par_1_2' title="bbox 205 532 1126 943">
     <span class='ocr_line' id='line_1_2' title="bbox 291 532 1125 615; baseline 0.001 -23"><span class='ocrx_word' id='word_1_5' title='bbox 291 532 418 593; x_wconf 73' lang='lat' dir='ltr'><strong>Etiamsi</strong></span> <span class='ocrx_word' id='word_1_6' title='bbox 449 535 540 615; x_wconf 80' lang='lat' dir='ltr'><strong>igitur</strong></span> <span class='ocrx_word' id='word_1_7' title='bbox 571 535 701 595; x_wconf 88' lang='lat' dir='ltr'><strong>eandem</strong></span> <span class='ocrx_word' id='word_1_8' title='bbox 732 537 829 615; x_wconf 89' lang='lat' dir='ltr'><strong>ipsam</strong></span> <span class='ocrx_word' id='word_1_9' title='bbox 862 542 1058 615; x_wconf 75' lang='lat' dir='ltr'><strong>peecatorum</strong></span> <span class='ocrx_word' id='word_1_10' title='bbox 1079 553 1125 594; x_wconf 87' lang='lat' dir='ltr'><strong>ro·</strong></span> 
     </span>
     <span class='ocr_line' id='line_1_3' title="bbox 208 615 1124 697; baseline 0.005 -25"><span class='ocrx_word' id='word_1_11' title='bbox 208 615 386 677; x_wconf 79' lang='lat' dir='ltr'>missionem</span> <span class='ocrx_word' id='word_1_12' title='bbox 409 615 515 678; x_wconf 78' lang='lat' dir='ltr'><strong>audias</strong></span> <span class='ocrx_word' id='word_1_13' title='bbox 537 618 568 676; x_wconf 90' lang='lat' dir='ltr'><strong>in</strong></span> <span class='ocrx_word' id='word_1_14' title='bbox 590 625 800 697; x_wconf 48' lang='lat' dir='ltr'><strong>saorameut03</strong></span> <span class='ocrx_word' id='word_1_15' title='bbox 839 639 900 679; x_wconf 89' lang='lat' dir='ltr'><strong>uon</strong></span> <span class='ocrx_word' id='word_1_16' title='bbox 928 626 1030 678; x_wconf 90' lang='lat' dir='ltr'><strong>tamen</strong></span> <span class='ocrx_word' id='word_1_17' title='bbox 1053 636 1124 678; x_wconf 89' lang='lat' dir='ltr'><strong>eon·</strong></span> 
     </span>
     <span class='ocr_line' id='line_1_4' title="bbox 207 696 1123 780; baseline 0.007 -26"><span class='ocrx_word' id='word_1_18' title='bbox 207 696 301 758; x_wconf 82' lang='lat' dir='ltr'><strong>fessio</strong></span> <span class='ocrx_word' id='word_1_19' title='bbox 325 707 373 759; x_wconf 88' lang='lat' dir='ltr'><strong>est</strong></span> <span class='ocrx_word' id='word_1_20' title='bbox 394 699 596 780; x_wconf 82' lang='lat' dir='ltr'><strong>negligenda,</strong></span> <span class='ocrx_word' id='word_1_21' title='bbox 630 702 821 780; x_wconf 85' lang='lat' dir='ltr'><strong>potissimum</strong></span> <span class='ocrx_word' id='word_1_22' title='bbox 856 709 956 761; x_wconf 85' lang='lat' dir='ltr'><strong>eutem</strong></span> <span class='ocrx_word' id='word_1_23' title='bbox 992 700 1123 761; x_wconf 90' lang='lat' dir='ltr'><strong>obeam</strong></span> 
     </span>
     <span class='ocr_line' id='line_1_5' title="bbox 206 781 1126 860; baseline 0.004 -22"><span class='ocrx_word' id='word_1_24' title='bbox 206 781 374 858; x_wconf 82' lang='lat' dir='ltr'><strong>rationem,</strong></span> <span class='ocrx_word' id='word_1_25' title='bbox 397 782 478 860; x_wconf 90' lang='lat' dir='ltr'><strong>quod</strong></span> <span class='ocrx_word' id='word_1_26' title='bbox 501 783 555 843; x_wconf 89' lang='lat' dir='ltr'><strong>tibi</strong></span> <span class='ocrx_word' id='word_1_27' title='bbox 578 783 636 844; x_wconf 87' lang='lat' dir='ltr'><strong>soli</strong></span> <span class='ocrx_word' id='word_1_28' title='bbox 658 785 689 842; x_wconf 91' lang='lat' dir='ltr'><strong>iu</strong></span> <span class='ocrx_word' id='word_1_29' title='bbox 712 785 907 845; x_wconf 78' lang='lat' dir='ltr'><strong>confessione</strong></span> <span class='ocrx_word' id='word_1_30' title='bbox 929 783 1070 851; x_wconf 80' lang='lat' dir='ltr'><strong>verbum,</strong></span> <span class='ocrx_word' id='word_1_31' title='bbox 1093 791 1126 842; x_wconf 85' lang='lat' dir='ltr'><strong>ut-</strong></span> 
     </span>
     <span class='ocr_line' id='line_1_6' title="bbox 205 862 695 943; baseline 0.014 -24"><span class='ocrx_word' id='word_1_32' title='bbox 205 862 233 920; x_wconf 87' lang='lat' dir='ltr'><strong>in</strong></span> <span class='ocrx_word' id='word_1_33' title='bbox 258 872 463 943; x_wconf 83' lang='lat' dir='ltr'><strong>saoramento,</strong></span> <span class='ocrx_word' id='word_1_34' title='bbox 486 868 695 926; x_wconf 72' lang='lat' dir='ltr'><strong>annunciatur.</strong></span> 
     </span>
    </p>

    <p class='ocr_par' dir='ltr' id='par_1_3' title="bbox 200 947 1126 2429">
     <span class='ocr_line' id='line_1_7' title="bbox 290 947 1124 1028; baseline 0.002 -23"><span class='ocrx_word' id='word_1_35' title='bbox 290 947 506 1026; x_wconf 84' lang='lat' dir='ltr'><strong>Praeterquam</strong></span> <span class='ocrx_word' id='word_1_36' title='bbox 530 956 646 1027; x_wconf 79' lang='lat' dir='ltr'><strong>autem,</strong></span> <span class='ocrx_word' id='word_1_37' title='bbox 677 950 758 1028; x_wconf 89' lang='lat' dir='ltr'><strong>quod</strong></span> <span class='ocrx_word' id='word_1_38' title='bbox 780 952 811 1008; x_wconf 90' lang='lat' dir='ltr'><strong>in</strong></span> <span class='ocrx_word' id='word_1_39' title='bbox 843 949 1038 1008; x_wconf 80' lang='lat' dir='ltr'><strong>confessione</strong></span> <span class='ocrx_word' id='word_1_40' title='bbox 1060 967 1124 1008; x_wconf 88' lang='lat' dir='ltr'><strong>ver·</strong></span> 
     </span>
     <span class='ocr_line' id='line_1_8' title="bbox 206 1027 1126 1110; baseline 0.004 -24"><span class='ocrx_word' id='word_1_41' title='bbox 206 1027 276 1087; x_wconf 92' lang='lat' dir='ltr'><strong>bum</strong></span> <span class='ocrx_word' id='word_1_42' title='bbox 314 1030 353 1090; x_wconf 86' lang='lat' dir='ltr'><strong>ad</strong></span> <span class='ocrx_word' id='word_1_43' title='bbox 381 1040 411 1090; x_wconf 86' lang='lat' dir='ltr'><strong>te</strong></span> <span class='ocrx_word' id='word_1_44' title='bbox 441 1051 532 1090; x_wconf 92' lang='lat' dir='ltr'><strong>unum</strong></span> <span class='ocrx_word' id='word_1_45' title='bbox 556 1031 665 1095; x_wconf 86' lang='lat' dir='ltr'><strong>dieitur</strong></span> <span class='ocrx_word' id='word_1_46' title='bbox 687 1038 718 1091; x_wconf 91' lang='lat' dir='ltr'><strong>et</strong></span> <span class='ocrx_word' id='word_1_47' title='bbox 739 1032 880 1110; x_wconf 80' lang='lat' dir='ltr'><strong>refertur,</strong></span> <span class='ocrx_word' id='word_1_48' title='bbox 914 1032 1126 1109; x_wconf 84' lang='lat' dir='ltr'><strong>hocquoque</strong></span> 
     </span>
     <span class='ocr_line' id='line_1_9' title="bbox 207 1111 1126 1193; baseline 0.005 -25"><span class='ocrx_word' id='word_1_49' title='bbox 207 1111 233 1169; x_wconf 91' lang='lat' dir='ltr'><strong>in</strong></span> <span class='ocrx_word' id='word_1_50' title='bbox 258 1130 298 1171; x_wconf 90' lang='lat' dir='ltr'><strong>ea</strong></span> <span class='ocrx_word' id='word_1_51' title='bbox 321 1120 370 1173; x_wconf 90' lang='lat' dir='ltr'><strong>est</strong></span> <span class='ocrx_word' id='word_1_52' title='bbox 390 1114 560 1191; x_wconf 76' lang='lat' dir='ltr'><strong>commodi,</strong></span> <span class='ocrx_word' id='word_1_53' title='bbox 592 1114 673 1193; x_wconf 91' lang='lat' dir='ltr'><strong>quod</strong></span> <span class='ocrx_word' id='word_1_54' title='bbox 703 1113 756 1174; x_wconf 85' lang='lat' dir='ltr'><strong>tibi</strong></span> <span class='ocrx_word' id='word_1_55' title='bbox 786 1114 858 1174; x_wconf 83' lang='lat' dir='ltr'><strong>lieet</strong></span> <span class='ocrx_word' id='word_1_56' title='bbox 885 1120 950 1173; x_wconf 89' lang='lat' dir='ltr'><strong>tuto</strong></span> <span class='ocrx_word' id='word_1_57' title='bbox 973 1113 1126 1175; x_wconf 75' lang='lat' dir='ltr'><strong>sacerdoti</strong></span> 
     </span>
     <span class='ocr_line' id='line_1_10' title="bbox 206 1193 1125 1274; baseline 0.005 -24"><span class='ocrx_word' id='word_1_58' title='bbox 206 1193 327 1270; x_wconf 80' lang='lat' dir='ltr'><strong>disere,</strong></span> <span class='ocrx_word' id='word_1_59' title='bbox 360 1196 468 1274; x_wconf 86' lang='lat' dir='ltr'><strong>quibua</strong></span> <span class='ocrx_word' id='word_1_60' title='bbox 495 1198 526 1256; x_wconf 89' lang='lat' dir='ltr'><strong>in</strong></span> <span class='ocrx_word' id='word_1_61' title='bbox 548 1196 639 1257; x_wconf 86' lang='lat' dir='ltr'><strong>rebus</strong></span> <span class='ocrx_word' id='word_1_62' title='bbox 662 1198 795 1256; x_wconf 84' lang='lat' dir='ltr'><strong>maxime</strong></span> <span class='ocrx_word' id='word_1_63' title='bbox 819 1197 955 1271; x_wconf 77' lang='lat' dir='ltr'><strong>labores,</strong></span> <span class='ocrx_word' id='word_1_64' title='bbox 991 1205 1023 1256; x_wconf 88' lang='lat' dir='ltr'><strong>et</strong></span> <span class='ocrx_word' id='word_1_65' title='bbox 1054 1214 1125 1256; x_wconf 85' lang='lat' dir='ltr'><strong>eou-</strong></span> 
     </span>
     <span class='ocr_line' id='line_1_11' title="bbox 205 1275 1125 1358; baseline 0.004 -24"><span class='ocrx_word' id='word_1_66' title='bbox 205 1275 306 1335; x_wconf 86' lang='lat' dir='ltr'><strong>sitium</strong></span> <span class='ocrx_word' id='word_1_67' title='bbox 342 1276 382 1339; x_wconf 89' lang='lat' dir='ltr'><strong>ab</strong></span> <span class='ocrx_word' id='word_1_68' title='bbox 417 1298 453 1338; x_wconf 88' lang='lat' dir='ltr'><strong>eo</strong></span> <span class='ocrx_word' id='word_1_69' title='bbox 489 1280 536 1338; x_wconf 87' lang='lat' dir='ltr'><strong>vei</strong></span> <span class='ocrx_word' id='word_1_70' title='bbox 576 1281 684 1357; x_wconf 89' lang='lat' dir='ltr'><strong>quovis</strong></span> <span class='ocrx_word' id='word_1_71' title='bbox 719 1280 795 1354; x_wconf 48' lang='lat' dir='ltr'><strong>alio5</strong></span> <span class='ocrx_word' id='word_1_72' title='bbox 832 1281 967 1358; x_wconf 89' lang='lat' dir='ltr'><strong>quisquis</strong></span> <span class='ocrx_word' id='word_1_73' title='bbox 1001 1278 1125 1339; x_wconf 89' lang='lat' dir='ltr'><strong>tandem</strong></span> 
     </span>
     <span class='ocr_line' id='line_1_12' title="bbox 204 1358 1125 1442; baseline 0.004 -26"><span class='ocrx_word' id='word_1_74' title='bbox 204 1358 313 1436; x_wconf 82' lang='lat' dir='ltr'><strong>iueu‘t,</strong></span> <span class='ocrx_word' id='word_1_75' title='bbox 348 1367 459 1440; x_wconf 85' lang='lat' dir='ltr'><strong>petere.</strong></span> <span class='ocrx_word' id='word_1_76' title='bbox 503 1364 536 1423; x_wconf 86' lang='lat' dir='ltr'><strong>Si</strong></span> <span class='ocrx_word' id='word_1_77' title='bbox 559 1380 632 1442; x_wconf 85' lang='lat' dir='ltr'><strong>ergo</strong></span> <span class='ocrx_word' id='word_1_78' title='bbox 662 1363 746 1421; x_wconf 83' lang='lat' dir='ltr'><strong>uuita</strong></span> <span class='ocrx_word' id='word_1_79' title='bbox 768 1363 828 1421; x_wconf 81' lang='lat' dir='ltr'><strong>alia</strong></span> <span class='ocrx_word' id='word_1_80' title='bbox 849 1370 931 1422; x_wconf 90' lang='lat' dir='ltr'><strong>esset</strong></span> <span class='ocrx_word' id='word_1_81' title='bbox 954 1360 1125 1422; x_wconf 79' lang='lat' dir='ltr'><strong>commodi-</strong></span> 
     </span>
     <span class='ocr_line' id='line_1_13' title="bbox 203 1443 1124 1522; baseline 0.004 -24"><span class='ocrx_word' id='word_1_82' title='bbox 203 1450 250 1500; x_wconf 88' lang='lat' dir='ltr'><strong>tas</strong></span> <span class='ocrx_word' id='word_1_83' title='bbox 274 1444 305 1500; x_wconf 88' lang='lat' dir='ltr'><strong>iu</strong></span> <span class='ocrx_word' id='word_1_84' title='bbox 331 1444 541 1516; x_wconf 71' lang='lat' dir='ltr'><strong>confessione,</strong></span> <span class='ocrx_word' id='word_1_85' title='bbox 573 1447 597 1504; x_wconf 87' lang='lat' dir='ltr'><strong>si</strong></span> <span class='ocrx_word' id='word_1_86' title='bbox 620 1447 712 1504; x_wconf 89' lang='lat' dir='ltr'><strong>etiam</strong></span> <span class='ocrx_word' id='word_1_87' title='bbox 736 1464 797 1504; x_wconf 89' lang='lat' dir='ltr'><strong>uon</strong></span> <span class='ocrx_word' id='word_1_88' title='bbox 828 1446 1003 1522; x_wconf 86' lang='lat' dir='ltr'><strong>loqueretur</strong></span> <span class='ocrx_word' id='word_1_89' title='bbox 1025 1443 1124 1504; x_wconf 86' lang='lat' dir='ltr'><strong>uobis-</strong></span> 
     </span>
     <span class='ocr_line' id='line_1_14' title="bbox 201 1526 1125 1606; baseline 0.005 -25"><span class='ocrx_word' id='word_1_90' title='bbox 201 1542 272 1582; x_wconf 87' lang='lat' dir='ltr'><strong>eum</strong></span> <span class='ocrx_word' id='word_1_91' title='bbox 307 1526 337 1584; x_wconf 90' lang='lat' dir='ltr'><strong>in</strong></span> <span class='ocrx_word' id='word_1_92' title='bbox 367 1545 406 1585; x_wconf 91' lang='lat' dir='ltr'><strong>ea</strong></span> <span class='ocrx_word' id='word_1_93' title='bbox 426 1526 576 1597; x_wconf 67' lang='lat' dir='ltr'><strong>Christus,</strong></span> <span class='ocrx_word' id='word_1_94' title='bbox 612 1534 713 1586; x_wconf 90' lang='lat' dir='ltr'><strong>tamen</strong></span> <span class='ocrx_word' id='word_1_95' title='bbox 748 1528 841 1587; x_wconf 87' lang='lat' dir='ltr'><strong>nolim</strong></span> <span class='ocrx_word' id='word_1_96' title='bbox 880 1543 992 1606; x_wconf 86' lang='lat' dir='ltr'><strong>magno</strong></span> <span class='ocrx_word' id='word_1_97' title='bbox 1021 1530 1125 1586; x_wconf 81' lang='lat' dir='ltr'><strong>carere</strong></span> 
     </span>
     <span class='ocr_line' id='line_1_15' title="bbox 200 1604 1125 1687; baseline 0.004 -23"><span class='ocrx_word' id='word_1_98' title='bbox 200 1607 414 1682; x_wconf 75' lang='lat' dir='ltr'><strong>consessione,</strong></span> <span class='ocrx_word' id='word_1_99' title='bbox 434 1604 508 1669; x_wconf 66' lang='lat' dir='ltr'><strong>&#39;ideo</strong></span> <span class='ocrx_word' id='word_1_100' title='bbox 532 1608 613 1687; x_wconf 90' lang='lat' dir='ltr'><strong>quod</strong></span> <span class='ocrx_word' id='word_1_101' title='bbox 637 1609 728 1668; x_wconf 87' lang='lat' dir='ltr'><strong>lioeat</strong></span> <span class='ocrx_word' id='word_1_102' title='bbox 751 1612 853 1668; x_wconf 89' lang='lat' dir='ltr'><strong>omnia</strong></span> <span class='ocrx_word' id='word_1_103' title='bbox 877 1627 955 1686; x_wconf 90' lang='lat' dir='ltr'><strong>quae</strong></span> <span class='ocrx_word' id='word_1_104' title='bbox 978 1611 1073 1668; x_wconf 85' lang='lat' dir='ltr'><strong>sentia</strong></span> <span class='ocrx_word' id='word_1_105' title='bbox 1094 1610 1125 1668; x_wconf 91' lang='lat' dir='ltr'><strong>iu</strong></span> 
     </span>
     <span class='ocr_line' id='line_1_16' title="bbox 202 1689 1125 1770; baseline 0.003 -23"><span class='ocrx_word' id='word_1_106' title='bbox 202 1689 306 1749; x_wconf 80' lang='lat' dir='ltr'><strong>fratris</strong></span> <span class='ocrx_word' id='word_1_107' title='bbox 329 1692 426 1750; x_wconf 89' lang='lat' dir='ltr'><strong>sinum</strong></span> <span class='ocrx_word' id='word_1_108' title='bbox 451 1690 659 1751; x_wconf 86' lang='lat' dir='ltr'><strong>effundere&#39;et</strong></span> <span class='ocrx_word' id='word_1_109' title='bbox 681 1693 827 1770; x_wconf 80' lang='lat' dir='ltr'><strong>conqueri</strong></span> <span class='ocrx_word' id='word_1_110' title='bbox 850 1690 888 1750; x_wconf 86' lang='lat' dir='ltr'><strong>de</strong></span> <span class='ocrx_word' id='word_1_111' title='bbox 909 1693 961 1764; x_wconf 71' lang='lat' dir='ltr'><strong>iis,</strong></span> <span class='ocrx_word' id='word_1_112' title='bbox 995 1691 1125 1768; x_wconf 87' lang='lat' dir='ltr'><strong>quaein</strong></span> 
     </span>
     <span class='ocr_line' id='line_1_17' title="bbox 202 1774 1125 1853; baseline 0.003 -24"><span class='ocrx_word' id='word_1_113' title='bbox 202 1780 233 1829; x_wconf 90' lang='lat' dir='ltr'><strong>te</strong></span> <span class='ocrx_word' id='word_1_114' title='bbox 257 1774 479 1834; x_wconf 76' lang='lat' dir='ltr'><strong>conscientiam</strong></span> <span class='ocrx_word' id='word_1_115' title='bbox 510 1780 627 1853; x_wconf 88' lang='lat' dir='ltr'><strong>urgent.</strong></span> <span class='ocrx_word' id='word_1_116' title='bbox 672 1774 779 1851; x_wconf 85' lang='lat' dir='ltr'><strong>Neque</strong></span> <span class='ocrx_word' id='word_1_117' title='bbox 812 1775 891 1834; x_wconf 91' lang='lat' dir='ltr'><strong>euim</strong></span> <span class='ocrx_word' id='word_1_118' title='bbox 921 1782 968 1832; x_wconf 88' lang='lat' dir='ltr'><strong>est</strong></span> <span class='ocrx_word' id='word_1_119' title='bbox 995 1774 1054 1833; x_wconf 88' lang='lat' dir='ltr'><strong>alia</strong></span> <span class='ocrx_word' id='word_1_120' title='bbox 1077 1791 1125 1832; x_wconf 87' lang='lat' dir='ltr'><strong>rea</strong></span> 
     </span>
     <span class='ocr_line' id='line_1_18' title="bbox 202 1857 1126 1935; baseline 0.001 -22"><span class='ocrx_word' id='word_1_121' title='bbox 202 1872 305 1932; x_wconf 89' lang='lat' dir='ltr'><strong>aeque</strong></span> <span class='ocrx_word' id='word_1_122' title='bbox 328 1857 454 1934; x_wconf 76' lang='lat' dir='ltr'><strong>misera,</strong></span> <span class='ocrx_word' id='word_1_123' title='bbox 487 1864 579 1935; x_wconf 91' lang='lat' dir='ltr'><strong>atque</strong></span> <span class='ocrx_word' id='word_1_124' title='bbox 602 1858 807 1931; x_wconf 85' lang='lat' dir='ltr'><strong>eonaoientia,</strong></span> <span class='ocrx_word' id='word_1_125' title='bbox 836 1875 903 1914; x_wconf 89' lang='lat' dir='ltr'><strong>eum</strong></span> <span class='ocrx_word' id='word_1_126' title='bbox 927 1857 1073 1935; x_wconf 88' lang='lat' dir='ltr'><strong>premitur</strong></span> <span class='ocrx_word' id='word_1_127' title='bbox 1095 1863 1126 1915; x_wconf 90' lang='lat' dir='ltr'><strong>et</strong></span> 
     </span>
     <span class='ocr_line' id='line_1_19' title="bbox 203 1938 1125 2016; baseline 0.003 -22"><span class='ocrx_word' id='word_1_128' title='bbox 203 1939 346 2016; x_wconf 78' lang='lat' dir='ltr'><strong>angitur,</strong></span> <span class='ocrx_word' id='word_1_129' title='bbox 380 1957 479 2016; x_wconf 88' lang='lat' dir='ltr'><strong>neque</strong></span> <span class='ocrx_word' id='word_1_130' title='bbox 513 1947 616 1999; x_wconf 89' lang='lat' dir='ltr'><strong>tamen</strong></span> <span class='ocrx_word' id='word_1_131' title='bbox 644 1940 805 1999; x_wconf 83' lang='lat' dir='ltr'><strong>eonsilium</strong></span> <span class='ocrx_word' id='word_1_132' title='bbox 834 1948 887 1998; x_wconf 86' lang='lat' dir='ltr'><strong>aut</strong></span> <span class='ocrx_word' id='word_1_133' title='bbox 908 1939 1049 1997; x_wconf 88' lang='lat' dir='ltr'><strong>solatium</strong></span> <span class='ocrx_word' id='word_1_134' title='bbox 1072 1938 1125 1997; x_wconf 89' lang='lat' dir='ltr'><strong>ali·</strong></span> 
     </span>
     <span class='ocr_line' id='line_1_20' title="bbox 203 2019 1125 2100; baseline 0.002 -22"><span class='ocrx_word' id='word_1_135' title='bbox 203 2019 288 2096; x_wconf 87' lang='lat' dir='ltr'><strong>quod</strong></span> <span class='ocrx_word' id='word_1_136' title='bbox 318 2021 413 2081; x_wconf 87' lang='lat' dir='ltr'><strong>novit.</strong></span> <span class='ocrx_word' id='word_1_137' title='bbox 456 2021 583 2080; x_wconf 89' lang='lat' dir='ltr'><strong>Plenum</strong></span> <span class='ocrx_word' id='word_1_138' title='bbox 613 2039 687 2099; x_wconf 84' lang='lat' dir='ltr'><strong>ergo</strong></span> <span class='ocrx_word' id='word_1_139' title='bbox 716 2022 938 2080; x_wconf 75' lang='lat' dir='ltr'><strong>consolationis</strong></span> <span class='ocrx_word' id='word_1_140' title='bbox 961 2020 1000 2100; x_wconf 67' lang='lat' dir='ltr'><strong>[et</strong></span> <span class='ocrx_word' id='word_1_141' title='bbox 1022 2021 1125 2080; x_wconf 91' lang='lat' dir='ltr'><strong>huma·</strong></span> 
     </span>
     <span class='ocr_line' id='line_1_21' title="bbox 205 2102 1125 2183; baseline 0.003 -24"><span class='ocrx_word' id='word_1_142' title='bbox 205 2102 310 2161; x_wconf 88' lang='lat' dir='ltr'><strong>uitatis</strong></span> <span class='ocrx_word' id='word_1_143' title='bbox 333 2121 455 2182; x_wconf 87' lang='lat' dir='ltr'><strong>quoque</strong></span> <span class='ocrx_word' id='word_1_144' title='bbox 483 2122 560 2183; x_wconf 89' lang='lat' dir='ltr'><strong>opus</strong></span> <span class='ocrx_word' id='word_1_145' title='bbox 582 2109 642 2180; x_wconf 80' lang='lat' dir='ltr'><strong>est,</strong></span> <span class='ocrx_word' id='word_1_146' title='bbox 684 2103 764 2179; x_wconf 88' lang='lat' dir='ltr'><strong>quod</strong></span> <span class='ocrx_word' id='word_1_147' title='bbox 793 2106 823 2162; x_wconf 90' lang='lat' dir='ltr'><strong>in</strong></span> <span class='ocrx_word' id='word_1_148' title='bbox 847 2103 1042 2163; x_wconf 82' lang='lat' dir='ltr'><strong>confessione</strong></span> <span class='ocrx_word' id='word_1_149' title='bbox 1065 2103 1125 2162; x_wconf 90' lang='lat' dir='ltr'><strong>duo</strong></span> 
     </span>
     <span class='ocr_line' id='line_1_22' title="bbox 205 2185 1124 2262; baseline 0.003 -21"><span class='ocrx_word' id='word_1_150' title='bbox 205 2186 409 2259; x_wconf 69' lang='lat' dir='ltr'><strong>conveniunt,</strong></span> <span class='ocrx_word' id='word_1_151' title='bbox 434 2193 464 2245; x_wconf 91' lang='lat' dir='ltr'><strong>et</strong></span> <span class='ocrx_word' id='word_1_152' title='bbox 487 2185 565 2246; x_wconf 90' lang='lat' dir='ltr'><strong>alter</strong></span> <span class='ocrx_word' id='word_1_153' title='bbox 585 2185 712 2245; x_wconf 87' lang='lat' dir='ltr'><strong>alterum</strong></span> <span class='ocrx_word' id='word_1_154' title='bbox 737 2185 877 2262; x_wconf 80' lang='lat' dir='ltr'><strong>oonsilio,</strong></span> <span class='ocrx_word' id='word_1_155' title='bbox 899 2185 1124 2260; x_wconf 75' lang='lat' dir='ltr'><strong>consolatione,</strong></span> 
     </span>
     <span class='ocr_line' id='line_1_23' title="bbox 204 2267 1124 2346; baseline 0.001 -21"><span class='ocrx_word' id='word_1_156' title='bbox 204 2285 387 2346; x_wconf 78' lang='lat' dir='ltr'><strong>quacunque</strong></span> <span class='ocrx_word' id='word_1_157' title='bbox 416 2270 488 2327; x_wconf 91' lang='lat' dir='ltr'><strong>item</strong></span> <span class='ocrx_word' id='word_1_158' title='bbox 524 2268 585 2328; x_wconf 88' lang='lat' dir='ltr'><strong>alia</strong></span> <span class='ocrx_word' id='word_1_159' title='bbox 610 2287 643 2327; x_wconf 91' lang='lat' dir='ltr'><strong>re</strong></span> <span class='ocrx_word' id='word_1_160' title='bbox 673 2275 790 2346; x_wconf 78' lang='lat' dir='ltr'><strong>potest,</strong></span> <span class='ocrx_word' id='word_1_161' title='bbox 823 2270 914 2328; x_wconf 89' lang='lat' dir='ltr'><strong>iuvat.</strong></span> <span class='ocrx_word' id='word_1_162' title='bbox 960 2267 1017 2327; x_wconf 87' lang='lat' dir='ltr'><strong>Hie</strong></span> <span class='ocrx_word' id='word_1_163' title='bbox 1047 2286 1124 2328; x_wconf 89' lang='lat' dir='ltr'><strong>mor-</strong></span> 
     </span>
     <span class='ocr_line' id='line_1_24' title="bbox 204 2349 1025 2429; baseline 0.002 -22"><span class='ocrx_word' id='word_1_164' title='bbox 204 2349 276 2407; x_wconf 87' lang='lat' dir='ltr'><strong>bum</strong></span> <span class='ocrx_word' id='word_1_165' title='bbox 302 2369 389 2408; x_wconf 92' lang='lat' dir='ltr'><strong>suum</strong></span> <span class='ocrx_word' id='word_1_166' title='bbox 412 2351 521 2429; x_wconf 75' lang='lat' dir='ltr'><strong>aperit,</strong></span> <span class='ocrx_word' id='word_1_167' title='bbox 545 2352 622 2410; x_wconf 86' lang='lat' dir='ltr'><strong>alter</strong></span> <span class='ocrx_word' id='word_1_168' title='bbox 642 2350 777 2410; x_wconf 85' lang='lat' dir='ltr'><strong>medieas</strong></span> <span class='ocrx_word' id='word_1_169' title='bbox 799 2350 888 2410; x_wconf 85' lang='lat' dir='ltr'><strong>affert</strong></span> <span class='ocrx_word' id='word_1_170' title='bbox 908 2369 1025 2410; x_wconf 88' lang='lat' dir='ltr'><strong>manus.</strong></span> 
     </span>
    </p>

    <p class='ocr_par' dir='ltr' id='par_1_4' title="bbox 204 2430 1124 3088">
     <span class='ocr_line' id='line_1_25' title="bbox 288 2430 1124 2512; baseline -0.001 -21"><span class='ocrx_word' id='word_1_171' title='bbox 288 2430 470 2510; x_wconf 75' lang='lat' dir='ltr'><strong>Quanquam</strong></span> <span class='ocrx_word' id='word_1_172' title='bbox 483 2434 574 2512; x_wconf 85' lang='lat' dir='ltr'><strong>igitur</strong></span> <span class='ocrx_word' id='word_1_173' title='bbox 587 2433 733 2492; x_wconf 87' lang='lat' dir='ltr'><strong>mandato</strong></span> <span class='ocrx_word' id='word_1_174' title='bbox 756 2432 794 2491; x_wconf 88' lang='lat' dir='ltr'><strong>ad</strong></span> <span class='ocrx_word' id='word_1_175' title='bbox 808 2433 1033 2492; x_wconf 77' lang='lat' dir='ltr'><strong>confessionem</strong></span> <span class='ocrx_word' id='word_1_176' title='bbox 1054 2434 1124 2512; x_wconf 85' lang='lat' dir='ltr'><strong>eogi</strong></span> 
     </span>
     <span class='ocr_line' id='line_1_26' title="bbox 204 2513 1124 2594; baseline 0.003 -23"><span class='ocrx_word' id='word_1_177' title='bbox 204 2513 347 2573; x_wconf 89' lang='lat' dir='ltr'><strong>homines</strong></span> <span class='ocrx_word' id='word_1_178' title='bbox 370 2514 480 2593; x_wconf 81' lang='lat' dir='ltr'><strong>nolim,</strong></span> <span class='ocrx_word' id='word_1_179' title='bbox 504 2535 558 2583; x_wconf 76' lang='lat' dir='ltr'><strong>ne,</strong></span> <span class='ocrx_word' id='word_1_180' title='bbox 581 2517 604 2575; x_wconf 85' lang='lat' dir='ltr'><strong>si</strong></span> <span class='ocrx_word' id='word_1_181' title='bbox 629 2518 679 2594; x_wconf 90' lang='lat' dir='ltr'><strong>qui</strong></span> <span class='ocrx_word' id='word_1_182' title='bbox 705 2535 764 2574; x_wconf 80' lang='lat' dir='ltr'><strong>ison</strong></span> <span class='ocrx_word' id='word_1_183' title='bbox 789 2523 860 2574; x_wconf 88' lang='lat' dir='ltr'><strong>aute</strong></span> <span class='ocrx_word' id='word_1_184' title='bbox 883 2515 1015 2575; x_wconf 75' lang='lat' dir='ltr'><strong>confessi</strong></span> <span class='ocrx_word' id='word_1_185' title='bbox 1039 2533 1124 2574; x_wconf 84' lang='lat' dir='ltr'><strong>aeae-</strong></span> 
     </span>
     <span class='ocr_line' id='line_1_27' title="bbox 205 2595 1122 2676; baseline 0.002 -22"><span class='ocrx_word' id='word_1_186' title='bbox 205 2595 280 2655; x_wconf 86' lang='lat' dir='ltr'><strong>daut</strong></span> <span class='ocrx_word' id='word_1_187' title='bbox 306 2597 344 2655; x_wconf 89' lang='lat' dir='ltr'><strong>ad</strong></span> <span class='ocrx_word' id='word_1_188' title='bbox 368 2603 609 2670; x_wconf 70' lang='lat' dir='ltr'><strong>sacramentum,</strong></span> <span class='ocrx_word' id='word_1_189' title='bbox 633 2618 665 2657; x_wconf 85' lang='lat' dir='ltr'><strong>se</strong></span> <span class='ocrx_word' id='word_1_190' title='bbox 689 2616 836 2676; x_wconf 79' lang='lat' dir='ltr'><strong>peccasse</strong></span> <span class='ocrx_word' id='word_1_191' title='bbox 858 2599 1006 2671; x_wconf 76' lang='lat' dir='ltr'><strong>sentiant,</strong></span> <span class='ocrx_word' id='word_1_192' title='bbox 1029 2598 1122 2656; x_wconf 86' lang='lat' dir='ltr'><strong>maxi·</strong></span> 
     </span>
     <span class='ocr_line' id='line_1_28' title="bbox 205 2679 1122 2749; baseline 0.007 -14"><span class='ocrx_word' id='word_1_193' title='bbox 205 2698 285 2737; x_wconf 92' lang='lat' dir='ltr'><strong>mum</strong></span> <span class='ocrx_word' id='word_1_194' title='bbox 323 2688 424 2739; x_wconf 85' lang='lat' dir='ltr'><strong>tamen</strong></span> <span class='ocrx_word' id='word_1_195' title='bbox 455 2680 627 2740; x_wconf 86' lang='lat' dir='ltr'><strong>thesaurum</strong></span> <span class='ocrx_word' id='word_1_196' title='bbox 652 2680 877 2739; x_wconf 76' lang='lat' dir='ltr'><strong>confessionem</strong></span> <span class='ocrx_word' id='word_1_197' title='bbox 908 2699 976 2739; x_wconf 90' lang='lat' dir='ltr'><strong>esse</strong></span> <span class='ocrx_word' id='word_1_198' title='bbox 1010 2679 1122 2749; x_wconf 74' lang='lat' dir='ltr'><strong>iudioo,</strong></span> 
     </span>
     <span class='ocr_line' id='line_1_29' title="bbox 205 2761 1124 2842; baseline 0.002 -23"><span class='ocrx_word' id='word_1_199' title='bbox 205 2763 255 2838; x_wconf 89' lang='lat' dir='ltr'><strong>qui</strong></span> <span class='ocrx_word' id='word_1_200' title='bbox 278 2761 370 2822; x_wconf 89' lang='lat' dir='ltr'><strong>nullis</strong></span> <span class='ocrx_word' id='word_1_201' title='bbox 393 2762 502 2842; x_wconf 87' lang='lat' dir='ltr'><strong>opibus</strong></span> <span class='ocrx_word' id='word_1_202' title='bbox 525 2764 562 2821; x_wconf 86' lang='lat' dir='ltr'><strong>sit</strong></span> <span class='ocrx_word' id='word_1_203' title='bbox 580 2763 813 2841; x_wconf 72' lang='lat' dir='ltr'><strong>eomparandus,</strong></span> <span class='ocrx_word' id='word_1_204' title='bbox 836 2763 977 2840; x_wconf 90' lang='lat' dir='ltr'><strong>adeoque</strong></span> <span class='ocrx_word' id='word_1_205' title='bbox 999 2763 1124 2822; x_wconf 90' lang='lat' dir='ltr'><strong>minime</strong></span> 
     </span>
     <span class='ocr_line' id='line_1_30' title="bbox 205 2844 1123 2923; baseline 0.003 -23"><span class='ocrx_word' id='word_1_206' title='bbox 205 2845 458 2907; x_wconf 78' lang='lat' dir='ltr'><strong>contemnendus.</strong></span> <span class='ocrx_word' id='word_1_207' title='bbox 513 2844 611 2904; x_wconf 87' lang='lat' dir='ltr'><strong>Nemo</strong></span> <span class='ocrx_word' id='word_1_208' title='bbox 650 2846 729 2903; x_wconf 90' lang='lat' dir='ltr'><strong>euim</strong></span> <span class='ocrx_word' id='word_1_209' title='bbox 767 2852 869 2923; x_wconf 83' lang='lat' dir='ltr'><strong>potest</strong></span> <span class='ocrx_word' id='word_1_210' title='bbox 909 2844 1033 2904; x_wconf 88' lang='lat' dir='ltr'><strong>verbum</strong></span> <span class='ocrx_word' id='word_1_211' title='bbox 1065 2845 1123 2904; x_wconf 89' lang='lat' dir='ltr'><strong>Dei</strong></span> 
     </span>
     <span class='ocr_line' id='line_1_31' title="bbox 205 2927 1122 3007; baseline 0.002 -23"><span class='ocrx_word' id='word_1_212' title='bbox 205 2945 306 3005; x_wconf 91' lang='lat' dir='ltr'><strong>neque</strong></span> <span class='ocrx_word' id='word_1_213' title='bbox 328 2929 401 2986; x_wconf 87' lang='lat' dir='ltr'><strong>satis</strong></span> <span class='ocrx_word' id='word_1_214' title='bbox 425 2927 717 3006; x_wconf 45' lang='lat' dir='ltr'><strong>diiigenteraudire5</strong></span> <span class='ocrx_word' id='word_1_215' title='bbox 743 2947 842 3006; x_wconf 91' lang='lat' dir='ltr'><strong>neque</strong></span> <span class='ocrx_word' id='word_1_216' title='bbox 864 2929 892 2986; x_wconf 91' lang='lat' dir='ltr'><strong>in</strong></span> <span class='ocrx_word' id='word_1_217' title='bbox 914 2928 1048 2986; x_wconf 88' lang='lat' dir='ltr'><strong>animum</strong></span> <span class='ocrx_word' id='word_1_218' title='bbox 1070 2929 1122 3007; x_wconf 81' lang='lat' dir='ltr'><strong>ita,</strong></span> 
     </span>
     <span class='ocr_line' id='line_1_32' title="bbox 205 3009 651 3088; baseline 0.009 -22"><span class='ocrx_word' id='word_1_219' title='bbox 205 3016 236 3067; x_wconf 86' lang='lat' dir='ltr'><strong>ut</strong></span> <span class='ocrx_word' id='word_1_220' title='bbox 257 3009 445 3083; x_wconf 69' lang='lat' dir='ltr'><strong>merebatur,v</strong></span> <span class='ocrx_word' id='word_1_221' title='bbox 468 3011 651 3088; x_wconf 77' lang='lat' dir='ltr'><strong>insculpere.</strong></span> 
     </span>
    </p>

    <p class='ocr_par' dir='ltr' id='par_1_5' title="bbox 201 3091 1121 3664">
     <span class='ocr_line' id='line_1_33' title="bbox 287 3091 1121 3173; baseline -0.001 -22"><span class='ocrx_word' id='word_1_222' title='bbox 287 3092 358 3151; x_wconf 90' lang='lat' dir='ltr'><strong>Dixi</strong></span> <span class='ocrx_word' id='word_1_223' title='bbox 397 3093 487 3172; x_wconf 83' lang='lat' dir='ltr'><strong>igitur</strong></span> <span class='ocrx_word' id='word_1_224' title='bbox 519 3092 682 3173; x_wconf 84' lang='lat' dir='ltr'><strong>diiigenter</strong></span> <span class='ocrx_word' id='word_1_225' title='bbox 714 3093 792 3151; x_wconf 87' lang='lat' dir='ltr'><strong>inter</strong></span> <span class='ocrx_word' id='word_1_226' title='bbox 832 3112 864 3151; x_wconf 82' lang='lat' dir='ltr'><strong>se</strong></span> <span class='ocrx_word' id='word_1_227' title='bbox 904 3091 1121 3152; x_wconf 82' lang='lat' dir='ltr'><strong>discernendas</strong></span> 
     </span>
     <span class='ocr_line' id='line_1_34' title="bbox 204 3171 1120 3248; baseline -0.001 -15"><span class='ocrx_word' id='word_1_228' title='bbox 204 3171 433 3234; x_wconf 78' lang='lat' dir='ltr'><strong>confessionem</strong></span> <span class='ocrx_word' id='word_1_229' title='bbox 472 3183 502 3234; x_wconf 88' lang='lat' dir='ltr'><strong>et</strong></span> <span class='ocrx_word' id='word_1_230' title='bbox 546 3175 788 3248; x_wconf 53' lang='lat' dir='ltr'><strong>absolutionem3</strong></span> <span class='ocrx_word' id='word_1_231' title='bbox 827 3181 858 3234; x_wconf 92' lang='lat' dir='ltr'><strong>ut</strong></span> <span class='ocrx_word' id='word_1_232' title='bbox 894 3174 1120 3234; x_wconf 88' lang='lat' dir='ltr'><strong>absolutionem</strong></span> 
     </span>
     <span class='ocr_line' id='line_1_35' title="bbox 203 3256 1120 3336; baseline 0 -20"><span class='ocrx_word' id='word_1_233' title='bbox 203 3257 395 3333; x_wconf 86' lang='lat' dir='ltr'><strong>potissimum</strong></span> <span class='ocrx_word' id='word_1_234' title='bbox 420 3264 556 3336; x_wconf 76' lang='lat' dir='ltr'><strong>speeies,</strong></span> <span class='ocrx_word' id='word_1_235' title='bbox 584 3275 685 3335; x_wconf 92' lang='lat' dir='ltr'><strong>neque</strong></span> <span class='ocrx_word' id='word_1_236' title='bbox 707 3256 881 3316; x_wconf 82' lang='lat' dir='ltr'><strong>confitearis</strong></span> <span class='ocrx_word' id='word_1_237' title='bbox 904 3257 953 3316; x_wconf 88' lang='lat' dir='ltr'><strong>vel</strong></span> <span class='ocrx_word' id='word_1_238' title='bbox 976 3257 1015 3315; x_wconf 95' lang='lat' dir='ltr'><strong>ob</strong></span> <span class='ocrx_word' id='word_1_239' title='bbox 1039 3276 1120 3316; x_wconf 89' lang='lat' dir='ltr'><strong>man·</strong></span> 
     </span>
     <span class='ocr_line' id='line_1_36' title="bbox 204 3338 1119 3418; baseline 0.002 -22"><span class='ocrx_word' id='word_1_240' title='bbox 204 3338 319 3409; x_wconf 75' lang='lat' dir='ltr'><strong>datum</strong></span> <span class='ocrx_word' id='word_1_241' title='bbox 340 3339 390 3398; x_wconf 83' lang='lat' dir='ltr'><strong>vel</strong></span> <span class='ocrx_word' id='word_1_242' title='bbox 406 3345 548 3418; x_wconf 87' lang='lat' dir='ltr'><strong>tauquam</strong></span> <span class='ocrx_word' id='word_1_243' title='bbox 572 3338 685 3399; x_wconf 90' lang='lat' dir='ltr'><strong>bonum</strong></span> <span class='ocrx_word' id='word_1_244' title='bbox 709 3358 796 3418; x_wconf 79' lang='lat' dir='ltr'><strong>opus,</strong></span> <span class='ocrx_word' id='word_1_245' title='bbox 820 3339 902 3418; x_wconf 90' lang='lat' dir='ltr'><strong>quod</strong></span> <span class='ocrx_word' id='word_1_246' title='bbox 925 3345 1119 3418; x_wconf 74' lang='lat' dir='ltr'><strong>pennatorum</strong></span> 
     </span>
     <span class='ocr_line' id='line_1_37' title="bbox 202 3422 1120 3500; baseline 0.002 -21"><span class='ocrx_word' id='word_1_247' title='bbox 202 3422 416 3481; x_wconf 85' lang='lat' dir='ltr'><strong>remissionem</strong></span> <span class='ocrx_word' id='word_1_248' title='bbox 439 3427 604 3494; x_wconf 76' lang='lat' dir='ltr'><strong>mereatur,</strong></span> <span class='ocrx_word' id='word_1_249' title='bbox 640 3422 790 3496; x_wconf 70' lang='lat' dir='ltr'><strong>fauturus,</strong></span> <span class='ocrx_word' id='word_1_250' title='bbox 824 3422 877 3481; x_wconf 89' lang='lat' dir='ltr'><strong>sed</strong></span> <span class='ocrx_word' id='word_1_251' title='bbox 907 3422 977 3481; x_wconf 89' lang='lat' dir='ltr'><strong>ideo</strong></span> <span class='ocrx_word' id='word_1_252' title='bbox 1007 3422 1120 3500; x_wconf 76' lang='lat' dir='ltr'><strong>potius,</strong></span> 
     </span>
     <span class='ocr_line' id='line_1_38' title="bbox 202 3503 1120 3583; baseline 0.004 -23"><span class='ocrx_word' id='word_1_253' title='bbox 202 3511 234 3562; x_wconf 92' lang='lat' dir='ltr'><strong>ut</strong></span> <span class='ocrx_word' id='word_1_254' title='bbox 255 3503 313 3563; x_wconf 85' lang='lat' dir='ltr'><strong>Dei</strong></span> <span class='ocrx_word' id='word_1_255' title='bbox 337 3504 463 3564; x_wconf 89' lang='lat' dir='ltr'><strong>verbum</strong></span> <span class='ocrx_word' id='word_1_256' title='bbox 484 3504 606 3579; x_wconf 82' lang='lat' dir='ltr'><strong>audias,</strong></span> <span class='ocrx_word' id='word_1_257' title='bbox 638 3523 699 3583; x_wconf 91' lang='lat' dir='ltr'><strong>quo</strong></span> <span class='ocrx_word' id='word_1_258' title='bbox 723 3504 857 3583; x_wconf 78' lang='lat' dir='ltr'><strong>erigatur</strong></span> <span class='ocrx_word' id='word_1_259' title='bbox 879 3524 915 3564; x_wconf 89' lang='lat' dir='ltr'><strong>ao</strong></span> <span class='ocrx_word' id='word_1_260' title='bbox 937 3503 1120 3564; x_wconf 78' lang='lat' dir='ltr'><strong>consolatio-</strong></span> 
     </span>
     <span class='ocr_line' id='line_1_39' title="bbox 201 3587 721 3664; baseline 0.004 -20"><span class='ocrx_word' id='word_1_261' title='bbox 201 3605 272 3645; x_wconf 88' lang='lat' dir='ltr'><strong>nem</strong></span> <span class='ocrx_word' id='word_1_262' title='bbox 296 3587 429 3664; x_wconf 79' lang='lat' dir='ltr'><strong>aooipiat</strong></span> <span class='ocrx_word' id='word_1_263' title='bbox 451 3588 640 3647; x_wconf 80' lang='lat' dir='ltr'><strong>eonscientia</strong></span> <span class='ocrx_word' id='word_1_264' title='bbox 662 3593 721 3646; x_wconf 87' lang='lat' dir='ltr'><strong>tua.</strong></span> 
     </span>
    </p>

    <p class='ocr_par' dir='ltr' id='par_1_6' title="bbox 186 3668 1151 3916">
     <span class='ocr_line' id='line_1_40' title="bbox 188 3668 1119 3750; baseline 0.001 -22"><span class='ocrx_word' id='word_1_265' title='bbox 188 3699 195 3704; x_wconf 94' lang='lat'><em>·</em></span> <span class='ocrx_word' id='word_1_266' title='bbox 286 3669 319 3728; x_wconf 92' lang='lat' dir='ltr'><strong>ln</strong></span> <span class='ocrx_word' id='word_1_267' title='bbox 341 3668 565 3730; x_wconf 88' lang='lat' dir='ltr'><strong>absolutionem</strong></span> <span class='ocrx_word' id='word_1_268' title='bbox 585 3670 675 3750; x_wconf 85' lang='lat' dir='ltr'><strong>igitur</strong></span> <span class='ocrx_word' id='word_1_269' title='bbox 697 3676 759 3727; x_wconf 88' lang='lat' dir='ltr'><strong>tum</strong></span> <span class='ocrx_word' id='word_1_270' title='bbox 774 3668 879 3728; x_wconf 83' lang='lat' dir='ltr'><strong>oculos</strong></span> <span class='ocrx_word' id='word_1_271' title='bbox 903 3677 964 3728; x_wconf 89' lang='lat' dir='ltr'><strong>tum</strong></span> <span class='ocrx_word' id='word_1_272' title='bbox 988 3674 1119 3729; x_wconf 84' lang='lat' dir='ltr'><strong>mentem</strong></span> 
     </span>
     <span class='ocr_line' id='line_1_41' title="bbox 196 3750 1125 3834; baseline -0.001 -24"><span class='ocrx_word' id='word_1_273' title='bbox 196 3752 393 3827; x_wconf 84' lang='lat' dir='ltr'><strong>potissimum</strong></span> <span class='ocrx_word' id='word_1_274' title='bbox 415 3750 542 3832; x_wconf 79' lang='lat' dir='ltr'><strong>defiges,</strong></span> <span class='ocrx_word' id='word_1_275' title='bbox 565 3754 594 3813; x_wconf 90' lang='lat' dir='ltr'><strong>in</strong></span> <span class='ocrx_word' id='word_1_276' title='bbox 620 3771 682 3834; x_wconf 94' lang='lat' dir='ltr'><strong>qua</strong></span> <span class='ocrx_word' id='word_1_277' title='bbox 703 3751 809 3813; x_wconf 82' lang='lat' dir='ltr'><strong>diviua</strong></span> <span class='ocrx_word' id='word_1_278' title='bbox 829 3770 909 3813; x_wconf 77' lang='lat' dir='ltr'><strong>roae</strong></span> <span class='ocrx_word' id='word_1_279' title='bbox 926 3758 1125 3832; x_wconf 75' lang='lat' dir='ltr'><strong>qeoeatorum</strong></span> 
     </span>
     <span class='ocr_line' id='line_1_42' title="bbox 186 3829 1151 3916; baseline 0.005 -30"><span class='ocrx_word' id='word_1_280' title='bbox 186 3832 331 3890; x_wconf 84' lang='lat' dir='ltr'><strong>remissio</strong></span> <span class='ocrx_word' id='word_1_281' title='bbox 348 3851 409 3910; x_wconf 83' lang='lat' dir='ltr'><strong>per</strong></span> <span class='ocrx_word' id='word_1_282' title='bbox 427 3833 592 3898; x_wconf 84' lang='lat' dir='ltr'><strong>bominem</strong></span> <span class='ocrx_word' id='word_1_283' title='bbox 625 3837 684 3900; x_wconf 87' lang='lat' dir='ltr'><strong>tibi</strong></span> <span class='ocrx_word' id='word_1_284' title='bbox 707 3837 943 3916; x_wconf 53' lang='lat' dir='ltr'><strong>annuuoiatur„</strong></span> <span class='ocrx_word' id='word_1_285' title='bbox 978 3851 1065 3914; x_wconf 73' lang='lat' dir='ltr'><strong>quae</strong></span> <span class='ocrx_word' id='word_1_286' title='bbox 1079 3829 1151 3888; x_wconf 62' lang='lat' dir='ltr'><strong>buu</strong></span> 
     </span>
    </p>
   </div>
   <div class='ocr_carea' id='block_1_3' title="bbox 0 0 1360 4417">
    <p class='ocr_par' dir='ltr' id='par_1_7' title="bbox 0 0 1360 4417">
     <span class='ocr_line' id='line_1_43' title="bbox 0 0 1360 4417; baseline 0 2"><span class='ocrx_word' id='word_1_287' title='bbox 0 0 1360 4417; x_wconf 95' lang='lat' dir='ltr'><strong> </strong></span> 
     </span>
    </p>
   </div>
  </div>
 </body>
</html>
