2709 4417
221 341 263 408 38
426 343 586 410 Disputatio
603 342 715 411 hipaite
730 341 826 396 broit·
843 357 869 395 a.
887 340 951 394 XIX

222 533 398 612 quaeritur,
425 529 486 590 hoo
518 531 685 608 primatum
709 528 861 589 eoelesiee
890 529 1052 589 Romanae
1076 551 1121 592 nor

222 616 329 692 aufert,
360 613 414 674 sed
439 612 521 692 quod
543 613 583 673 ·B.
605 612 774 692 Gregorius
793 613 908 692 primus
929 611 1011 689 feeit,
1034 616 1064 671 et
1087 633 1121 695 ug·

222 699 309 758 novit
329 716 362 757 se
384 695 454 756 ideo
468 695 619 756 emlesias
641 695 814 755 eathmieae
827 695 1011 768 Praelatum,
1033 702 1065 754 ut
1079 715 1121 758 ssr·

222 800 301 849 vum,
316 797 474 840 servorum
503 796 536 838 se
558 794 628 838 esse
651 783 851 858 agnosceret,
884 779 916 837 in
930 797 1010 856 ,qua
1036 798 1068 837 re
1092 798 1121 842 ss

223 870 350 943 quentes
370 859 535 922 Pontifless
557 880 621 921 non
644 862 792 923 eonvioiis
813 861 980 937 leeessere,
1000 861 1054 920 sed
1076 881 1121 924 oru

223 946 367 1023 tionibus,
389 951 423 1005 ut
444 945 520 1004 tales
537 944 626 1022 'fiant
644 964 664 1004 a
681 945 748 1004 Deo
770 945 935 1024 impetrare
958 942 1118 1007 studeamus

222 1113 310 1173 Hora
326 1111 460 1171 secunda
471 1110 684 1188 pomeridiana
704 1074 820 1186 quarte
837 1110 1120 1175 deterrimum

550 1226 591 1288 M.
612 1226 663 1285 Lu
674 1225 818 1289 therus.

305 1344 436 1403 Primam
453 1344 686 1424 responsionem
711 1363 821 1422 meam,
841 1364 902 1424 que
924 1364 964 1404 ex
981 1338 1121 1410 autoritatr

223 1426 358 1490 Paulii.
386 1425 523 1487 Corinth
541 1428 569 1490 3
600 1427 738 1504 ostendi,
771 1427 810 1488 ab
845 1428 990 1507 apostolo
1011 1428 1121 1508 prohibi

223 1517 303 1585 tum,
339 1529 379 1569 ne
404 1505 511 1570 fideles
539 1509 597 1571 sibi
618 1469 816 1621 arrogarent
835 1511 885 1571 vel
907 1511 1064 1590 Cepham,
1087 1510 1121 1574 vei

224 1593 368 1670 Panium,
401 1592 451 1652 vel
483 1591 614 1672 Apollo,
627 1586 686 1652 od
715 1594 806 1654 istum
828 1593 951 1654 modum
975 1595 1121 1655 confutavi

224 1676 260 1735 D
282 1675 319 1734 D.
341 1676 499 1754 egregius,
527 1675 610 1754 quod
632 1676 690 1737 etsi
711 1675 823 1736 Paulus
844 1675 957 1736 ibidem
982 1677 1060 1737 Petri
1079 1694 1121 1738 me

225 1757 361 1834 minerit,
388 1777 452 1818 non
481 1764 584 1817 tamen
611 1758 689 1819 falso
712 1759 916 1839 Hieronymus
939 1767 1046 1820 eontra
1065 1760 1121 1820 lovi

225 1841 350 1903 nianum
371 1840 459 1899 dioit:
483 1839 569 1900 Unus
592 1841 723 1921 eligitur,
747 1842 830 1921 quod
852 1844 952 1921 eapite
976 1844 1121 1903 constitut(

225 1923 349 1983 oeeasio
378 1915 531 1983 sehismat'
512 1931 549 1983 trs
574 1923 712 1993 tollatur,
749 1925 833 1985 olore
865 1925 1002 2004 appellet
1022 1926 1121 1986 Petmu

225 2011 317 2084 eaput
350 2005 382 2064 in
410 2005 540 2065 eeclesia
567 2007 679 2066 constit
681 2013 775 2067 utum
818 2006 957 2085 Adiecit,
990 2008 1044 2068 sed
1065 2009 1121 2068 hae

226 2088 319 2162 missa
340 2087 497 2149 faciamus.

307 2169 509 2250 Respondeo:
531 2171 601 2231 Non
623 2172 724 2251 potior
741 2175 871 2251 propter
884 2174 1034 2233 minorem
1056 2178 1121 2234 euto

200 2254 344 2313 'ritatem
366 2252 520 2312 inductam
544 2274 592 2314 me
615 2254 762 2315 divellis
784 2256 909 2317 maiore.
952 2256 1019 2317 Nee
1041 2264 1120 2316 tantu

224 2342 271 2396 est
292 2335 512 2416 Hieronymus,
544 2343 577 2396 ut
595 2344 722 2416 propter
743 2354 812 2397 eum
840 2338 967 2398 Paulum
990 2338 1121 2399 deseram

222 2417 293 2478 Non
323 2437 397 2497 ergo
433 2418 544 2479 Paulus
574 2420 672 2480 solum
704 2421 841 2481 meminit
869 2421 909 2481 ibi
936 2421 1036 2500 Petri,
1064 2424 1121 2482 sieu

137 2537 138 2540 =
223 2506 351 2562 eonatur
372 2508 538 2562 extenuare
565 2503 625 2563 ista
646 2503 836 2581 oonfutatio,
869 2504 924 2564 sed
955 2523 1023 2564 oum
1051 2503 1121 2584 plen

225 2583 390 2644 autoritate
411 2583 739 2665 dooettetprohibet,
761 2587 890 2664 nequis
912 2586 1052 2651 dieatse
1075 2607 1121 2648 ess

224 2666 314 2729 Petri
357 2666 446 2727 Unde
479 2674 510 2727 et
498 2666 616 2727 tidem
644 2667 832 2764 capitutuml
836 2673 852 2745 J
876 2669 1051 2730 eoneludit:
1075 2670 1120 2730 On

223 2750 275 2809 nia
297 2755 397 2808 vestra
426 2750 491 2809 sive
513 2751 643 2826 Paulus,
667 2753 732 2811 sive
755 2751 923 2832 Cepha2),
963 2752 1044 2812 sive
1052 2773 1120 2814 mor

224 2832 290 2891 sivo
311 2833 389 2908 vite,
419 2852 476 2893 vos
498 2839 600 2894 autem
623 2796 753 2912 Christi,
786 2799 923 2894 Christud
944 2842 1047 2897 autem
1076 2836 1121 2896 De

224 2913 291 2974 stet
279 2921 386 2995 tergo
408 2916 467 2975 ista
488 2918 650 2996 responsio
673 2936 743 2977 mea
764 2915 865 2976 adhue
884 2919 1010 2995 inviota,
1034 2925 1066 2977 et
1088 2920 1120 2978 ni

222 2995 376 3058 robustius
407 2997 563 3058 confutata
590 2999 697 3078 fuerit,
732 3018 859 3094 oppono
893 3020 961 3060 eam
997 3001 1121 3063 omnibu

223 3081 376 3159 praeterit
369 3101 393 3140 rs
417 3087 448 3141 et
468 3081 573 3141 futuris
595 3082 782 3162 argumentis
804 3083 841 3142 D
852 3084 890 3145 D
908 3083 1044 3145 Verbum
1064 3086 1121 3145 enh

223 3162 281 3223 Dei
303 3165 520 3242 superomnia
542 3165 636 3242 verbp
657 3163 816 3224 hominum
839 3172 895 3226 est.

305 3244 354 3304 Ad
386 3245 606 3326 Hieronymum
640 3254 743 3308 autem
772 3246 858 3325 dieu,
897 3247 981 3326 quod
1016 3255 1049 3308 et
1087 3268 1121 3328 eg

223 3328 316 3388 missa
345 3328 424 3388 isoio
452 3347 507 3405 ea,
536 3347 605 3388 oum
632 3330 671 3390 sit
695 3328 944 3409 ambiguissimus
974 3331 1082 3409 loeus,
1114 3352 1121 3391 r

186 3441 195 3452 =
224 3409 305 3470 bene
327 3411 423 3471 sensit
442 3410 480 3472 D.
502 3411 627 3473 Doctor.
1014 3452 1032 3483 ,

307 3492 478 3554 Secundam
500 3495 734 3574 responsionem
759 3514 859 3554 meam
886 3495 925 3566 ad
948 3496 1062 3555 autorit
1064 3503 1121 3556 ater

223 3575 333 3638 Johau
357 3581 398 3641 5.
420 3576 471 3637 ubi
494 3576 574 3652 dixi,
607 3577 760 3637 Christum
788 3579 874 3656 loqui
896 3577 934 3637 de
957 3579 1121 3659 aequalitat

217 3653 383 3738 potentiae
403 3664 561 3740 paternae,
584 3661 671 3720 iussit
693 3681 742 3721 me
762 3660 799 3723 D
813 3661 903 3722 D.t
871 3667 903 3720 at
904 3667 970 3721 tten
971 3661 1035 3720 ius
1041 3661 1121 3742 leger

258 3855 287 3918 ¹)
311 3856 342 3910 ¹11
365 3856 413 3931 ed,
425 3856 515 3914 Jeu.:
538 3857 647 3914 eodem
668 3857 776 3925 eapite.
792 3848 883 3906 ‘mn
898 3847 1042 3910 ahaim..
1057 3844 1121 3908 Cep*
