2709 4417
440 377 458 414 a
474 361 595 415 liotcriis
614 369 737 430 excepta
770 324 774 336 =
991 360 1053 429 181·
1088 431 1090 437 ,

199 547 334 628 ulgentiis
355 554 516 627 peccatum
538 566 602 609 non
624 554 728 611 manet
749 549 939 628 impunitum,
963 550 1052 611 salvo

223 631 305 709 quod
329 633 421 692 etiam
445 631 484 691 de
505 632 628 712 proprio
651 631 827 693 satisfacere
848 651 910 692 nou
937 639 1054 714 posset,

218 714 439 776 accedentibus
461 714 573 774 Christi
595 715 718 775 meritis.

215 799 260 857 De
292 817 449 858 consensu
476 797 626 875 fidelium,
666 797 760 858 credo
796 798 950 858 nerninem
984 817 1055 859 esse

219 881 370 955 stultum,
406 881 456 959 qui
479 880 584 941 credat
605 900 669 940 rem
693 900 762 941 esse
784 881 987 941 necessariam
1009 882 1053 941 in·

199 965 308 1041 :entiae
330 964 362 1023 in
384 962 528 1042 iubilaeo‚
550 970 582 1023 et
596 964 621 1022 si
634 965 788 1024 existimet
808 964 865 1023 iter
879 965 1052 1025 Romanum

199 1078 200 1097 ι
223 1048 427 1123 meritorium,
449 1066 508 1107 nec
528 1048 579 1107 hic
600 1053 690 1125 errat
712 1053 772 1107 stat
793 1048 873 1107 enim
890 1067 977 1126 opus,
998 1067 1055 1127 per

199 1129 214 1188 d
238 1131 309 1208 quis
330 1131 525 1210 consequitur
549 1128 754 1209 indulgentias
777 1131 1053 1206 essemeritorium
1163 1124 1171 1191 ,⁸

199 1233 292 1273 amen
314 1214 399 1293 ipsas
420 1213 627 1293 indulgentias
650 1232 712 1273 non
735 1232 804 1273 esse
826 1214 1006 1274 meritorias.

212 1296 323 1374 Porro,
346 1295 387 1355 de
408 1296 510 1357 verbis
532 1294 675 1356 sixtinae·
694 1302 725 1356 et
746 1295 884 1357 moderni
898 1295 1054 1357 Pontificio

213 1380 298 1440 facio
312 1380 392 1456 vim,¹
406 1380 478 1458 quia
498 1377 677 1439 cathedram
688 1379 769 1439 Petri
791 1398 913 1459 sequor,
936 1385 967 1438 et
988 1380 1054 1439 eius

199 1464 336 1540 entiam,
364 1463 415 1542 qui
437 1463 468 1522 in
491 1481 529 1522 ea
549 1462 653 1539 sedet,
685 1462 829 1540 quamdiu
850 1461 1053 1539 inhaeream,

199 1545 212 1604 l
242 1545 345 1613 absit,
380 1545 542 1624 prolapsus
570 1563 633 1603 non
656 1545 754 1605 fuerit.
797 1544 869 1605 Scio
899 1565 967 1603 eum
991 1564 1053 1604 non

199 1648 275 1704 iare,
299 1627 354 1688 sed
377 1626 514 1702 definire,
537 1646 627 1706 quem
650 1634 685 1687 ut
705 1627 816 1689 Christi
836 1626 980 1690 vicarium
1003 1626 1054 1687 de·

199 1711 269 1771 mdo
292 1709 423 1770 arbitror
444 1729 512 1770 esse
533 1709 749 1770 indefectibilis
771 1709 851 1771 fidei.
894 1709 955 1770 Sed
977 1709 1056 1769 haec

199 1795 236 1853 iia
276 1813 382 1854 eorum
411 1795 570 1853 committo
599 1792 733 1868 iudicio,
767 1813 894 1872 quorum
928 1793 1056 1853 interest

199 1884 257 1936 itus
281 1882 383 1936 errata
404 1895 591 1956 expungere
613 1876 637 1935 si
660 1895 740 1954 quae
762 1874 971 1937 ostendentur.
979 1892 989 1907 ¹·

302 2011 398 2071 Jussit
420 2011 568 2071 Lutherus
590 2009 723 2071 addere:
756 2008 796 2070 Et
817 2031 887 2092 ego.

199 2226 319 2286 decima
339 2225 413 2286 lolii
446 2229 677 2304 argumentatus
706 2229 753 2286 cst
774 2225 900 2298 Eccins‚
933 2244 1055 2306 respon-

365 2370 367 2377 <
466 2308 558 2368 dente
577 2307 727 2385 Luthem,

426 2470 479 2530 De
500 2471 767 2533 Poenitentia.

356 2621 389 2682 ln
413 2622 537 2683 nomine
558 2629 611 2684 tuo
634 2622 732 2682 dulcis
754 2623 838 2685 Jesu.

219 2773 339 2833 Contra
368 2772 598 2833 conclusionem
632 2773 791 2833 reverendi
813 2773 910 2834 Patris
937 2785 968 2832 et
990 2793 1056 2852 par·

221 2855 380 2916 Sermonis
412 2856 458 2914 sui
491 2855 530 2915 de
568 2857 760 2936 poenitentia
793 2875 848 2934 pro
878 2855 1056 2915 defensione

199 2942 323 2998 imorum
345 2937 468 2997 Petrum
490 2939 731 3016 praedicantium
765 2938 893 2999 intendo
915 2938 1063 3017 probaret

199 3021 363 3081 nitentium
386 3039 489 3080 veram
513 3023 650 3102 incipere
689 3042 708 3081 a
729 3023 839 3082 timore
871 3021 962 3081 etiam
985 3040 1056 3100 poe·

199 3150 206 3181 ,
228 3109 259 3163 et
281 3101 364 3181 quod
389 3101 468 3162 bene
490 3105 556 3182 quis
578 3122 612 3164 se
634 3105 838 3185 praeparet¹)
853 3102 1057 3177 discutiendo,

199 3185 338 3266 >gitanda
361 3193 421 3246 etc.

220 3269 343 3345 Primo,
377 3269 449 3346 quia
470 3268 562 3329 talem
585 3269 708 3329 modum
735 3268 931 3348 praedicandi
955 3268 1057 3329 obser·

200 3351 394 3425 itDominus
415 3350 516 3422 lesus,
538 3358 569 3410 et
591 3353 656 3411 eius
678 3371 859 3432 praecursor
891 3351 922 3412 S.
943 3350 1056 3410 lohan-

199 3433 297 3496 .Luc.
321 3433 402 3493 enim
419 3435 464 3496 15.
488 3432 568 3493 lilius
590 3435 736 3515 prodigus
758 3436 837 3515 gerit
860 3442 964 3514 typum
988 3452 1058 3511 poe·

199 3518 262 3577 tntis
292 3514 460 3576 secundum
483 3514 686 3597 Augustinum
723 3517 762 3578 ds
796 3524 913 3596 quaest.
935 3535 1056 3595 evang„

200 3599 335 3667 brosium
358 3597 438 3658 libro
460 3601 489 3662 2.
512 3598 551 3659 de
572 3601 741 3679 poenitent.
764 3620 831 3680 cap.
854 3603 901 3674 3.,
923 3597 1055 3678 Chryso·

217 3868 248 3919 Ιιι
267 3867 386 3922 adden.
413 3878 444 3924 et
464 3875 545 3962 apud
564 3878 710 3937 tossen:
734 3887 943 3958 praepararet.¹
