2709 4417
222 330 264 397 72
405 333 562 402 Disputatio
580 333 688 401 Lipsiae
707 333 801 387 habita
820 350 844 385 a.
865 331 927 386 xlx

223 520 293 582 talis
319 520 470 581 ecclesiae
497 527 622 581 sanctos
644 539 714 581 esse
735 521 766 581 iu
788 524 947 580 aeternnm
970 515 1132 576 damnatos.

222 603 300 664 lllud
322 610 494 684 praetereo,
516 602 597 682 qnod
615 604 854 683 praevalentiam
876 608 1034 684 portarum
1056 599 1132 659 inferi

223 688 439 766 iuterpretatur
458 686 656 746 invalentiam
672 686 856 765 haeresium,
877 683 959 766 quod
971 702 1037 744 non
1059 701 1132 758 curo,

223 769 419 831 nihilominus
442 788 504 831 non
528 769 663 830 ostendit
684 769 820 831 Graecos
843 769 938 830 fuisse
959 766 1132 840 haereticos,

223 872 292 913 eum
313 852 469 934 vulgatum
492 853 531 912 sit
552 854 644 912 etiam
667 872 722 933 per
743 855 823 930 iura,
845 853 984 914 Graecos
1006 869 1068 910 non
1088 849 1131 909 ha

224 935 287 996 beri
309 954 366 1016 pro
383 935 555 996 haereticis.
576 935 715 996 Transeo
738 943 770 996 et
785 936 860 997 illud
871 931 984 996 Leonis
998 933 1132 993 etAmar·

223 1019 308 1094 caui,
336 1017 389 1079 ubi
417 1017 491 1079 dicit
520 1037 553 1078 se
575 1020 659 1097 sequi
681 1019 915 1100 intelligentiam
937 1017 1129 1097 antiquomn,

222 1101 403 1183 accipiendo
425 1119 583 1162 nnmerum
603 1120 660 1181 pro
672 1121 811 1182 numero,
833 1102 950 1163 scilicet
970 1098 1128 1160 uniuslea

223 1185 269 1245 nis
291 1185 462 1266 singularis.
484 1185 558 1245 Item
584 1184 622 1244 de
645 1184 878 1247 confirmatione
900 1184 1027 1244 fratrum
1048 1183 1125 1243 Petro

223 1268 388 1329 commissa
409 1267 485 1327 nihil
506 1267 622 1343 dicam,
653 1269 727 1328 satis
750 1268 862 1329 dictum
886 1275 949 1342 est,
973 1286 1041 1326 cum
1064 1260 1125 1326 nihil

155 1401 157 1405 Α
222 1350 343 1432 probet,
365 1369 424 1410 nea
445 1349 545 1410 adhuc
566 1351 756 1412 confutatum
778 1354 825 1412 sit.

248 1506 250 1512 Ι
303 1432 353 1494 Ad
386 1452 450 1494 rem
472 1433 671 1513 principalem
697 1433 786 1512 dicit,
820 1454 853 1494 se
881 1434 1016 1495 tenuisse
1037 1430 1066 1513 ¹)
1086 1433 1123 1493 ius

223 1517 368 1595 divinum,
414 1517 463 1576 uia
482 1514 556 1576 illud
569 1517 715 1577 Matthaei
741 1520 793 1582 16:
815 1517 861 1577 ln
884 1537 917 1577 es
931 1515 1048 1591 Petrus,
1068 1533 1122 1575 cun

222 1600 381 1660 sententiis
426 1605 523 1659 atmm
552 1601 591 1658 sit
613 1607 755 1676 secutus,
783 1600 963 1680 praesertim
985 1597 1122 1658 Ambrosii

223 1693 253 1742 et
275 1681 447 1763 Augustini,
468 1683 519 1762 qui
541 1680 683 1762 dixerint,
706 1683 826 1743 Petrum
850 1703 918 1743 esse
941 1688 1066 1761 petram,
1084 1700 1123 1740 aa·

223 1782 274 1824 sus
296 1764 594 1839 etiamhocaddere,
617 1764 698 1844 quod
708 1765 896 1846 Augustinus
918 1783 982 1824 non
997 1769 1125 1823 retracta

222 1844 309 1924 verit,
331 1866 390 1927 ego
413 1854 523 1926 postea
544 1847 710 1908 consulens
734 1847 841 1909 libmm
862 1849 1029 1909 Retractat.
1056 1846 1125 1906 inve

223 1932 274 1991 nio
296 1930 491 1992 eontrarium.
533 1931 614 1991 Vere
636 1932 715 1990 enim
738 1938 898 2008 retractat,
922 1938 954 1991 et
975 1929 1062 2005 dicit,
1083 1929 1126 1987 Pe·

221 2021 300 2074 trum
322 2032 384 2073 non
407 2030 476 2073 esse
495 2019 624 2093 petrem,
647 2013 700 2074 sed
724 2009 897 2074 confessum
921 2031 991 2073 esse
1011 2018 1125 2090 petram.

221 2096 304 2164 ldem
326 2096 388 2156 hoe
409 2094 481 2156 dicit
502 2097 533 2154 in
555 2095 696 2170 homilia,
719 2116 810 2175 quam
833 2115 941 2158 omnes
963 2094 1128 2155 sacerdotes

223 2186 312 2239 orant
333 2181 363 2238 in
384 2177 434 2238 die
460 2178 540 2239 Petri
563 2185 594 2239 et
608 2179 767 2254 Pauli,ubi
791 2179 874 2257 dicit,
895 2179 995 2259 Super
1009 2178 1129 2254 Petram,

223 2281 284 2321 non
304 2280 396 2341 super
423 2268 476 2338 te,
503 2261 558 2321 sed
587 2281 680 2340 super
700 2262 838 2339 Petram,
867 2281 957 2341 quam
982 2260 1130 2320 confessus

220 2363 264 2406 as.
306 2342 390 2404 Idem
411 2345 536 2404 invenio
558 2346 588 2403 in
610 2343 792 2423 Ambrosio,
820 2363 994 2425 quanquam
1023 2348 1054 2403 et
1073 2343 1131 2422 ipse

220 2427 324 2488 variet.
369 2426 416 2486 Ad
439 2426 500 2487 hoc
521 2435 567 2487 est
589 2427 681 2487 simul
693 2447 787 2488 aurea
807 2429 861 2488 illa
882 2428 999 2508 glossa,
1021 2433 1055 2485 ut
1074 2425 1132 2505 glo·

220 2510 343 2584 riantur,
365 2527 457 2588 super
478 2509 664 2589 capitulum:
692 2511 739 2571 lta
760 2510 920 2585 Dominus,
943 2509 1071 2570 diceus:
1097 2506 1132 2569 lit

220 2611 311 2671 super
337 2592 418 2650 hanc
440 2592 557 2652 Petram
595 2599 652 2653 etc.
687 2612 743 2673 per
773 2594 854 2654 hanc
883 2593 1048 2654 dictionem
1076 2609 1131 2651 non

156 2705 161 2714 ·
197 2673 312 2756 ,credo
343 2674 504 2735 Dominum
540 2675 621 2735 aliud
657 2674 903 2750 demonstrasse,
947 2693 1040 2753 quam
1062 2673 1132 2733 haec

221 2756 333 2833 rerba,
360 2775 450 2837 quae,
467 2758 574 2818 Petrus
597 2758 757 2838 respondit
777 2758 929 2836 Domino,
956 2777 1025 2818 cum
1047 2757 1131 2816 dixit:

219 2839 264 2900 ‘l’u
288 2858 321 2899 es
343 2839 489 2915 Christus,
511 2840 604 2901 Filius
628 2841 687 2900 Dei
710 2842 785 2919 vivi,
809 2843 881 2921 quia
903 2860 995 2920 snper
1017 2840 1071 2900 illo
1091 2858 1131 2898 ar

196 2918 313 2985 *acum
332 2920 404 2982 fldei
424 2920 551 2982 fundata
572 2931 619 2983 est
640 2923 786 3003 ecclesia,
815 2943 890 3005 ergo
912 2941 1005 3003 super
1026 2923 1131 3001 seipso

218 3003 357 3065 mndavit
377 3001 515 3065 Christus
538 3005 709 3067 ecclesiam.

223 3100 252 3129 ·³
289 3084 383 3154 ‚Nihil
407 3093 454 3146 est
475 3104 566 3166 ergo,
595 3088 678 3166 quod
707 3089 857 3169 gloriatur
878 3089 1021 3169 egregius
1043 3087 1078 3147 D.
1099 3086 1131 3146 D.

220 3162 301 3231 dicta
323 3169 444 3229 Patrum
468 3188 487 3229 a
508 3188 541 3229 se
563 3173 660 3247 stare,
685 3190 754 3231 cum
776 3171 872 3232 multo
894 3171 1003 3232 fortius
1023 3169 1132 3229 inveni·

174 3305 177 3309 .
216 3258 306 3311 entur
327 3271 409 3312 ame
431 3258 521 3314 stare.
537 3253 660 3313 Poterat
681 3273 714 3313 er
736 3273 898 3333 oparcere
921 3253 1132 3334 linguaesuae

218 3343 248 3394 et
270 3332 393 3395 auribus
415 3335 537 3412 nostris,
560 3335 684 3413 quando
705 3274 859 3396 rdetorico
881 3336 975 3397 boatu
988 3334 1132 3396 exclama·

179 3467 181 3471 ,
217 3419 280 3476 vit:
302 3418 351 3478 Me
374 3416 455 3477 velle
476 3436 568 3478 unum
592 3437 661 3478 esse
684 3418 854 3480 doctiorem
879 3417 1041 3493 omnibus,
1070 3418 1132 3498 plus

217 3499 297 3581 velle
316 3498 488 3579 intelligere
510 3501 699 3580 scripturam,
721 3521 812 3581 quam
827 3503 988 3579 Doctores,
1013 3499 1132 3562 Unive-

216 3583 332 3660 sitates,
346 3580 485 3643 concilis
506 3589 538 3644 et
551 3583 639 3644 Rom.
651 3583 842 3663 Pontificem,
865 3591 896 3645 et
916 3585 1036 3644 mirum
1047 3588 1132 3662 esset

576 3740 638 3748 ---

271 3840 303 3907 1)
322 3839 354 3893 ln
374 3838 416 3896 ed.
436 3840 525 3911 orIg.:
546 3856 651 3893 senon
669 3841 799 3893 tenuisse.
855 3900 858 3905 ,
