2709 4417
245 354 333 450 ,lm
456 359 612 428 Disputatio
630 361 738 429 lipsiae
755 363 851 417 habits
869 378 894 417 ι
912 362 976 418 m

268 548 357 622 cessi,
380 546 462 625 quod
485 548 692 628 apostolatum
714 570 734 610 a
753 549 821 611 Deo
843 552 1007 632 acceperit,
1029 552 1155 618 abundas

268 631 327 688 tius
349 649 418 688 eum
440 629 598 690 laborasse
618 631 702 710 aliis,
723 633 829 693 fateor.

351 712 411 772 sed
434 712 473 772 ad
496 715 616 773 tertium
638 717 819 796 veniamus,
840 716 1065 796 quadridetur
1083 740 1107 780 m
1140 723 1145 736 “

268 797 370 856 facere
391 795 429 854 ad
452 799 642 876 propositum
666 801 745 858 inter
765 799 826 859 alia
846 819 903 879 per
917 740 1157 865 reverendumnl:
1170 839 1191 881 ·,

268 887 345 938 trem
366 878 519 938 adducta:
541 879 601 954 Qui
623 890 810 962 cooperatus
831 889 880 943 est
901 883 1002 960 Petro,
1023 882 1061 943 ad
1077 883 1155 948 Galat.

268 965 297 1025 2.
320 961 359 1022 Et
370 962 452 1039 dico,
474 962 599 1022 Paulum
614 983 674 1023 nou
687 965 901 1045 promulgasse
916 965 958 1025 ibi
973 967 1019 1025 ius
1038 966 1161 1047 divinum,
1186 972 1191 1037 ξ

269 1044 322 1105 scd
346 1064 486 1105 narrasse
507 1045 631 1121 factum,
654 1049 798 1125 quoniam
822 1055 853 1108 et
874 1048 980 1108 Petrus
994 1047 1029 1127 *)
1053 1051 1081 1108 in
1092 1050 1161 1112 Acis.
1188 1066 1191 1085 ³

269 1127 409 1209 Apostol.
433 1128 608 1188 Cornelium
636 1131 782 1209 gentilem
805 1130 904 1190 iussus
939 1138 986 1191 est
1005 1133 1036 1190 in
1057 1131 1112 1192 fide
1128 1135 1158 1193 iu·

268 1220 395 1287 struere,
417 1218 449 1271 et
469 1211 611 1290 gentibus
632 1214 662 1270 in
686 1212 870 1292 Antiochia,
894 1213 945 1274 ubi
967 1214 1121 1292 praesedit,
1137 1225 1158 1276 ct

269 1293 408 1353 similiter
428 1293 567 1369 Romae,
601 1294 652 1353 ubi
685 1295 808 1355 tandem
841 1298 987 1376 martyrio
1022 1295 1159 1360 aNeronc

268 1377 375 1457 gentili
397 1386 563 1435 coronatus
586 1386 653 1455 est,
687 1380 818 1458 praefuit
838 1390 869 1438 et
891 1379 997 1440 docuit
1019 1378 1070 1458 ¹),
1091 1374 1159 1440 simul

268 1479 337 1519 cum
359 1458 486 1519 ludaeis
518 1459 557 1518 ad
591 1459 682 1520 fidem
707 1463 863 1521 conversis
894 1470 925 1522 et
957 1463 1158 1527 convertendis.

267 1540 357 1602 Unde
379 1542 460 1601 clare
483 1541 599 1621 liquet,
634 1543 759 1602 Paulum
794 1545 904 1604 factum
937 1553 1010 1604 tunc
1031 1565 1158 1608 narrasse.

268 1625 431 1684 Praetereo
453 1625 535 1703 quod
558 1624 588 1686 S.
612 1624 723 1685 Paulus
745 1646 806 1686 non
831 1629 969 1687 meminit
991 1626 1079 1687 officii
1099 1630 1158 1708 regi-

268 1709 357 1767 minis
379 1707 430 1766 vel
451 1709 598 1786 primatus
620 1708 865 1787 praesidentiae,
898 1710 953 1769 sed
977 1711 1169 1771 exsecutionis·

267 1790 480 1870 apostolatus,
502 1791 668 1850 secundum
692 1811 781 1870 quem
804 1793 938 1871 apostoli
961 1793 1093 1852 diversas
1112 1811 1159 1852 sor·

267 1873 421 1933 tiebantur
441 1874 632 1953 provincias,
654 1876 684 1932 in
708 1893 768 1952 quo
791 1882 822 1933 et
841 1875 948 1935 Petrus
970 1875 1038 1935 aliis
1059 1885 1159 1955 aposto

266 1956 302 2016 lis
324 1954 461 2034 aequalis
483 1955 537 2014 fuit
560 1957 726 2016 secundum
747 1957 928 2017 Anacletum
947 1975 1015 2018 can.
1036 1960 1067 2016 in
1087 1975 1159 2034 novo,

264 2038 432 2098 secundum
454 2038 674 2119 Hieronymum
698 2047 806 2100 contra
825 2040 1040 2117 Joviuianum,
1071 2045 1099 2099 et
1125 2059 1159 2098 su-

266 2140 321 2201 per
342 2119 484 2201 Epistola
504 2121 543 2180 ad
565 2121 693 2181 Galatas
725 2123 891 2182 secundum
915 2123 1115 2203 Cyprianum,
1136 2123 1157 2180 in

265 2204 406 2284 Epistola
427 2206 456 2265 9.
479 2202 518 2263 ad
541 2203 714 2264 Cornelium
737 2204 850 2284 Papam
872 2204 924 2265 lib.
947 2206 976 2266 4.
1000 2204 1067 2279 Qua
1086 2204 1119 2263 de
1134 2223 1158 2263 re

266 2306 354 2346 sacra
375 2286 531 2365 Scriptura
550 2286 751 2366 intelligenda
774 2295 821 2346 est
843 2307 911 2347 cum
934 2287 1054 2365 effectu,
1074 2294 1104 2346 ut
1121 2286 1158 2346 ad·

264 2378 430 2448 vertamus,
453 2369 577 2447 quando
600 2368 638 2428 de
650 2369 754 2429 officio
766 2370 957 2448 apostolatus
979 2370 1121 2448 loquatur,
1137 2378 1157 2428 et

257 2452 389 2530 quando
414 2451 452 2510 de
474 2453 625 2531 regimine
644 2455 806 2531 potestatis
829 2472 882 2512 seu
905 2452 1128 2532 praesidentiae,

270 2535 276 2544 '
345 2534 418 2594 Non
438 2534 544 2612 refert,
573 2533 655 2612 quod
684 2535 869 2594 reverendus
891 2535 981 2594 Pater
1009 2535 1104 2594 adhuc
1120 2552 1157 2593 nc·

263 2624 326 2696 gat,
350 2636 398 2676 me
421 2617 587 2676 adduxisse
607 2619 653 2675 ius
676 2616 810 2676 divinum
833 2636 888 2696 pro
903 2620 1043 2697 primatu,
1065 2626 1094 2676 et
1111 2635 1156 2676 non

152 2710 156 2715 “
264 2698 443 2759 dissolvisse
464 2701 643 2759 autoritates
666 2719 723 2779 per
744 2719 812 2759 eum
835 2700 985 2775 inductas,
1008 2699 1157 2778 quia'idcn

265 2782 398 2842 dicerem
421 2783 460 2842 de
484 2802 531 2842 eo.
555 2783 699 2842 Attamen
722 2782 822 2842 nullus
858 2802 897 2842 ex
919 2782 947 2843 Β.
973 2782 1102 2843 Patribus
1126 2782 1157 2840 ita

263 2865 415 2925 intellexit
437 2867 615 2925 autoritates
629 2885 686 2945 per
696 2865 896 2926 reverendum
905 2865 1026 2924 Patrem
1039 2865 1158 2925 inductas

263 2947 301 3007 ad
315 2949 512 3028 negationem
525 2949 672 3026 primatus
684 2949 764 3008 Petri
773 2947 961 3028 superalios,
974 2948 1117 3027 sicutipse
1126 2948 1158 3005 in·

263 3030 359 3091 duxit.
393 3031 508 3090 Contra
538 3049 612 3091 vero
642 3031 829 3111 plurifariam
866 3031 964 3090 sancti
998 3031 1097 3090 Patres
1124 3030 1156 3086 in·

163 3107 168 3119 “
262 3114 449 3174 tellexerunt
485 3115 665 3174 autoritates
702 3134 758 3194 per
790 3133 840 3173 me
864 3113 1014 3191 ,inductas
1036 3114 1112 3191 loqui
1130 3109 1159 3168 de

262 3197 394 3276 primatu
416 3197 505 3255 Petri.
541 3195 629 3256 Unde
652 3197 734 3256 circa
761 3195 845 3256 illam
868 3196 1111 3273 conclusionem,
1141 3193 1159 3248 si

262 3278 431 3358 aliquando
453 3277 485 3354 ²)
510 3278 649 3339 acerbius
682 3287 712 3350 et
747 3279 849 3339 durius
874 3279 1159 3358 quidqua-mxlocutus

260 3381 327 3421 sum
351 3360 458 3422 contra
479 3361 678 3421 reverendum
705 3362 834 3439 Patrem,
857 3361 970 3420 nollem
993 3356 1159 3423 arbitremini

263 3445 292 3503 in
318 3442 481 3524 personam
506 3463 590 3502 suam
614 3445 749 3523 dictum,
787 3443 842 3504 sed
865 3463 958 3503 causa
980 3445 1067 3523 ipsa,
1096 3457 1160 3527 quas

197 3667 210 3677 '
301 3665 329 3726 l)
351 3665 400 3717 llic
419 3668 445 3716 ln
466 3668 592 3736 margine
611 3667 653 3718 cd.
674 3670 776 3736 origin.
797 3672 832 3719 et.
845 3666 905 3718 Jen.
926 3665 1092 3733 adscriptum
1108 3656 1162 3727 legi·

251 3744 321 3790 tur:
338 3737 402 3792 Non
424 3744 468 3794 est
488 3756 597 3806 verum,
617 3739 843 3792 dixitlntlicrus.
853 3736 891 3802 ‘ll
907 3735 947 3786 ln
964 3735 1007 3785 ed.
1022 3737 1086 3785 ten.
1096 3730 1170 3781 aaron

239 3808 347 3865 desunt
365 3812 434 3869 inde
457 3815 492 3869 ab
525 3815 775 3869 autoritate
789 3825 804 3861 s
819 3821 914 3872 usone
932 3802 972 3853 an
987 3795 1188 3865 antonianos·

271 3882 304 3953 ¹)
322 3884 385 3942 Act
402 3889 452 3946 10.
