2709 4417
138 420 143 427 ,
233 343 298 412 220
570 349 666 400 Sermo
688 348 797 399 Lutheri

235 534 369 677 possint,
397 540 428 593 et
461 551 637 613 germanam
660 532 844 592 sententiam
881 532 1057 611 explicatius
1084 541 1124 593 tra·

257 636 315 676 am.
533 634 541 643 ·

369 780 577 841 Enarratio
609 801 746 860 evang.
772 780 905 842 Matth.
928 778 1015 839 xiil.

492 915 525 976 In
548 916 628 976 resa
650 914 732 977 Pari
754 922 785 975 a
806 896 903 977 Pauli.

317 1033 386 1094 Hoc
422 1034 618 1113 evangelium
651 1035 825 1093 universam
863 1033 1021 1092 materiam
1056 1033 1125 1090 totius

235 1117 457 1197 Disputationis
479 1117 528 1176 hic
550 1117 684 1196 agitatae
706 1118 858 1193 continet,
881 1135 953 1174 nam
977 1115 1014 1174 de
1035 1113 1125 1174 duabu

236 1199 326 1261 rebus
348 1200 539 1279 potissimum
563 1200 716 1278 loquitur,
738 1201 837 1279 primo
861 1197 901 1258 de
923 1199 1023 1279 gratia
1042 1198 1090 1256 Dei
1106 1205 1125 1257 el

234 1283 332 1343 libera
353 1282 511 1343 voluntate
533 1289 661 1358 nostra,
680 1282 816 1342 secundo
839 1282 878 1341 de
899 1287 1052 1361 potestate
1069 1281 1125 1340 Petri

237 1372 268 1426 et
302 1365 441 1425 clavium.
484 1365 572 1425 Prior
603 1366 722 1425 invadit
754 1384 901 1445 magnos,
936 1365 1083 1442 sapientes
1107 1376 1125 1423 el

236 1454 376 1526 sanctos,
405 1467 481 1527 quos
504 1449 630 1509 omnino
652 1450 684 1509 in
705 1449 832 1509 nihilum
854 1447 996 1526 redigere
1017 1454 1125 1517 conatur

236 1551 304 1590 cum
328 1533 386 1611 ipsi
408 1533 545 1611 persuasi
568 1533 644 1612 sint,
678 1551 712 1591 se
744 1551 799 1590 sua
820 1530 975 1610 sapientia
1003 1536 1035 1589 et
1054 1531 1125 1608 operi·

236 1613 292 1674 bus
315 1615 419 1674 omnia
440 1633 533 1694 posse
566 1613 696 1676 efficere.
741 1615 833 1692 Atqui
857 1615 1007 1673 Dominus
1029 1612 1075 1670 bic
1092 1611 1125 1670 dc

183 1699 186 1703 ’
236 1706 286 1757 cet
306 1697 498 1757 haecomnia
519 1696 592 1756 nihil
616 1716 695 1770 esse,
720 1695 864 1775 quddq‘uid
888 1715 961 1756 caro
982 1701 1012 1755 et
1030 1696 1125 1774 sangnis

236 1787 284 1839 est
306 1789 337 1840 et
358 1786 477 1859 potest:
501 1779 649 1858 siquidem
672 1779 825 1840 Christum
849 1797 1039 1859 cognoscere
1059 1797 1125 1837 nent

235 1869 348 1941 potest,
370 1863 466 1923 multo
480 1864 579 1921 minus
592 1864 689 1940 sequi,
712 1864 812 1922 carnis
835 1869 865 1921 et
878 1855 1035 1942 sanguinis
1049 1861 1125 1919 ductu.

236 1945 290 2006 sed
313 1952 354 2027 uh
368 1946 466 2021 Pater,
489 1945 591 2024 quiin
613 1946 710 2005 coelis
733 1954 796 2020 est,
817 1945 944 2022 revelet,
968 1951 1091 2023 oportet
1107 1943 1125 2001 it

236 2028 318 2106 quod
340 2029 390 2088 hic
412 2027 484 2088 divo
506 2028 597 2088 Petro
620 2027 740 2088 accidit.
783 2028 851 2087 Hoc
873 2030 973 2106 ipsum
998 2028 1082 2086 etiarn
1099 2026 1125 2084 in·

235 2112 310 2190 nuit,
333 2111 415 2189 quod
437 2112 569 2190 quaerit:
593 2109 673 2185 Quid
697 2111 840 2172 homines
862 2111 901 2169 de
923 2130 958 2169 ae.
980 2111 1123 2188 loquantur

235 2212 294 2254 nec
326 2193 442 2273 aliquid
471 2202 572 2253 certae
607 2199 637 2254 et
672 2192 778 2254 firmae
814 2195 1026 2273 responsionis
1055 2193 1124 2250 datur

161 2313 168 2327 ·
236 2296 342 2337 verum
364 2278 468 2337 variae
490 2283 521 2336 et
541 2277 722 2336 vacillantes
736 2278 899 2356 opiniones
921 2276 1006 2356 v'ulgi
1029 2293 1122 2353 parcen

237 2367 350 2420 sentnr.
395 2358 463 2434 Quo
486 2359 608 2437 quidem
638 2361 706 2439 ipso
731 2359 902 2419 ostenditur
924 2361 1001 2418 citra
1023 2359 1125 2438 gratian

236 2443 293 2502 Dei
315 2443 374 2502 hac
395 2450 427 2502 et
447 2442 519 2502 illac
541 2442 698 2519 declinari,
721 2449 752 2501 et
773 2444 906 2502 incertas
929 2443 1088 2521 opiniones
1105 2439 1125 2497 dr

236 2524 357 2586 Christo
379 2524 465 2605 fingi,
488 2524 692 2585 doneePater
712 2525 840 2603 revelet,
863 2533 926 2584 tum
943 2524 1066 2585 demum
1078 2541 1125 2601 cog

237 2608 339 2667 noscit
360 2608 464 2684 horno,
488 2608 558 2687 quid
583 2608 720 2667 Christus
743 2609 791 2667 sit.

318 2690 367 2749 Ex
396 2690 457 2750 hoc
488 2692 640 2769 sequitur,
676 2690 802 2750 liberum
832 2689 987 2749 arbitrium
1011 2689 1125 2748 hominis

237 2772 404 2851 quamlibet
426 2773 566 2833 laudibus
588 2774 731 2849 vehatur,
765 2794 804 2832 ex
826 2791 860 2832 se
880 2774 950 2850 ipso
973 2773 1048 2831 nihil
1069 2790 1125 2850 pror

236 2874 418 2935 susposse,
440 2857 549 2917 necin
572 2874 628 2916 sua
651 2875 721 2916 esse
742 2861 897 2936 potestate
926 2855 1009 2915 hona
1041 2873 1125 2934 cogn(

236 2957 322 2999 scere
344 2947 397 2999 aut
418 2940 537 3019 lacere,
562 2938 625 2998 sed
648 2939 677 2999 id
702 2958 771 3019 esse
800 2946 917 2998 tanturn
947 2939 1066 3020 gratiae
1085 2938 1126 2996 De

238 3040 316 3100 quae
335 3023 435 3101 ipsum
458 3023 585 3083 liberum
608 3021 723 3101 reddit,
746 3041 807 3101 qua
828 3020 1006 3081 destitutum
1029 3023 1060 3080 in
1083 3039 1125 3099 per

238 3106 313 3165 catis
336 3111 367 3164 et
388 3105 540 3167 erroribus
559 3106 713 3184 captivum
735 3106 824 3182 iacet,
847 3110 879 3163 et
899 3123 955 3183 per
976 3124 1010 3163 se
1033 3103 1125 3163 libera

236 3189 350 3267 nequit.
395 3187 479 3248 Sicut
506 3195 537 3248 et
558 3188 696 3248 Christus
724 3187 891 3249 totana:
927 3187 1050 3246 Veritas
1082 3185 1125 3245 lib·

237 3269 316 3332 rabit
348 3290 422 3350 vos,
461 3278 491 3331 et
528 3271 621 3349 paulo
656 3277 745 3349 post:
780 3271 838 3345 Qui
875 3270 947 3329 facit
983 3276 1125 3349 peccatur

237 3373 343 3414 servus
373 3361 419 3414 est
440 3355 570 3434 peccat'.
614 3352 726 3414 Servus
759 3361 861 3413 autem
892 3372 956 3413 non
987 3359 1093 3411 manet
1121 3354 1125 3410 i

238 3435 331 3510 dqmo
353 3438 385 3496 in
407 3444 586 3515 aeternum,
620 3435 700 3495 filius
723 3444 833 3496 manet.
856 3437 888 3494 in
910 3443 1080 3497 aeternum.
1122 3440 1125 3493 l

239 3537 312 3599 ergo
335 3538 391 3580 vos
413 3521 506 3580 Filius
528 3519 641 3579 liberos
663 3518 843 3593 reddiderit,
866 3538 939 3578 vere
961 3517 1049 3577 liberi
1073 3518 1125 3577 esti

239 3603 282 3661 lta
304 3609 336 3661 et
356 3602 443 3663 divus
465 3602 577 3663 Paulus
590 3603 680 3665 Rom.
694 3605 722 3665 3.
745 3604 804 3661 ait:
827 3602 896 3660 Non
921 3608 968 3677 est
988 3600 1123 3660 distincti

238 3704 346 3746 omnes
381 3687 461 3746 enim
498 3691 730 3767 peccaverunt,
763 3703 803 3743 ae
822 3685 1026 3742 destituuntur
1058 3684 1125 3760 glor

223 3770 296 3836 Dei.
320 3770 365 3833 Et
388 3772 486 3854 paulo
511 3789 610 3852 supra
632 3788 674 3830 ex
690 3766 782 3827 real.
802 3767 845 3824 tt
865 3766 967 3822 abab·
985 3761 1125 3848 ᾃκςὶκκὲ

216 3863 270 3920 est
289 3860 416 3940 iustus,
442 3879 485 3922 ne
509 3875 596 3918 unus
622 3850 774 3934 quidem,
792 3862 863 3902 uhu
886 3846 937 3896 est
956 3855 1014 3910 hm
1028 3833 1125 3890 mxl
