2709 4417
266 345 329 413 184
494 347 650 417 Disputatio
670 350 778 417 Lipsiae
795 350 891 403 habita
908 367 933 404 a
951 348 1015 402 xlx

268 537 317 599 de·
329 536 430 598 cordis
452 518 650 616 compunct,
672 543 704 598 et
727 537 862 599 Humilia
881 538 932 604 80.
952 537 994 598 de
1017 539 1168 618 poenitet

203 662 207 669 -
268 620 417 683 Sermone
434 622 484 684 29.

350 702 441 763 Addo
464 703 554 763 etiam
576 701 729 763 Isidorum
750 702 828 763 libro
850 706 880 766 2.
911 702 950 764 de
971 722 1091 763 summo
1112 704 1169 765 bon.

267 806 313 848 ca.
329 789 375 850 12.
399 786 602 865 Compunctio
625 784 728 846 cordis
749 793 796 846 est
817 786 972 847 humilitas
986 787 1096 846 mentis
1116 807 1169 848 cum

267 870 409 939 lacrimis,
432 869 574 930 exoriens
597 867 637 930 de
652 868 867 930 recordatione
881 870 1004 950 peccati
1026 878 1058 941 et
1077 870 1171 930 timore

266 952 378 1014 iudicii.
400 952 442 1012 Et
463 957 528 1013 toto
551 951 628 1012 libro
652 952 691 1012 de
715 953 899 1013 contritione
922 951 1040 1027 cordis,
1069 961 1099 1012 et
1117 974 1170 1033 spe·

268 1036 337 1096 culo
365 1042 561 1115 peccatorum
585 1035 775 1114 Augustinus
804 1036 879 1095 nihil
905 1035 990 1095 aliud
1012 1036 1092 1114 agit,
1121 1038 1171 1097 imo

267 1118 405 1180 hortatur
426 1125 621 1198 peccatorem
645 1118 801 1178 volentem
825 1120 1005 1198 poenitere,
1044 1125 1077 1178 ut
1101 1138 1169 1179 reco-

266 1203 343 1281 gitet
365 1208 426 1261 tres
448 1200 588 1280 abyssos,
610 1201 728 1271 scilicet
741 1212 936 1280 peccatorum
958 1220 1093 1282 suorum,
1113 1222 1169 1280 poe-

267 1303 389 1360 narum,
422 1289 454 1344 et
471 1283 653 1343 iudiciorum
674 1284 739 1344 Dei.
770 1283 821 1344 Sic
842 1285 876 1347 B.
898 1284 1074 1344 Bernardus
1096 1304 1170 1363 super

266 1366 401 1429 Cantiois
430 1386 488 1426 ser.
512 1369 549 1430 16
576 1373 608 1426 ιι
637 1367 705 1426 aliis
733 1367 868 1446 pluribus
891 1367 982 1445 lotis,
1017 1366 1168 1446 Gregorius

265 1451 296 1510 in
320 1449 485 1510 moralibus
508 1448 558 1509 lib.
571 1452 600 1512 2.
624 1458 656 1510 et
669 1453 699 1524 5,
722 1457 752 1509 ιι
772 1452 845 1510 item
869 1469 961 1530 super
982 1469 1029 1510 ca.
1051 1453 1098 1513 29.
1111 1450 1169 1527 lob,

265 1531 343 1593 libro
367 1551 489 1610 quoque
511 1535 540 1595 2.
564 1551 654 1611 super
675 1531 809 1608 Enoch,
840 1532 890 1593 ubi
912 1533 1050 1592 Homilia
1073 1535 1116 1596 19.
1135 1534 1168 1592 iu·

268 1616 347 1693 quit:
380 1614 531 1694 Scriptum
554 1623 620 1675 est:
652 1615 773 1675 Initium
802 1617 973 1695 sapientiae
1006 1617 1097 1676 timor
1121 1616 1168 1675 Do·

267 1699 349 1757 mini.
373 1698 503 1759 Constat
524 1698 632 1776 procul
654 1697 763 1774 dubio,
792 1700 863 1776 quia
890 1718 911 1757 a
933 1700 1045 1758 timore
1065 1698 1102 1758 ad
1121 1698 1167 1758 Do

267 1781 383 1840 minum
406 1779 592 1854 ascenditur,
615 1799 679 1839 non
701 1788 802 1841 autem
825 1801 845 1841 a
865 1783 1017 1860 sapientia
1039 1780 1078 1841 ad
1099 1782 1188 1849 tino„

266 1883 331 1924 rem
354 1862 478 1923 reditur.
521 1862 675 1943 Propheta
698 1882 771 1943 ergo
794 1863 833 1923 de
855 1863 1044 1925 coelestibus
1065 1863 1101 1928 ad
1121 1865 1169 1923 ima

267 1946 464 2025 loquebatur,
493 1947 596 2024 coepit
617 1946 714 2024 magis
736 1966 755 2005 a
776 1948 896 2025 sapient
884 1947 942 2021 tia
974 1953 1006 2007 ιι
994 1946 1169 2007 tdcscendit

266 2027 305 2088 ad
327 2030 478 2090 timorem
524 2027 584 2088 Sed
607 2047 681 2104 nos,
711 2031 763 2106 qui
786 2049 805 2089 a
826 2031 962 2089 terrenis
977 2029 1016 2089 ad
1039 2029 1169 2090 coelestia

267 2111 438 2185 tendimus,
468 2110 592 2171 eosdem
622 2110 735 2252 gradus
758 2111 956 2172 ascendendo
979 2132 1169 2184 numeramus

267 2201 300 2254 ut
320 2214 339 2254 a
360 2196 469 2256 timore
484 2192 523 2253 ad
536 2193 643 2273 sapien
646 2195 719 2253 tiam
734 2197 895 2273 pervenire
910 2194 1078 2254 valeamus.
1098 2157 1169 2254 Ideni

266 2276 316 2337 lib
341 2280 368 2339 1
390 2295 482 2356 super
502 2275 614 2337 Enoch.
637 2276 733 2353 dixit,
758 2276 833 2337 duas
855 2297 924 2338 esse
945 2297 1082 2356 pennas,
1103 2277 1168 2336 scili·

265 2366 316 2420 cet
336 2361 529 2420 timoremet
550 2322 791 2438 poenitentidm,
823 2380 902 2438 quae
925 2367 1031 2439 tegere
1055 2378 1170 2439 corpora

249 2441 422 2521 dicuntur,
443 2441 474 2501 id
496 2448 717 2521 esu-peccata.

346 2524 395 2583 Ex
416 2523 523 2602 quibus
555 2522 717 2603 omnibus,
755 2523 857 2601 quoad
886 2543 976 2584 uuam
1005 2525 1170 2605 particulam

266 2606 453 2685 detincre,
485 2606 557 2666 volo
590 2606 704 2666 habere
730 2607 924 2684 conclusum,
959 2607 1039 2668 bene
1069 2607 1171 2687 praedi·

265 2709 352 2753 casse
364 2698 490 2749 nostrae
512 2691 702 2768 tempestatis
722 2696 752 2749 et
770 2691 934 2769 superioris
945 2689 1172 2769 praedicatores,

266 2772 347 2851 quod
371 2773 561 2852 poenitentia
584 2791 602 2830 a
623 2773 734 2832 timore
755 2773 896 2852 incipiat:
928 2780 959 2847 ιι
980 2773 1064 2851 quod
1086 2775 1171 2832 nitun-

266 2862 314 2915 tur
336 2854 528 2915 sermonibus
550 2857 613 2913 suis
644 2855 674 2912 in
696 2855 812 2934 populo
834 2856 975 2915 timorem
998 2854 1029 2936 l)
1053 2856 1110 2916 Dei
1132 2875 1173 2915 se·

265 2939 395 3014 minare,
418 2943 451 2996 ut
472 2938 516 2997 sic
537 2957 641 2997 semen
660 2936 775 2998 diaboli
787 2940 981 3016 exstirpetur,
1002 2940 1091 2998 iuxta
1110 2936 1173 2997 illud

264 3020 405 3100 Origenis
424 3019 476 3080 lib.
498 3021 524 3083 3.
548 3039 639 3099 super
651 3020 729 3081 doh:
756 3022 860 3081 Bonus
882 3029 930 3081 est
951 3022 1043 3081 timor
1065 3040 1173 3101 poenae

220 3161 229 3182 x
266 3111 297 3162 et
317 3103 520 3180 iudiciorum,
551 3121 640 3181 quem
669 3104 727 3164 nisi
760 3103 892 3164 daemon
923 3104 1094 3183 expulerit,
1122 3123 1173 3164 non

264 3187 377 3264 poterit
398 3186 550 3246 seminare
571 3206 676 3246 semen
692 3193 898 3266 peccatorum.
920 3186 969 3246 Ex
981 3206 1053 3283 'quo
1074 3186 1172 3247 deinde

265 3269 487 3329 consectarium
518 3277 592 3410 est
626 3271 848 3411 poenitentiam
881 3289 944 3364 uon
979 3271 1116 3349 incipere
1142 3268 1171 3328 ab

265 3443 328 3508 ιιι
349 3434 448 3494 fateor
471 3453 538 3493 eam
562 3453 631 3494 esse
652 3433 940 3495 laudabiliorem
907 3443 940 3495 e
961 3435 1171 3514 perfectiorem

266 3535 357 3594 quam
381 3515 462 3594 quod
486 3536 505 3575 a
527 3518 635 3577 timore
656 3536 778 3612 poenae
799 3518 956 3612 inciperet
1010 3519 1054 3578 At
1073 3516 1170 3598 fragili-

266 3608 312 3658 tas
341 3607 446 3659 nostra
474 3597 503 3657 id
526 3619 587 3660 non
618 3601 695 3679 patit
696 3621 744 3677 ur,
776 3601 824 3660 cui
851 3601 1001 3660 Dominus
1029 3601 1118 3661 lesus
1146 3604 1170 3658 et

207 3866 209 3870 ’
278 3834 315 3904 1)
335 3835 369 3892 ln
391 3836 436 3893 cd.
458 3838 526 3896 Jeu.
546 3842 579 3894 et
598 3833 678 3907 apud
694 3827 838 3921 lamuhe-
860 3829 977 3880 umora

843 4077 853 4107 h
