2709 4417
483 362 504 399 a
517 346 641 401 Baturiis
659 353 783 416 exaspta
1058 341 1101 411 59

199 533 278 592 usinr
300 529 497 608 confit-matu,
517 550 592 612 arga
604 531 1001 612 Petrusmaiorapsstolus,
1022 532 1101 595 torte

199 613 263 694 aad
281 614 499 677 exdristotcle
519 621 606 695 putet
622 634 718 696 agens
735 635 792 677 suc
811 634 903 696 passu
925 635 995 678 esse
1010 635 1105 696 prae-

199 699 323 759 tantius.
355 697 416 759 sed
449 697 614 779 argutabar
635 704 667 760 et
690 706 749 779 egd
772 699 865 778 plana
885 698 1099 761 Aristotelice:

199 780 436 843 'cnfirmansest
455 780 535 843 bene
557 782 655 843 maior
673 801 783 862 perse,
805 780 859 842 sed
882 801 937 861 per
957 781 1101 843 accidens

199 884 263 925 aas
284 865 395 934 miser,
417 865 477 925 uisi
497 864 635 926 fortassis
656 863 922 927 confirmationem
943 865 993 925 hic
1014 865 1100 927 intel-

199 948 259 1028 lgat
279 953 503 1009 sacramentum
538 946 794 1023 confirmationis,
827 948 912 1026 quod
939 967 1001 1011 nun
1034 967 1100 1011 cre·

199 1030 236 1108 ¹⁰5
255 1031 397 1108 alioquin.
414 1046 477 1091 nan
498 1049 600 1091 rurum
619 1037 668 1091 est
689 1031 877 1110 superiorem
899 1050 954 1110 par
980 1030 1101 1093 inferia·

199 1132 249 1175 uu
269 1112 435 1191 adhortari,
456 1113 627 1193 consulari,
649 1112 832 1193 confirmari,
853 1113 914 1176 hoc
935 1113 975 1175 ad
996 1113 1099 1177 contu·

199 1198 315 1257 stiones
337 1196 412 1257 eius.
981 1236 983 1241 -

517 1360 566 1432 Ad
587 1332 766 1445 principale.

269 1526 316 1587 Ad
336 1526 508 1609 principale
530 1527 692 1605 accedens,
715 1528 867 1609 probavit,
887 1526 1015 1589 Petrum'
1031 1547 1100 1589 asse

203 1609 388 1673 nauarchum
410 1609 618 1689 medisina,
651 1618 682 1673 et
702 1611 763 1673 hnc
785 1631 824 1673 ex
846 1610 1008 1673 autoritate
1031 1610 1102 1675 Ber·

200 1690 269 1755 nardi
291 1694 430 1775 superius
451 1692 585 1773 inducta,
593 1693 715 1775 Cypria.
727 1694 810 1763 Hier.
822 1693 949 1757 Ammo.
972 1694 1101 1775 Chrysa.

202 1775 356 1856 Augustini,
379 1776 491 1839 deiude
503 1779 637 1845 omnium
650 1776 832 1841 Sanctorum
848 1796 1011 1856 consensu,
1028 1778 1100 1839 item
1178 1785 1182 1793 '

202 1859 285 1919 multis
308 1858 441 1921 decretis
476 1865 507 1921 et
535 1858 738 1922 decretalibus
766 1861 954 1921 diversorum
978 1856 1102 1921 Pontifi-

203 1960 266 2001 cum.
292 1940 501 2023 Respondes:
522 1940 559 2003 D.
582 1942 618 2003 D.
647 1942 759 2004 Eeaius
781 1942 879 2004 voluit
904 1944 969 2003 iure
996 1942 1100 2003 dirius

201 2023 330 2106 probare,
368 2031 400 2085 et
420 2042 495 2085 mox
529 2026 576 2086 sui
597 2025 711 2107 oblitus
731 2025 838 2088 incidit
869 2027 902 2085 iu
924 2026 1102 2087 autoritates

202 2100 316 2184 Patruus,
340 2124 417 2187 quas
439 2127 495 2190 pro
517 2111 635 2170 maiore
657 2114 745 2206 parte
766 2108 825 2169 ianr
841 2106 1047 2186 maamdmus,
1071 2116 1102 2168 et

203 2188 315 2251 vidimus
339 2208 395 2252 eos
415 2193 447 2255 in
462 2188 589 2252 diversis
609 2191 687 2253 lons
710 2191 830 2252 diversa
847 2190 1012 2271 aliquando
1035 2209 1102 2251 sen-

202 2272 289 2417 sisseb
313 2278 352 2416 εὖ
375 2268 595 2362 multoplures
628 2280 659 2336 et
685 2274 807 2355 saepius
829 2293 885 2359 pro
910 2270 977 2354 me',
1009 2272 1099 2357 quam

203 2374 242 2436 pru
292 2402 299 2416 .
354 2401 362 2417 .

266 2434 412 2501 Secundo
435 2439 592 2500 videamus
615 2446 719 2501 tamen
741 2459 797 2520 per
818 2439 966 2502 ordinem.
1032 2448 1034 2455 '

265 2518 368 2582 Prima
378 2520 527 2582 Bernardi
539 2524 677 2603 superius
698 2522 771 2583 satis
786 2531 832 2583 est
844 2520 1003 2599 dissoluta,
1017 2520 1101 2601 quod

205 2602 329 2665 videlicet
351 2624 413 2665 nnn
434 2605 567 2687 probat,
602 2605 657 2667 sed
679 2604 789 2666 suadet
810 2604 1039 2681 tautummodo,¹
1062 2616 1100 2666 ed

204 2684 266 2766 quod
288 2688 404 2748 nitatur
425 2688 456 2747 in
478 2688 579 2751 alieno
601 2708 694 2749 sensu
711 2686 895 2768 Scripturas,
918 2697 951 2749 ut
971 2691 1102 2769 ipsemet

202 2767 398 2847 ll.“rnncesslt
419 2770 546 2832 Ductor.
569 2770 714 2832 Similiter
735 2776 766 2831 et
787 2770 931 2853 Cypriani
953 2770 1100 2833 autoritas

201 2848 228 2915 dc
243 2850 471 2935 principalitate
492 2856 523 2915 et
545 2850 583 2915 de
605 2860 673 2915 crtu
688 2854 888 2916 sacerdotalis
909 2856 1033 2914 unitatis
1055 2872 1101 2914 sa·

202 2934 228 2996 tis
247 2937 313 2996 visa
336 2943 391 2997 est.

263 3019 369 3080 Tertio
406 3018 548 3099 probavit
569 3039 624 3099 per
643 3019 698 3079 illa
720 3018 831 3080 verba:
858 3018 904 3080 Tu
927 3037 960 3079 es
983 3018 1099 3097 Petrus,

199 3106 330 3182 utsuper
351 3102 433 3162 hanc
453 3109 656 3181 petramala,
679 3120 758 3180 quae
772 3102 962 3182 Augustinus
983 3102 1028 3161 sic
1049 3122 1100 3162 ex-

199 3186 339 3259 nauem:
361 3185 461 3264 Super
488 3185 569 3245 hanc
591 3192 724 3266 petram,
758 3185 788 3245 id
812 3192 874 3266 est,
896 3185 1038 3259 Petrum,
1070 3191 1101 3244 st

199 3282 263 3329 sanc
279 3286 344 3328 nnn
357 3271 579 3336 retractaverit.
603 3269 790 3349 Respondes
802 3285 810 3327 :
831 3267 912 3342 Quid
924 3267 963 3329 ad
976 3269 1046 3343 me?
1069 3266 1099 3327 Sl

199 3350 250 3415 rult
268 3364 409 3431 pugnare
424 3357 532 3412 conus
553 3370 612 3430 me,
634 3350 779 3413 conciliet
791 3353 858 3431 ipse
876 3353 1005 3433 primum
1021 3350 1101 3410 dicta

199 3435 346 3495 matraria.
383 3431 508 3496 Oerturn
536 3441 584 3494 est
617 3435 718 3510 enim,
746 3434 948 3513 augustinum
978 3434 1101 3513 saepius

199 3516 371 3659 ἔζεῗιπὶεξὲ
389 3523 506 3663 ρθῐηῶι
530 3517 694 3595 Christum,
715 3525 748 3579 st
770 3517 909 3661 tonantii:
930 3518 983 3576 vix
998 3515 1101 3659 fsasserrpel

276 3618 456 3680 m‚1sop
563 3619 859 3680 nmaquamcun
928 3619 977 3660 me
1048 3619 1080 3658 ι.

267 3681 386 3757 Quodsi
408 3683 499 3744 stiam
523 3620 716 3763 prumam
737 3690 769 3744 et
789 3700 899 3745 amnas
920 3682 1025 3743 latres
1048 3682 1102 3742 Pe·

199 3780 260 3817 rm
288 3764 511 3843 intellexeruut
533 3782 595 3842 per
626 3774 774 3849 petram,
803 3769 951 3833 resistam
982 3767 1030 3832 sis
1051 3785 1113 3850 agn

199 3848 246 3894 Ψ
264 3841 607 3926 *mahumetum
647 3851 681 3913 id
703 3861 785 3941 est„
812 3856 929 3923 divina
949 3857 1043 3938 iura5
1070 3852 1133 3937 'qux
