2709 4417
513 367 532 406 a
549 348 670 407 llotnriis
688 359 812 421 sxaepta
1102 345 1143 416 55

287 536 405 598 Deinde
428 535 515 618 quod
539 534 884 616 gloriaturreverendus
901 534 1000 616 Pater,
1022 556 1056 598 se
1078 538 1143 599 iure

226 622 326 684 divino
349 621 435 699 loqui
456 619 527 684 une.
553 622 608 697 ‘223
628 638 688 700 ego
712 619 875 680 obscurum
898 618 995 680 virum
1016 618 1141 681 afferam

223 703 728 781 RichardnmAmaruanum,etiam
737 701 1141 786 leonisautnritatefretum,

223 788 304 848 dieat
318 794 350 845 et
369 806 417 846 me
442 785 572 846 eundem
587 784 713 846 eredere
735 784 888 865 evangelii
909 787 1089 865 scripturam
1111 794 1143 847 st

219 874 267 933 ina
278 869 425 929 divinum.
448 869 490 929 At
505 867 690 929 reverendus
701 867 792 928 Pater
805 886 861 928 suo
874 869 965 928 nixus
972 867 1140 946 intelleotu,

220 971 270 1015 me
288 953 408 1031 respuit
428 953 624 1031 antiquorum
636 962 817 1029 sequentem
829 951 1072 1032 intelligentiam.
1093 951 1140 1011 ln·

222 1034 463 1097 dubitatum-est
483 1042 514 1094 et
536 1033 641 1094 Arium
660 1033 768 1114 (Pater
790 1034 887 1094 maior
909 1053 957 1094 me
979 1038 1043 1112 est)
1069 1034 1140 1095 hae-

222 1118 347 1181 rationm
370 1125 401 1177 et
423 1117 625 1177 Anathasium
646 1116 790 1177 habuisse
809 1117 1013 1197 evangelium,
1035 1136 1140 1178 verum

223 1200 311 1262 Arius
332 1218 473 1277 erronee,
489 1200 685 1276 Athanasius,
703 1198 740 1259 'ut
761 1199 890 1279 Spiritus
912 1208 1034 1260 sanetus
1056 1198 1140 1260 effla·

225 1283 346 1365 gitabat,
368 1283 531 1343 intellexit.
557 1283 604 1343 De
626 1282 746 1342 adiecta
771 1281 798 1359 ¹)
823 1281 1055 1343 confirmatione
1076 1301 1139 1343 uon

225 1366 321 1443 rulurt,
337 1384 407 1425 eum
424 1366 553 1444 quisque
576 1365 708 1444 prudens
728 1363 881 1446 intelligat
901 1385 985 1442 enm,
1016 1367 1067 1444 qui
1089 1384 1140 1426 au·

228 1451 344 1510 toritata
353 1450 522 1529 superioris
536 1448 592 1509 sibi
610 1466 760 1508 consessa
774 1447 852 1508 alios
863 1448 1032 1522 confirmat,
1054 1467 1138 1528 prae-

230 1543 303 1593 stare
327 1533 359 1592 in
387 1531 451 1593 hoo
477 1530 684 1593 confirmatos.
713 1531 760 1590 De
789 1550 844 1610 per
873 1549 907 1592 se
935 1537 966 1592 et
986 1549 1042 1611 per
1062 1533 1139 1591 aori-

234 1616 309 1690 dsns,
329 1617 438 1675 neseio
461 1632 522 1693 quo
543 1614 726 1694 pertineant
746 1612 816 1674 Hoe
837 1632 893 1693 pro
914 1615 1022 1694 primo.
1155 1684 1158 1695 Ι

306 1697 527 1777 Assumpturus
549 1695 734 1757 reverendus
749 1696 839 1756 Pater
859 1704 1041 1776 argumente
1063 1717 1142 1774 mea,

238 1788 332 1843 eontra
353 1777 555 1860 prinoipalem
576 1780 790 1855 intentionem,
811 1778 978 1860 exprobrat
996 1779 1068 1838 mihi
1088 1781 1139 1839 im·

238 1863 344 1927 nodiee
365 1863 535 1922 institutum
559 1880 659 1922 meum
682 1862 786 1937 fuisse,
807 1861 937 1941 probare
952 1863 1017 1922 iura
1036 1861 1140 1922 divino

235 1946 382 2008 ooalesiam
404 1945 495 2007 Rom.
524 1964 593 2005 esse
614 1945 682 2005 aliis
704 1945 888 2024 praelatam,
917 1952 1070 2006 ettamen
1092 1962 1140 2004 so·
1188 1972 1191 1979 ·

235 2029 283 2089 lum
303 2030 334 2089 iu
356 2027 440 2089 dieta
463 2027 583 2088 Patrum
607 2034 639 2088 et
653 2027 835 2088 Sanctorum
857 2027 1031 2104 inciderim,
1053 2027 1140 2106 quasi

235 2111 402 2191 anphoram
431 2111 564 2171 fauturus
586 2110 743 2171 urecolum
766 2111 924 2191 aooipiam.
947 2108 1140 2170 Paroatmihi

234 2193 405 2255 reverendus
426 2193 525 2269 Pater,
548 2193 574 2252 si
594 2194 796 2254 intentionem
819 2212 918 2253 meam
939 2193 1070 2253 voluerit
1090 2191 1140 2252 vel

236 2296 285 2338 uon
304 2277 441 2358 potuerit
464 2277 595 2355 assequi.
617 2275 696 2336 Nam
719 2275 780 2337 hoe
801 2277 869 2336 fore
891 2277 929 2337 de
950 2278 1015 2336 iure
1037 2275 1141 2335 divino

237 2360 295 2421 satis
310 2359 362 2438 m,
385 2359 458 2419 dum
480 2365 526 2419 tot
549 2358 580 2421 S.
602 2358 707 2419 Patres
730 2359 769 2419 de
790 2360 855 2419 iure
878 2358 982 2420 divino
1004 2377 1076 2419 esse
1099 2357 1140 2418 di·

237 2450 337 2523 ruunt,
361 2443 435 2504 lieet
455 2443 502 2501 ius
510 2441 645 2501 divinum
658 2460 721 2503 non
735 2441 952 2503 obticuerimus
966 2441 1072 2501 llatth.
1086 2444 1140 2504 16:

238 2523 316 2667 {uper
341 2525 425 2586 hano
451 2532 583 2605 petram,
610 2524 661 2585 ubi
690 2525 868 2586 autoritates
897 2524 928 2586 Β.
949 2524 1072 2584 Patrum
1095 2525 1138 2583 in·

252 2626 302 2668 axi.

197 2750 201 2771 ,
299 2691 346 2752 lle
368 2688 535 2768 Bernardo,
556 2691 641 2750 ouius
658 2691 805 2751 autoritas
828 2698 858 2749 et
879 2691 969 2750 simul
990 2691 1074 2750 ratio·
1090 2699 1139 2750 est

239 2772 418 2845 invincibilis,
447 2773 551 2833 neseio
580 2772 736 2852 quomodo
763 2771 947 2833 reverendus
969 2772 1059 2832 Pater
1092 2773 1136 2832 sui

197 2796 204 2913 l
240 2855 329 2919 oblitus
351 2856 471 2932 dixerit,
493 2874 542 2915 me
564 2854 725 2925 admisisse
751 2855 937 2916 Bernardum
959 2855 1020 2915 alio
1045 2873 1135 2914 seusu

197 2920 207 2979 ‘f
239 2936 363 3017 loentum,
382 2937 464 3018 quod
487 2937 576 2998 nullis
594 2940 686 2999 armis
701 2937 988 3018 possitdeviuoere;
1011 2945 1135 2998 servato

197 2988 202 3047 Ι
238 3023 299 3083 euim
320 3041 395 3083 vero
419 3028 451 3082 et
470 3023 603 3102 genuino
621 3020 796 3101 Scripturas
817 3041 920 3094 sensu,
942 3020 1136 3099 aequalitatis

197 3106 200 3115 “
238 3102 287 3166 lilii
306 3105 346 3165 ad
366 3104 510 3180 Patrem,
533 3105 646 3184 optime
669 3103 808 3183 presedit
829 3104 861 3166 S.
883 3103 1029 3165 Bernardi
1049 3104 1138 3164 ratio.

300 3188 346 3249 De
368 3187 540 3268 Augustino
568 3194 600 3247 et
629 3187 717 3260 aliis,
749 3189 800 3267 qui
821 3187 947 3249 Petrum
970 3186 1048 3246 dixit
1069 3204 1137 3245 esse

235 3276 347 3349 petram,
370 3279 516 3350 tauquam
530 3270 684 3331 contraria
696 3268 848 3330 dicentem
869 3271 1002 3330 insinuat
1020 3287 1054 3330 se
1076 3287 1140 3329 non

231 3355 364 3435 resipere.
398 3352 624 3432 contraquam
649 3372 708 3431 ego
730 3352 816 3413 dieo:
839 3352 1004 3428 Quomodo
1026 3350 1139 3411 audeat-

230 3436 284 3497 lum
302 3443 450 3512 sanatum,
474 3444 536 3496 tam
560 3434 684 3497 dootum
706 3437 826 3497 Patrem
848 3434 974 3499 eredere
1004 3436 1138 3495 sensisse

231 3518 534 3583 mumadameodsm
557 3517 655 3579 libro?
678 3518 709 3578 in
723 3517 834 3581 eodem
850 3519 960 3599 eapite,
982 3519 1013 3577 in
1031 3518 1137 3577 utrius·

231 3616 282 3679 qua
299 3603 468 3664 sententiae
488 3600 672 3679 collatione,
695 3601 746 3664 lib.
772 3606 797 3665 1.
820 3608 940 3664 retreat.
965 3602 1077 3679 eap.2l
1093 3599 1137 3674 ²).

415 3755 609 3763 ———.—-..

235 3847 261 3904 1)
275 3848 413 3901 hosselm
429 3866 467 3902 ex
478 3853 618 3911 eodtlSo
637 3864 741 3921 affert:
763 3866 896 3927 obieeta.
929 3867 967 3939 ‘ll
981 3864 1077 3923 loide.
1093 3857 1177 3915 ull·

211 3934 298 3976 mm
312 3953 362 3990 ⁰9¹³·
379 3945 444 3991 M
462 3956 494 3994 ‘d
506 3959 551 4000 ¹⁶1·
566 3961 621 4004 Μ
637 3967 655 4008 ¹·
670 3982 696 4021 n·
715 3974 769 4019 vor.
788 3978 839 4021 lu.
986 3954 1010 4017 ἱ)
1099 4015 1102 4021 .
