2709 4417
383 426 389 435 ,
461 370 617 426 alutariis
635 375 759 440 excepta.
841 415 846 422 .
1011 358 1074 433 mii

189 573 245 616 rua
276 559 484 618 oomnmtetor
510 557 541 618 in
568 556 782 638 temporalem.
825 555 894 617 Hoo
915 555 1015 635 liquet
1035 575 1074 615 ex

189 657 262 698 rarae
285 638 461 720 Scripturae
481 640 655 720 traditione,
678 646 710 700 et
730 639 760 701 11.
782 639 904 700 Petrum
924 659 990 700 usu.
1034 636 1075 699 Et

189 721 341 784 zbrevior'
355 724 436 799 sim,
458 742 603 811 expresse
623 723 685 784 hoo
705 721 805 784 voluit
826 721 1005 783 Ambrosius
1027 739 1074 781 sn-

189 824 213 865 er
232 804 356 885 Lunum,
376 807 581 888 Hieronymus
609 806 661 867 lib.
689 809 717 868 1.
740 811 848 867 onnus
868 806 1074 882 Joviuianuro,

190 889 346 968 agustinus
375 890 503 969 quaesti.
526 894 552 953 1.
577 889 616 950 de
645 895 717 950 ooto
739 887 863 949 Dulcitii
892 888 1075 969 quaestioni-

189 992 231 1048 us,
266 977 298 1031 et
318 974 507 1052 pertinenter
528 973 711 1034 Ambrosius·
730 969 801 1033 Lun.
825 972 854 1037 5.
882 977 1009 1033 testatur
1030 991 1075 1032 sa·

189 1055 333 1116 stantione
353 1075 487 1142 poenam
509 1057 632 1136 peoeati
652 1056 789 1119 dissolvi.

240 1136 397 1218 Soriptnra
426 1145 473 1200 est
493 1136 524 1199 in
546 1147 706 1221 promptu:
740 1139 886 1223 qnoniam
910 1143 1074 1217 peecatum

189 1219 263 1296 rdae,
286 1221 377 1302 eulpa
396 1223 457 1282 iam
480 1224 628 1300 remissa,
662 1224 787 1302 punitur
808 1222 840 1281 in
854 1225 928 1281 'tota
949 1222 1076 1301 posteri-

189 1309 230 1364 rte.
252 1301 355 1378 Quare
374 1309 554 1367 transeunte
575 1305 666 1386 eulpa
686 1311 825 1366 remanet
844 1322 957 1387 poena.
977 1301 1075 1385 Quam

189 1387 309 1447 rtiouern
350 1389 450 1468 tangit
487 1389 675 1469 Augustinus
708 1394 839 1450 uenatu
876 1386 943 1450 124.
985 1404 1077 1465 snpra

189 1469 265 1530 tatu.
295 1477 326 1530 et
357 1471 463 1552 glossa
488 1474 518 1535 2.
548 1473 667 1555 Regum
704 1475 752 1536 12,
774 1471 919 1532 Similiter
958 1469 996 1530 de
1017 1469 1076 1530 De·

189 1551 222 1612 iu.
241 1555 269 1615 2.
292 1553 369 1632 Reg.
392 1554 443 1632 24,
464 1554 516 1615 ubi
527 1554 627 1617 David
648 1557 842 1635 poenituerat
864 1559 895 1613 et
916 1570 1076 1632 peronaeo·

189 1642 210 1695 rt
229 1654 282 1695 sor
303 1628 538 1716 eins‚'peoeevi‚
560 1637 645 1716 dixit,
667 1637 760 1699 valde
780 1639 811 1697 in
834 1636 1000 1718 hoet'aoto,
1023 1635 1077 1695 sed

189 1725 233 1778 eto
256 1724 289 1778 ut
309 1718 475 1780 transferes
496 1721 688 1801 iniquitatem
711 1722 791 1781 servi
813 1721 863 1781 tui.
893 1718 986 1779 Modo
1008 1738 1078 1796 peo-

190 1808 261 1861 atuu'r
282 1820 347 1862 non
370 1804 549 1864 transfertur
570 1803 673 1883 quoad
695 1803 827 1884 eulpam,
851 1803 931 1882 quta,
953 1804 987 1862 ut
1006 1800 1077 1862 Pro-

189 1866 263 1944 teta‘
275 1883 311 1957 ⁸²)
335 1886 399 1963 ait,
437 1887 540 1946 enimn
566 1889 635 1965 ipsa
663 1905 742 1965 quae
770 1886 947 1965 pensaverit
978 1889 1077 1944 morte

189 1968 315 2028 norietur.
347 1965 458 2029 Restat
486 1986 561 2052 ergo
583 1976 617 2030 ut
637 1975 796 2046 pennatum
819 1967 921 2047 quoad
945 1984 1077 2047 poenam

189 2050 367 2112 austeratur.
411 2051 462 2112 Sio
482 2070 537 2132 per
557 2052 741 2132 prophetam
762 2050 864 2112 Natau
891 2050 1001 2110 dieitur
1018 2050 1078 2109 Da·
1138 2119 1141 2125 .

190 2131 214 2192 id
226 2131 299 2211 ⁸*):
321 2133 491 2194 Transtulit
500 2135 584 2196 Deus
594 2141 754 2215 peooatunr
768 2141 862 2195 urum.
883 2133 943 2194 Ubi
957 2133 1077 2214 glossa:

189 2219 243 2274 teus
265 2215 412 2277 deliotum
434 2216 527 2296 delet,
544 2217 600 2278 sed
621 2218 750 2278 inultum
773 2236 835 2279 uon
858 2216 981 2276 deserit.
1017 2215 1080 2276 Aut

189 2299 240 2357 nim
267 2299 363 2359 horno
391 2300 423 2359 iu
452 2319 486 2360 se
507 2303 670 2380 poenitens
691 2301 793 2381 punit,
824 2307 877 2360 aut
899 2299 984 2360 Deus
1009 2315 1077 2358 oum

189 2382 284 2443 omine
306 2380 468 2443 vinditans
489 2384 630 2462 pereutit.
1049 2428 1051 2437 ·

241 2462 283 2524 ut
303 2472 337 2524 ut
358 2464 398 2525 ad
420 2464 453 2527 S.
475 2464 581 2526 Patres
608 2466 789 2539 veniamus,
818 2485 838 2526 a
870 2463 978 2543 quibua
1006 2482 1079 2523 usus

189 2547 316 2626 tpraxis
350 2547 501 2609 eeclesiae
528 2548 737 2630 principaliter
765 2547 803 2609 ab
831 2542 980 2629 apostolis
1002 2546 1079 2608 deri

189 2635 247 2690 atus
270 2636 326 2691 est.
354 2631 434 2691 Nam
457 2632 557 2711 primo
579 2630 695 2692 nullutn
716 2638 877 2712 pennatum
901 2637 1005 2690 manet
1026 2631 1078 2690 im·

189 2714 309 2795 unitum,
332 2719 364 2773 at
384 2732 488 2794 poena
509 2721 557 2775 est
577 2715 749 2776 ordinative
776 2714 895 2794 eulpae.
928 2712 1011 2788 Quas
1033 2732 1079 2773 re·

189 2814 260 2855 oneo
284 2798 384 2876 tangit
404 2796 648 2878 Augustinus'et
674 2797 768 2858 refert
795 2797 958 2858 Gratianus
983 2795 1079 2876 (siout

189 2879 248 2938 iuri
270 2877 310 2939 de
321 2881 522 2961 poenitentia.
544 2880 809 2954 distinotione7.)‚
831 2879 908 2940 Nam
921 2881 1078 2939 Deuama-

189 2980 222 3020 :m
245 2960 312 3021 fleri
335 2981 397 3022 nou
421 2969 592 3042 pateretur,
612 2964 670 3024 nisi
693 2961 766 3025 illud
788 2980 844 3042 per
865 2964 1008 3023 iustitiam
1032 2981 1079 3022 or-

189 3043 295 3104 nando
319 3044 428 3104 melius
450 3057 531 3107 stare
552 3048 582 3106 iu
606 3045 721 3107 mundo
744 3047 867 3106 sanaret.
888 3045 989 3124 Inquit
1004 3063 1078 3124 ergo

189 3127 351 3205 agustinus
373 3124 426 3188 lib.
448 3127 487 3187 ds
508 3130 718 3208 poeniteutiae
740 3128 905 3189 medioine:
927 3128 996 3188 Nou
1021 3127 1078 3187 suf-

189 3209 224 3268 rit
247 3229 351 3269 mores
372 3211 405 3268 in
428 3210 535 3272 melius
558 3219 767 3289 commutate,
790 3217 822 3272 et
843 3230 861 3271 a
882 3210 969 3270 hetia
992 3210 1078 3270 maiis

189 3291 325 3369 eadere,
347 3293 407 3352 nisi
430 3294 522 3353 etiarn
546 3293 584 3355 de
605 3295 659 3367 iia,
682 3312 761 3374 quae
782 3292 864 3355 tanta
885 3299 969 3369 aunt,
992 3293 1078 3352 satis-

189 3381 212 3434 11
235 3374 304 3435 Deo
326 3393 384 3454 per
404 3377 614 3454 poenitentiae
635 3377 797 3453 dolorem,
824 3395 881 3456 per
901 3375 1079 3435 humilitatis

189 3457 318 3536 emitum,
340 3460 543 3537 peruenerit
566 3460 667 3521 oordis
690 3457 887 3536 sacrificium,
909 3458 1078 3538 eleemosy-

191 3559 207 3598 s
229 3538 469 3619 cooperantibus
492 3549 549 3604 eto.
566 3543 636 3603 Non
658 3543 739 3604 enim
750 3541 864 3601 dietum
886 3547 942 3617 est,
964 3545 998 3599 ut
1014 3545 1078 3600 tan·

189 3642 223 3681 un
246 3622 430 3684 abstineatis
451 3627 648 3705 epaeneto,
670 3624 727 3685 aed
750 3631 781 3685 at
801 3624 840 3684 de
861 3624 1012 3703 pateatis,
1034 3624 1079 3682 in·

189 3707 231 3779 rit,
255 3704 426 3781 deprecare
446 3706 624 3795 Dominum,
648 3715 682 3772 ut
703 3706 759 3771 tibi
781 3706 971 3771 dimittantur
992 3712 1054 3768 etur

189 3876 324 3940 inrecte
344 3886 388 3942 18.
432 3890 482 3954 ⁴⁶)
504 3892 532 3952 2.
553 3892 661 3961 samu
688 3905 735 3964 tt.
