2709 4417
462 385 481 423 a
496 368 617 425 hlotariis
636 373 762 437 excepta
893 430 897 437 ⁸
1006 362 1069 432 171

190 555 363 636 lulgentias.
406 557 457 619 sio
487 562 589 618 autem
610 556 751 636 intelligo
773 555 979 637 indulgentias
1000 574 1069 615 esse

190 638 384 717 isfaotorias,
414 641 493 701 siout
518 659 601 720 papa
620 639 735 718 Sixtus,
758 639 900 700 &lemene
913 638 964 700 vl.
986 657 1068 718 papa

190 720 314 783 idernus
335 722 542 798 deelararunt,
573 743 636 783 non
657 722 741 803 quod
763 727 949 785 oonseoutus
969 719 1067 781 indul·

190 806 268 864 ntias
293 806 483 885 satisfaciat,
515 805 571 866 sed
596 805 806 885 quianullum
828 805 943 866 malum
965 809 1069 865 manet

190 888 330 968 punitum
349 895 381 949 et
401 888 518 949 nullum
530 895 690 969 peceatum
710 895 813 949 manet
830 888 959 948 inultum
975 887 1070 960 (Can.

190 979 227 1030 >ut
250 972 340 1050 primi
363 971 402 1032 de
423 973 538 1051 poenit.
560 971 630 1035 dist.
646 976 673 1034 1.
688 985 706 1038 t.
729 972 776 1032 lta
796 972 934 1031 Vieerius
956 969 1067 1031 Christi

193 1062 344 1132 pensator
364 1055 429 1115 eius
453 1044 596 1132 thesauri,
620 1053 669 1114 ubi
690 1054 784 1115 homo
808 1073 863 1135 pro
883 1072 986 1133 poena
999 1071 1070 1133 peo-

190 1138 207 1195 ti
230 1155 295 1197 non
317 1136 418 1198 reddit
438 1138 650 1216 aequivalens,
680 1139 748 1218 ipse
777 1157 816 1198 ex
837 1137 989 1197 ‘thesauro
1012 1135 1068 1196 sibi

190 1220 317 1280 mmisao
352 1221 459 1281 merito
489 1219 600 1280 Christi
629 1219 887 1281 suffioientissimo
916 1218 991 1279 illud
1024 1238 1070 1280 re·

190 1309 352 1382 mpensat,
375 1311 406 1363 et
427 1322 483 1382 pro
506 1321 544 1363 eo
561 1304 724 1364 'satisfacit

231 1385 336 1460 Quare
363 1386 503 1447 conoessi
531 1386 561 1446 in
591 1387 764 1466 prioribus,
796 1384 1005 1467 indulgentias
1031 1383 1071 1444 de
1122 1454 1124 1458 .

206 1487 270 1529 non
298 1467 403 1529 delere
431 1468 568 1548 eulpam,
601 1468 656 1529 sed
676 1488 833 1549 poenam,
862 1474 894 1528 et
921 1466 1003 1546 quod
1033 1468 1073 1526 sit

189 1552 220 1610 lis
242 1553 383 1612 remissio
405 1571 573 1631 poenarum
594 1552 626 1611 in
647 1550 866 1631 indulgentiis,
888 1557 919 1610 et
941 1568 1003 1609 non
1025 1568 1070 1610 re·

189 1634 258 1693 issio
282 1633 432 1695 bonorum
455 1653 593 1714 operum,
615 1640 701 1714 petet
721 1654 780 1714 per
797 1632 874 1693 illud
895 1631 1070 1709 Esaiae*):

189 1717 282 1776 ›iritus
294 1717 419 1778 Domini
441 1732 534 1797 super
556 1736 614 1793 me,
637 1735 675 1777 eo
700 1716 784 1796 quod
805 1717 928 1776 unxerit
949 1734 1008 1793 me,
1030 1713 1071 1774 ad

189 1799 399 1877 munoiandnm
413 1800 580 1860 mansuetis
602 1801 683 1859 misit
704 1813 763 1876 me,
785 1805 818 1859 ut
839 1798 979 1860 mederer
1000 1815 1073 1858 eon·
1104 1841 1107 1847 -

189 1883 239 1959 itis,
263 1901 301 1941 ao
320 1881 528 1961 praedicarem
542 1883 671 1960 eaptivis
693 1882 923 1962 indulgentiam,
946 1880 1070 1941 etelsu-

189 1966 411 2044 sapertionem.
427 1964 563 2025 Christus
573 1964 683 2025 eadem
697 1964 841 2025 verbodo
854 1983 888 2024 se
900 1982 1070 2038 assumens,

189 2065 211 2107 το
234 2047 329 2108 verbo
353 2046 559 2128 indulgentias
592 2049 781 2107 remissionis
802 2065 915 2109 nomen
938 2047 1070 2126 aoeepit.

189 2148 206 2189 o
226 2128 416 2210 Theophilus
444 2131 502 2207 ait,
530 2136 562 2190 ut
584 2129 614 2189 B.
638 2129 773 2191 Thomas
801 2137 958 2190 renarrat:
996 2147 1068 2189 nain

189 2213 237 2273 ius
258 2211 297 2274 ab
318 2213 423 2273 inieris
444 2214 565 2274 animae
588 2214 724 2272 omnium
745 2211 944 2289 tenebantur,
971 2213 1072 2274 donee

189 2296 248 2374 enit,
270 2296 323 2374 qui
345 2294 535 2376 praedicaret
556 2296 687 2374 captivis
707 2296 929 2356 remissionem.

234 2377 355 2439 Deinde
377 2377 536 2439 oonteudit
555 2377 741 2439 reverendus
763 2378 869 2456 Peter,
890 2378 998 2437 merita
1019 2396 1070 2436 au·

189 2460 217 2520 ri
236 2461 351 2521 reliotis
373 2459 578 2540 indulgentiis.
612 2458 683 2521 Hoo
704 2480 764 2542 ego
785 2480 849 2522 non
869 2459 973 2535 video,
993 2477 1070 2538 quo·

189 2562 251 2622 um,
273 2550 309 2603 ut
331 2543 408 2618 dixi,
436 2561 498 2603 non
521 2542 705 2604 redimentes
727 2544 778 2604 vel
800 2544 1006 2622 relinquentes
1027 2543 1077 2601 in

189 2626 327 2706 rigentias
349 2620 515 2705 aliquando
535 2627 624 2686 istam
646 2627 808 2706 pecuniam
830 2627 861 2685 in
883 2625 974 2687 bonis
994 2643 1068 2686 ooa-

189 2710 240 2769 viis
263 2709 372 2769 volunt
388 2727 582 2787 oonsumere,
606 2728 666 2769 non
678 2710 786 2769 merita
804 2710 926 2788 augere.
948 2708 1069 2782 Fateor,

188 2790 235 2852 iod
257 2791 426 2872 aliquando
441 2798 548 2872 posset
569 2793 636 2872 quis
656 2792 760 2852 faeere
783 2793 878 2851 maius
906 2809 984 2871 opus
1007 2786 1067 2849 mei

189 2875 290 2934 orium
319 2893 389 2934 oum
415 2874 469 2935 illa
489 2875 620 2954 peounia
629 2904 642 2952 ,1
665 2894 757 2954 quam
788 2875 813 2934 si
842 2874 1006 2934 redimeret
1026 2874 1069 2933 in·

188 2957 337 3037 dgentias,
360 2968 449 3018 esses
471 2975 535 3018 non
557 2963 682 3037 oportet
703 2954 950 3038 apeoivooari¹).

234 3039 281 3100 De
302 3039 442 3100 iubilaeis
464 3038 624 3100 eelebratis
646 3060 709 3100 non
730 3040 795 3100 vult
816 3039 994 3113 admittere,
1021 3056 1070 3098 ao·
1131 3090 1134 3097 .

189 3124 287 3185 saissa
314 3137 499 3183 eonsensum
520 3122 670 3203 fidelium,
703 3129 735 3183 et
756 3128 899 3202 auspeota
920 3120 1070 3182 Boniiaeii

188 3205 232 3267 [ll.
259 3206 324 3267 vita
351 3211 454 3285 potest
474 3212 648 3284 suspectum
677 3206 780 3266 faeere
800 3207 865 3265 eius
893 3203 1071 3265 iubilaaum.

188 3307 248 3366 reo,
278 3290 352 3350 satis
376 3308 519 3368 magnum
541 3307 610 3349 esse
631 3288 740 3368 populi
761 3306 960 3363 eonsensum,
987 3284 1071 3365 quod

188 3389 194 3430 ι
220 3377 289 3431 toto
311 3371 486 3433 Christiano
509 3372 585 3432 orbe
611 3371 642 3431 in
669 3371 803 3432 iubilaeo
832 3369 943 3431 Christi
965 3367 1072 3428 fideles

188 3452 328 3530 influunt,
357 3453 513 3532 quomodo
536 3454 612 3514 alias
640 3473 824 3515 eonsensum
846 3451 981 3514 fidelium
1003 3470 1071 3534 pro·

188 3555 229 3597 ua
242 3537 351 3618 possit,
374 3555 436 3597 non
458 3535 560 3598 video.
918 3612 920 3617 Ι
972 3564 974 3569 ·

188 3788 213 3849 t)
230 3786 315 3852 Apud
331 3789 464 3845 Loesoh:
484 3795 655 3863 specificati.

188 3869 203 3932 )
221 3870 297 3923 Essi.
316 3874 359 3928 61.
