2709 4417
432 344 490 396 suis
511 345 619 412 lipslse
636 343 783 412 disputatis
800 359 826 397 a.
845 342 915 397 xix.
1082 337 1144 404 233

144 544 148 553 “
235 550 294 592 cum
315 529 487 592 'l'lromistis
510 532 573 593 suis
594 538 772 594 constanter
792 538 935 614 negaret,
956 531 1145 609 antiquiores

147 646 158 653 -
235 613 385 687 Artisica,
409 615 567 675 Bonaven.
589 622 620 675 et
640 616 747 677 nescio
761 635 837 695 quos
860 623 981 676 autores
995 613 1144 693 allegans.

235 695 328 759 Credo
352 704 480 775 autem,
516 697 599 778 quod
627 699 706 759 lraee
733 718 807 760 suae
828 699 944 759 farinae
970 695 1145 757 hominibus

234 799 360 859 magnae
384 782 465 841 cr'uci
488 781 613 857 fuerint,
642 784 700 842 etsi
722 784 813 842 risum
836 782 1003 841 miserrime
1025 778 1146 839 simuls-

144 880 149 887 ·
231 869 301 931 rent,
318 866 397 922 'cum
420 864 528 925 ducem
541 883 637 933 suum,
660 873 722 926 tam
743 866 862 926 fortiter
882 882 1060 944 aggressum
1083 880 1146 922 cer-

144 954 154 988 :
231 956 342 1015 tamen,
365 947 480 1008 relictis
503 948 607 1028 signis,
630 967 704 1008 mox
715 954 876 1008 senserunt
899 944 915 1020 t
917 948 942 1006 si
954 954 1055 1006 tamen
1078 964 1146 1004 sen·

145 1048 152 1053 ·
230 1032 350 1101 serunt)
378 1028 566 1091 desertorem
589 1032 742 1091 exercitus
763 1037 794 1091 et
814 1031 1000 1110 transfugam
1023 1029 1146 1089 factum.

145 1122 156 1139 '·
228 1111 303 1172 llam
329 1110 361 1171 id
376 1112 681 1174 Garolostadiosatis
704 1122 778 1192 erat,
800 1114 1052 1174 scholasticorum
1076 1109 1147 1170 doc-

228 1204 327 1255 torum
360 1202 423 1255 tres
457 1195 642 1257 celebriores
675 1204 776 1257 sectus
796 1196 891 1257 fuisse
919 1193 957 1257 alr
979 1195 1075 1254 Eceio
1097 1212 1147 1254 ea·

226 1276 293 1337 dem
318 1277 399 1338 hora
420 1286 562 1358 negatas,
592 1298 669 1358 quas
697 1280 754 1339 nisi
777 1287 936 1360 negasset,
965 1276 1147 1357 Pelagianos

145 1378 147 1385 ·
226 1360 450 1440 ingolstadium
472 1380 650 1423 reversurus
662 1371 737 1423 erat.
759 1361 882 1423 Certum
905 1369 952 1422 est
969 1362 1060 1432 enim,
1082 1358 1145 1420 Μο-

145 1472 152 1493 ··
227 1443 341 1504 dernos
370 1447 465 1523 (quos
487 1447 618 1513 vocant)
652 1464 721 1506 cum
744 1445 884 1506 Scotistis
919 1451 950 1505 et
979 1443 1146 1503 'l'hcmistis

226 1525 397 1586 inhaere
421 1526 467 1607 (id
492 1533 548 1599 est,
570 1527 666 1589 libero
690 1528 815 1589 arbitrio
837 1528 992 1609 etgratial
1019 1544 1147 1585 consen-

146 1630 149 1635 ·
227 1609 283 1669 tire
299 1616 434 1689 excepto
458 1629 519 1671 uno
537 1609 690 1691 Gregorio
702 1611 896 1679 Ariminensi,
919 1629 1009 1689 quem
1038 1626 1147 1668 omnes

146 1712 153 1747 :
228 1691 385 1765 damnent,
410 1694 459 1771 qui
482 1701 513 1753 et
533 1694 600 1773 ipse
622 1713 677 1754 eos
690 1694 863 1774 Pelagianis
876 1693 1043 1754 deteriores
1067 1709 1146 1768 esse,

146 1794 148 1799 ·
229 1781 260 1834 et
278 1784 364 1835 recte
387 1775 596 1836 etefflcaciter
617 1779 781 1838 convincit.
804 1776 832 1836 ls
854 1778 934 1836 enim
958 1775 1043 1835 solus
1067 1775 1147 1833 inter

146 1880 153 1901 τ
231 1856 450 1931 Scholasticos,
474 1865 582 1919 contra
600 1880 708 1920 omnes
726 1859 934 1920 scholasticos
945 1857 1146 1931 recentiores,

233 1959 298 1999 curn
321 1939 494 2021 Augustino
509 1938 540 2021 Ι)
565 1948 596 2001 et
618 1942 771 2022 Apostolo
795 1942 892 2002 Paulo
914 1940 1075 2001 consentit

295 2022 373 2083 Nam
388 2021 554 2103 Pelagiani,
577 2026 633 2085 etsi
650 2027 716 2085 sine
739 2026 836 2102 gratia
857 2044 935 2104 opus
950 2023 1064 2084 bonum
1079 2020 1144 2081 fleri

146 2128 164 2165 :r
204 2130 207 2135 ·
238 2123 324 2184 posse
334 2114 539 2182 asseruemnt,
553 2126 614 2168 non
624 2115 725 2169 tamen
742 2110 807 2167 sine
821 2108 919 2182 gretia
933 2105 1054 2168 coelum
1069 2102 1146 2164 obti-

148 2210 158 2247 f.
239 2188 296 2247 neri
307 2187 457 2250 dixerunt.
478 2189 552 2249 ltem
566 2198 648 2259 certe
665 2190 770 2251 dicunt
782 2189 974 2253 Scholastici.
991 2188 1062 2249 dum
1079 2188 1145 2247 sine

146 2306 149 2329 ;
244 2271 327 2345 grstia
344 2289 421 2349 opus
435 2270 561 2344 bonum,
584 2273 717 2333 sednon
736 2274 922 2335 meritorium
939 2271 1003 2331 fleri
1021 2270 1144 2331 docent

147 2376 168 2405 .·
244 2351 348 2412 Deinde
370 2373 464 2433 snper
485 2354 669 2432 Pelagianos
692 2356 824 2425 addunt,
846 2355 1002 2415 hominem
1030 2350 1146 2413 hebere

158 2468 173 2491 -.
248 2432 381 2495 dictamen
396 2436 535 2497 naturale
547 2445 650 2499 rectae
663 2439 800 2510 rationis,
815 2439 862 2497 cui
878 2456 911 2497 se
921 2437 1144 2516 possitnatura·

150 2536 184 2573 rr.
249 2515 301 2576 liter
312 2518 541 2595 conformere2)
567 2521 722 2597 voluntas,
744 2520 794 2580 ubi
809 2521 965 2598 Pelagieni
987 2517 1144 2578 hominem

165 2618 181 2655 ,ι
250 2597 364 2660 adiuvari
386 2619 441 2680 per
464 2601 564 2681 legem
588 2603 645 2663 Dei
668 2603 820 2663 dixerunt.
862 2602 928 2662 Nec
949 2601 1029 2661 lrsnc
1052 2604 1145 2659 mets·

147 2722 149 2733 .
251 2682 406 2761 morphosin
419 2684 554 2745 Eccieno
577 2686 702 2765 ingenio
718 2687 848 2746 alienam
868 2685 1033 2758 existimes,
1055 2682 1144 2742 estin

249 2768 542 2845 espromptissimus.
583 2768 661 2828 Nam
684 2769 743 2829 hac
764 2768 814 2827 die
836 2767 957 2846 quidem
981 2785 1047 2825 cum
1070 2760 1165 2829 Gis?

154 2856 187 2891 ÷:.·.·
248 2848 315 2921 gorio
340 2845 392 2930 (ut
415 2848 497 2915 dixit
520 2852 616 2910 sensit
637 2849 902 2921 ethrolostadio,
923 2868 1026 2909 rursus
1048 2847 1146 2907 ultera

249 2947 345 2989 mecum
368 2950 565 3011 congressus,
587 2934 717 2993 eundem
742 2933 814 2992 milri
836 2932 1018 3011 Gregorium
1041 2931 1072 2988 in
1095 2948 1144 2988 ea·

246 3007 411 3073 demetiam
436 3016 564 3075 materia
585 3017 719 3096 negavit,
740 3022 867 3094 propter
887 3013 1045 3075 articulum
1068 3012 1144 3072 llus

147 3098 160 3131 ’-“
172 3126 175 3133 -
244 3093 347 3154 silicum
360 3096 509 3158 constan.
533 3096 673 3158 Concilio
696 3097 881 3158 demnatum.
909 3100 949 3156 lta
972 3115 1043 3156 rere
1066 3094 1145 3154 miri·

151 3188 160 3197 ·
243 3172 301 3235 icus
329 3186 396 3253 est,
427 3186 458 3239 st
488 3180 535 3239 oui
557 3199 620 3240 non
644 3179 769 3240 viderim
801 3180 947 3245 similem,
975 3178 1146 3256 disputator

148 3258 163 3293 '·³
242 3255 351 3334 tocius,
382 3259 575 3340 apudquem
599 3263 673 3322 nihil
701 3263 810 3322 situel
839 3261 962 3342 periculi
994 3260 1041 3319 vel
1069 3259 1144 3331 vitii,

152 3342 158 3353 '
239 3338 366 3422 Gregorii
389 3343 557 3403 Ariminen.
581 3347 765 3405 sententiam
789 3366 856 3405 cum
879 3345 914 3405 D.
931 3339 1144 3404 Gerolostadio

148 3420 165 3455 ³⁷
237 3434 329 3484 contra
352 3443 463 3485 omnes
485 3425 694 3487 Scholasticos
723 3435 908 3507 pugnantem
941 3446 996 3507 pro
1019 3423 1144 3484 SchOlW

148 3510 162 3525 ''
236 3507 307 3566 rticis
329 3508 489 3587 amplecti,
512 3509 643 3569 eundem
664 3530 768 3570 rursus
790 3530 845 3589 pro
868 3508 1066 3570 Scholasticis
1088 3506 1144 3565 eis·

148 3600 152 3607 ·
235 3586 292 3648 dem
324 3591 356 3648 in
385 3589 496 3651 eedem
518 3610 551 3652 re
573 3592 744 3671 repudiare.
785 3593 835 3653 Sic
855 3593 952 3653 habes
975 3589 1144 3662 victoriam,

265 3773 292 3821 il
313 3772 343 3819 ln
361 3771 402 3820 ed.
435 3775 526 3841 orig:
543 3792 607 3835 eum
630 3779 847 3847 Carolostt‘lio,
867 3780 899 3834 id
919 3787 976 3852 est,
998 3778 1168 3850 Augustino-

204 3832 232 3892 2)
248 3836 339 3887 ibid:
355 3844 542 3916 contrusam
562 3850 608 3904 ed.
631 3857 710 3926 orig.
733 3858 842 3912 Wltt.:
875 3858 1079 3914 contorium·
