2709 4417
257 360 324 426 478
585 355 713 427 Epistola
731 357 789 410 lob.
807 356 894 409 Eccii.

340 543 489 605 Commisi
518 560 576 622 ego
600 540 753 603 Fratribus
782 542 825 600 tui
848 538 993 616 Ordinis,
1027 545 1060 598 ut
1080 548 1172 600 curant

259 627 420 706 exemplar
430 625 653 705 Disputationis
674 623 816 700 exscribi,
839 629 871 682 et
892 621 934 682 ad
956 630 988 682 te
1014 640 1104 700 quam
1124 624 1170 701 pri-

259 729 342 770 mum
372 710 589 768 transmittant.
633 705 786 779 Quocirca
816 724 930 784 precor
967 723 1027 783 per
1055 703 1170 784 eume),

258 795 307 853 cui
337 793 455 868 servio,
488 798 519 849 et
539 789 630 848 fidem
646 787 700 866 d),
737 807 828 866 quam
862 787 980 847 dudum
1013 787 1170 866 suscepisti,

258 875 392 956 graviter
414 871 570 934 defendas.
613 871 684 931 Non
708 873 799 949 volo,
822 870 908 948 quod
929 877 961 929 te
986 871 1129 949 ingeras,
1148 882 1173 930 et

257 967 290 1018 te
312 957 453 1016 odiosum
476 956 570 1014 iacias
599 960 630 1012 et
652 953 791 1013 ordinem
813 960 917 1030 tuum,
952 951 1012 1012 sed
1043 971 1091 1012 ma
1112 971 1171 1013 con·

259 1040 335 1099 siliis
367 1040 425 1098 tuis
454 1045 486 1098 et
507 1036 680 1096 eruditione
701 1036 830 1097 adiutas.
873 1036 955 1096 Nam
979 1036 1083 1094 minus
1103 1035 1170 1096 festi·

258 1129 370 1181 uerunt
391 1119 671 1200 Vuitenbergenses
700 1137 768 1178 cum
790 1119 1031 1200 Disputatione,
1061 1119 1120 1178 imo
1144 1138 1172 1178 se

259 1205 499 1283 quaesierunte)
525 1203 723 1264 occasionem
745 1201 931 1281 disputandi.
974 1201 1060 1260 Nam
1078 1201 1170 1261 buthe·

259 1306 310 1346 rus
333 1285 459 1346 nolebat
480 1303 601 1344 sumere
622 1284 754 1344 iudicem
776 1285 875 1363 primo
897 1285 1039 1362 aliquam
1059 1283 1168 1343 Univer-

261 1370 380 1428 sitatem
404 1371 497 1444 totius
526 1366 640 1426 mundi.
685 1366 746 1427 Sed
769 1367 1053 1426 Christianissimus
1082 1367 1170 1426 Domi-

259 1470 316 1510 nus
344 1451 497 1530 Georgius
527 1450 682 1509 Saxoniac
719 1450 817 1509 noluit
848 1449 1015 1508 admittere
1051 1449 1169 1526 aliquan
1211 1504 1212 1527 ,

260 1533 508 1612 Disputationem
531 1532 570 1591 de
591 1530 668 1613 fide,
702 1533 761 1591 nisi
783 1541 815 1591 et
836 1530 907 1592 fidei
922 1530 948 1612 f)
971 1538 1100 1591 nostrae
1120 1532 1169 1591 bia-
1211 1556 1212 1565 ¹

259 1617 381 1696 gistros
394 1622 550 1695 pateretur
569 1615 715 1674 iudicare.
759 1615 891 1674 Coactus
923 1633 1000 1693 ergo
1033 1621 1105 1673 tunc
1123 1614 1169 1673 suit

259 1698 417 1775 lutherus,
440 1718 460 1757 a
473 1699 641 1757 tautonibus
660 1700 723 1756 suis
736 1697 917 1775 stimulatus,
940 1698 1002 1755 nisi
1019 1698 1102 1755 enim
1122 1697 1168 1755 dis-

259 1786 380 1860 putaret
400 1789 432 1840 et
451 1780 584 1840 iudicem
604 1780 685 1838 ferre
705 1786 825 1859 posset,
859 1781 920 1838 iam
945 1798 1058 1840 omnes
1081 1779 1118 1838 ab
1138 1798 1167 1838 eo

259 1871 364 1923 essent
385 1863 563 1939 discessuri,
596 1861 678 1921 unde
710 1881 780 1920 cum
805 1863 834 1921 si
856 1881 966 1922 omnes
998 1862 1166 1922 obtulissem

259 1945 490 2023 Universitates,
512 1945 606 2024 elegit
627 1945 761 2004 Parisios
784 1952 815 2003 et
835 1943 1054 2023 Erphordiam.

342 2027 498 2107 Quareg),
521 2047 589 2087 cum
603 2028 775 2087 Parisiense
790 2046 851 2086 non
866 2029 1021 2106 agnorim,
1044 2034 1166 2086 vestrum

259 2118 361 2170 autem
385 2109 565 2190 Studiumh)
593 2129 737 2189 magnam
759 2109 853 2170 habet
874 2129 944 2168 cum
968 2129 1006 2170 eo
1029 2109 1167 2169 familiari·

260 2200 365 2271 tatem,
387 2213 463 2274 rogo
487 2199 568 2253 tuam
591 2195 806 2272 paternitatem
828 2192 1002 2272 plurimum,
1026 2201 1059 2252 ut
1079 2192 1165 2265 fidei)

261 2277 371 2336 Christi
394 2279 468 2337 velit
489 2276 622 2335 scribere
643 2275 701 2335 sibi
723 2277 820 2352 notis,
843 2277 895 2334 vel
917 2277 1028 2352 etiam,
1050 2276 1076 2333 si
1097 2275 1166 2334 vide-

261 2360 356 2436 bitur,
390 2361 445 2420 toti
469 2359 681 2435 Universitati,
718 2367 752 2417 ut
780 2358 851 2416 dum
874 2361 1010 2438 optimus
1033 2358 1165 2436 Princeps

260 2442 412 2521 Georgius
434 2444 599 2520 scripturus
631 2443 671 2499 sit
699 2449 730 2500 et
761 2442 906 2500 missurus
930 2442 1164 2521 Disputationem
1211 2500 1212 2515 ,

260 2545 297 2585 ac
319 2528 466 2604 petiturus
488 2524 641 2600 iudicium,
664 2523 747 2601 quod
758 2522 793 2606 k)
817 2531 889 2583 tunc
912 2523 987 2582 illud
1009 2543 1072 2584 uon
1093 2542 1165 2583 recu-

261 2615 344 2685 sent,
378 2607 432 2667 sed
454 2612 700 2686 propugnatores
727 2607 846 2666 fortiter
874 2607 1071 2685 adoriantur,
1107 2626 1164 2665 cunr

258 2709 317 2751 nos
340 2690 429 2749 ambo
464 2691 495 2749 in
529 2708 583 2748 eos
612 2696 757 2767 tanquam
780 2690 896 2749 iudices
919 2692 1165 2763 consenserimus,

260 2781 290 2833 et
325 2792 389 2832 rem
425 2773 555 2832 arbitror
587 2791 655 2831 esse
686 2776 747 2831 tam
783 2773 991 2851 manifestam,
1030 2780 1064 2832 ut
1083 2773 1165 2851 longa

259 2855 449 2915 discussione
472 2875 533 2915 non
556 2862 655 2933 egeat.
687 2854 788 2929 Quare
801 2851 876 2914 'sine
892 2875 980 2916 mora
1002 2855 1042 2914 ad
1058 2857 1166 2935 petitio·

259 2958 329 2998 nem
358 2937 505 3018 Principis
539 2938 716 2999 discernant
742 2945 773 2997 ct
796 2945 945 3017 statuant,
984 2938 1069 3017 quod
1105 2937 1165 2995 fidei

258 3028 383 3082 nostrae
405 3023 443 3080 sit
465 3027 717 3082 consentaneum.

341 3105 448 3164 Paucis
471 3105 581 3184 babes,
615 3103 791 3165 venerande
813 3105 917 3182 Pater,
945 3122 1027 3183 quae
1055 3121 1075 3160 a
1096 3111 1123 3161 te
1141 3103 1166 3161 in

258 3206 352 3248 causa
372 3187 444 3248 fidei
466 3189 558 3252 velim
582 3187 662 3265 fieri,
696 3188 787 3266 idque
817 3190 962 3266 scriptum
992 3193 1070 3266 puta
1090 3186 1167 3244 Prae·

258 3274 376 3352 captori
410 3280 531 3349 nostro,
569 3273 702 3333 Domino
731 3271 870 3331 Arncldo
900 3271 939 3332 de
967 3270 1115 3349 Tungris,
1144 3278 1169 3327 et

267 3431 503 3439 ..›,.—-.-——.-.——-.

330 3516 359 3579 c)
380 3517 498 3569 Leonem
520 3518 542 3568 X
563 3518 717 3568 Romanum
736 3518 905 3569 Pontificem.
981 3519 1011 3580 d)
1034 3520 1170 3571 Romanas

257 3587 339 3642 sedis.
412 3591 442 3652 e)
464 3590 498 3641 Se
519 3591 704 3656 quaesierunt,
723 3588 802 3655 lepos
822 3594 864 3640 est
883 3589 998 3641 Atticus.
1076 3591 1101 3655 s)
1122 3591 1169 3640 lta·

256 3660 334 3726 gistri
357 3658 416 3709 fidei
431 3659 578 3727 aliquando
593 3660 721 3711 dicuntur
734 3660 855 3728 Magistri
877 3664 972 3713 nostri.
1022 3663 1056 3730 g)
1080 3662 1172 3723 Causa,

255 3734 469 3799 propterquam
492 3733 585 3783 Eccius
607 3732 677 3782 lianc
696 3731 847 3798 Epistolam
868 3734 1019 3798 scripserit.
1078 3734 1110 3794 h)
1131 3733 1173 3783 Lo-

253 3804 396 3859 vanl'ense.
472 3803 498 3874 i)
521 3804 615 3871 Quam
634 3802 762 3854 delenda
772 3802 877 3850 accras
898 3817 952 3862 ura
965 3803 1101 3848 Romana
1113 3808 1180 3849 *ran-

247 3880 331 3938 tifice.
412 3878 450 3951 k)
470 3880 533 3937 Dat
547 3877 653 3933 Eccius
672 3865 1041 3943 argumentnmscr'xbcndi.
