2709 4417
508 331 664 386 ailcmriis
682 337 805 400 excepta
852 367 854 372 -
902 379 904 384 .
1041 328 1103 397 109

459 515 548 577 Nunc
568 515 606 578 ad
626 516 828 597 propositum.
964 604 967 609 .

262 680 313 741 Ad
346 682 541 742 autoritatem
574 682 662 741 Pauli
697 686 724 743 l.
748 680 884 741 Corinth.
908 686 936 746 3.
971 683 1101 762 primum
1130 685 1135 706 ¹

182 764 263 843 dicit,
275 762 384 844 Cephe
405 783 468 825 non
492 765 611 825 esseda
634 770 720 824 textu
742 763 781 824 ab
798 764 897 842 initia,
918 765 974 825 sed
996 766 1026 825 in
1039 764 1101 826 tine

183 848 357 925 memorari,
379 847 433 908 ubi
454 847 560 928 glossa
581 848 721 925 fateatur,
729 846 851 907 Petrum
868 850 1014 908 maiorem
1038 868 1102 909 om·

182 930 280 1008 nibus,
303 929 468 990 leviculum
492 931 553 1006 hoc
574 939 630 1012 est,
653 939 788 1007 transeo,
811 949 879 990 cum
903 932 932 991 in
950 932 1101 1012 principio

182 1014 269 1093 primi
292 1014 403 1093 capitis
424 1014 529 1092 ntique
552 1021 684 1094 ponatur
705 1012 820 1092 Cephe.

242 1095 404 1175 Secundo,
426 1096 500 1157 dicit
520 1096 603 1156 aliud
625 1095 718 1175 nihil,
741 1114 832 1174 quam
855 1096 939 1176 quod
961 1116 1019 1158 nec
1041 1116 1105 1157 ver·

184 1178 253 1240 bum
277 1197 339 1240 nec
360 1198 441 1259 apex
463 1178 502 1239 de
531 1181 698 1260 negatione
719 1180 866 1258 primatus
895 1181 934 1240 sit
954 1181 985 1241 in
1008 1187 1104 1258 textu,

183 1269 210 1323 et
241 1263 291 1323 sic
318 1263 384 1323 vult
410 1263 542 1324 solutam
560 1264 659 1337 =istam
688 1262 892 1324 autoritatem.
914 1262 1036 1323 Adiecit
1057 1271 1104 1323 ta·

184 1365 253 1406 men
288 1346 483 1407 autoritatem
507 1345 705 1425 Hieronymi,
732 1344 910 1425 Augustini,
938 1345 1103 1425 Ambrosii,

187 1428 417 1509 chrysostomi,
438 1428 606 1501 Bernardi,
627 1428 740 1488 Leonis
761 1435 820 1490 etc.
843 1428 1023 1508 dicentium,
1050 1429 1105 1489 Pe-

185 1519 262 1572 trum
287 1530 357 1572 esse
371 1520 500 1592 petram.
524 1512 639 1573 Contra
662 1510 835 1589 quae-dico,
858 1519 889 1572 et
899 1513 1026 1593 replico,
1047 1511 1108 1573 hoc
1188 1554 1196 1566 .

185 1594 353 1655 secundnm
377 1593 491 1655 dictum
514 1594 591 1655 nihil
614 1600 662 1654 est
683 1594 723 1653 ad
736 1597 938 1675 propositum,
960 1602 992 1656 et
1013 1615 1105 1675 supra

186 1680 260 1738 satis
287 1677 491 1758 disputatum,
524 1698 563 1738 an
585 1678 692 1738 Petrus
715 1678 754 1737 sit
781 1684 877 1758 petra.
910 1678 1054 1740 Similiter
1073 1686 1104 1739 et

184 1761 256 1829 illud
282 1779 345 1822 non
367 1761 469 1839 solvit,
491 1761 574 1840 quod
598 1761 681 1837 dicit,
703 1761 964 1841 nullumverbum,
987 1760 1103 1821 nullum

185 1846 305 1924 apicem
330 1863 399 1905 esse
422 1844 460 1904 de
481 1846 649 1924 negatione
669 1845 837 1923 primatus,
860 1844 942 1923 quod
964 1846 990 1904 si
1012 1846 1104 1905 etiam

185 1926 393 2007 Hieronymus
414 1927 581 1989 constituat
602 1935 709 2006 caput,
733 1935 766 1987 ut
787 1929 910 1988 occasio
933 1927 1105 1988 schismatis

133 2053 135 2060 .
185 2011 320 2089 tollatur,
342 2010 416 2070 satis
437 2010 564 2071 robuste
586 2017 692 2070 contra
715 2018 833 2090 pugnat
854 2016 955 2071 textus
971 2017 1104 2091 apertus,

133 2153 135 2160 ,
184 2094 263 2154 tollit
285 2092 432 2173 caput1)‚
456 2100 489 2153 ut
510 2095 634 2154 occasio
657 2094 830 2153 schismatis
852 2094 984 2157 tollatur.
1022 2094 1104 2154 Dicit

133 2173 135 2180 '
184 2178 289 2237 enim:
318 2175 400 2251 Quid
421 2176 556 2237 Paulus?
588 2176 669 2251 Quid
691 2176 831 2257 Apollo?
860 2177 968 2238 volens
1001 2177 1102 2238 solum

184 2260 336 2321 Christum
359 2279 429 2320 esse
441 2267 542 2340 caput,
564 2279 625 2338 quo
638 2280 710 2321 vere
724 2259 839 2320 tollitur
853 2279 946 2320 omne
958 2260 1101 2338 schisma,
1183 2299 1185 2303 ,

184 2362 244 2404 non
268 2348 317 2403 est
338 2342 411 2402 mihi
433 2342 622 2405 satisfactum
643 2345 689 2404 sic
710 2342 750 2403 ad
770 2344 1014 2423 responsionem.

264 2424 316 2485 Ad
337 2427 533 2487 autoritatem
554 2426 641 2486 Gala.
664 2430 693 2490 2.
732 2426 806 2487 dicit
832 2426 954 2505 quidem
976 2435 1100 2506 aposto·
1168 2423 1170 2426 ’

184 2508 228 2570 los
252 2527 362 2569 omnes
389 2509 550 2588 aequales,
578 2508 660 2588 quod
688 2517 720 2570 et
739 2509 945 2590 Hieronymus
978 2517 1010 2571 et
1031 2529 1098 2573 can.

184 2593 211 2652 in
233 2610 331 2671 novo,
353 2599 512 2653 testantur.
535 2592 596 2654 aed
618 2593 701 2654 aliud
723 2612 792 2655 esse
813 2600 999 2673 potestatem
1022 2599 1099 2674 regi·

184 2677 273 2737 minis
295 2682 327 2735 et
347 2674 634 2754 administrationis,
663 2677 710 2736 his
733 2676 827 2736 tribus
849 2677 949 2737 verbis
980 2677 1099 2738 solvere
1208 2739 1212 2756 ,

182 2766 296 2820 tantam
319 2759 526 2839 autoritatem,
549 2767 596 2819 est
618 2760 691 2819 mihi
713 2761 787 2820 satis
809 2759 956 2823 mirabile.
985 2760 1045 2821 Sed
1069 2766 1104 2821 et

182 2861 237 2903 nec
265 2842 408 2921 intelligo
439 2842 511 2921 quid
534 2843 622 2922 velit,
651 2842 809 2921 quomodo
833 2842 1000 2923 distinguat
1019 2844 1099 2925 regi-

183 2944 250 2986 men
273 2931 305 2984 et
327 2924 635 2988 administrationem.
677 2943 680 2947 ⁴

262 3006 353 3082 Quod
376 3014 478 3069 autem
491 3008 577 3087 dixit,
599 3009 725 3069 Paulum
749 3009 926 3070 ascendisse
949 3028 1017 3070 cum
1029 3010 1099 3071 Tito

185 3090 218 3151 ad
226 3092 362 3168 Petrum,
385 3098 418 3151 ut
439 3093 577 3153 conferat
599 3092 793 3174 evangelium
815 3112 884 3153 cum
907 3095 961 3170 eis,
984 3094 1100 3154 clarum
1166 3087 1172 3096 ’

134 3219 137 3226 .
187 3182 227 3234 cst
248 3175 375 3256 textu2)
399 3175 595 3254 praecedenti
619 3183 649 3237 et
671 3177 822 3255 sequenti,
845 3184 877 3237 ut
899 3188 930 3237 et
950 3176 1100 3257 Hierony-

135 3253 138 3260 '
189 3275 247 3318 nus
269 3260 337 3339 ipsc
359 3260 497 3338 exponit,
520 3278 582 3320 non
605 3259 667 3321 hoc
687 3260 797 3320 fecisse
809 3259 946 3337 Paulum,
969 3266 1006 3321 ut
1027 3278 1098 3321 con·

135 3363 142 3424 Ι·
189 3340 295 3402 suleret
315 3342 437 3401 Petrum
468 3362 560 3422 super
581 3343 793 3424 evangelium,
823 3343 906 3425 quod
937 3345 998 3404 iam
1032 3344 1101 3423 plns
1209 3381 1213 3387 ·

191 3424 231 3485 ll.
252 3426 342 3485 annis
363 3424 577 3505 praedicarat,
600 3432 632 3487 et
653 3445 714 3487 non
736 3426 775 3487 ab
797 3425 922 3488 homine
943 3428 1100 3507 accepisse

191 3505 366 3588 lactaverat,
392 3508 447 3569 sed
471 3515 505 3569 nt
525 3510 837 3591 pseudapostolorum
860 3529 895 3572 os
918 3510 1100 3586 obstrueret,

137 3751 141 3766 ’
196 3789 255 3914 [Hip
268 3792 298 3845 In
319 3792 363 3846 eu.
382 3793 469 3861 orig:
504 3791 550 3861 qur
570 3790 642 3845 soris
660 3793 753 3861 eaput.
778 3788 825 3878 ‘ay
844 3787 880 3842 ιι
898 3785 935 3842 su
952 3783 1037 3842 isac.
1074 3797 1117 3837 su
