2709 4417
488 340 645 418 alloaffis
662 346 786 425 excepta
1056 343 1098 408 47

178 524 338 603 explanat.
381 526 460 588 Dum
481 546 554 587 varo
577 526 791 592 omnium'dat
811 527 884 588 mihi
906 527 1098 590 sacerdotem

179 607 346 687 Christum,
366 612 466 688 primo
490 608 635 689 Cypriani
657 614 857 670 attentionem
875 609 906 685 1)
931 630 994 672 non
1016 631 1099 673 asse-

178 693 296 769 quitur,
325 690 385 751 nec
412 691 613 772 Hieronymi,
645 694 789 771 quoniam
818 693 940 753 Petrum
968 696 1097 773 primum

177 774 394 853 apostolorum
423 776 619 836 constitutum
649 775 775 852 volunt,
802 777 884 835 unde
911 777 1096 855 reliquorum

177 856 377 921 sacerdotum
403 863 540 937 potestas
568 858 695 935 defluat,
730 877 792 918 non
822 857 945 936 quidem
973 862 1097 921 interius

177 939 382 1018 conferendo,
404 939 605 1019 quodGhiisti
626 947 674 1001 est
696 941 779 1001 velut
800 942 918 1021 capitis,
941 943 994 1002 sed
1013 951 1097 1021 pote·
1147 955 1151 962 ’

176 1029 289 1084 statem
314 1023 842 1086 ecclesiasticamcommunicando.

263 1104 416 1185 Septimo,
436 1107 529 1184 quod‘
541 1107 695 1167 desiderat
715 1107 883 1168 Eccianam
907 1107 1099 1185 modestiam,

177 1187 319 1248 Graecos
348 1196 380 1249 et
408 1187 579 1253 Orientales
608 1208 664 1269 pro
693 1188 876 1250 damnandis
903 1191 1098 1268 iudicantem,

177 1270 370 1350 respondeo:
394 1270 531 1333 Graecos
545 1273 640 1353 longo
657 1280 796 1352 tempore
808 1291 871 1333 uon
884 1274 982 1332 solum
1005 1273 1098 1334 fuisse

178 1354 408 1433 schismaticos,
436 1354 490 1414 sed
517 1356 794 1431 haereticissimos,
829 1364 862 1415 ut
889 1365 935 1415 tot
962 1376 1097 1418 errorum

178 1436 321 1496 cumulus
343 1443 376 1497 et
396 1439 542 1517 pervicax
564 1438 736 1499 obstinacia
760 1445 889 1498 testatur
915 1439 1097 1500 Clementin.

180 1518 218 1578 de
240 1537 319 1580 sum.
342 1520 435 1597 Trin,
459 1526 492 1580 ut
512 1521 551 1580 de
573 1523 681 1601 spiritu
696 1528 814 1598 saneto,
836 1520 875 1580 de
894 1523 1098 1599 confessione,

180 1601 219 1662 de
232 1603 326 1661 trium
338 1602 606 1683 Evangelistarum
623 1603 766 1680 salsitate,
789 1615 819 1663 et
831 1606 998 1664 innumeris
1020 1604 1098 1678 allis,

181 1686 319 1770 quamvis
342 1704 436 1765 saepe
458 1685 561 1746 fictam
581 1687 710 1747 fecerint
736 1687 825 1747 Rom.
846 1687 1006 1746 Ecclesiae
1028 1686 1100 1748 ohe

177 1767 338 1843 dientiam,
360 1765 444 1828 utin
466 1770 599 1830 coneilio
621 1770 798 1830 Florentino
810 1769 941 1849 Eugenii
951 1770 1003 1830 lV.
1026 1778 1100 1832 tom·

184 1848 307 1928 poribus
328 1850 442 1911 lachim
458 1858 515 1912 est.
545 1852 646 1925 Quare
676 1853 702 1911 si
722 1853 813 1930 pauci
835 1852 996 1912 Christiani
1017 1852 1100 1932 apud

184 1951 236 1994 uos
258 1933 429 1994 multorum
451 1936 604 1995 sententia
626 1934 738 1994 salvari
760 1934 882 2012 debent,
905 1941 1020 2012 quanto
1039 1955 1099 1994 ma

185 2017 226 2093 gis
254 2017 432 2096 paucissimi
461 2025 516 2078 aut
542 2018 617 2078 nulli
643 2019 673 2076 in
696 2018 806 2077 Turcia
833 2018 1010 2096 salvantur,
1041 2020 1099 2078 uisi

186 2099 316 2179 religiosi
345 2101 454 2180 aliqui,
490 2107 521 2160 et
543 2102 588 2160 eis
610 2101 827 2176 adhaerentes,
850 2101 901 2178 qui
922 2101 1095 2161 Romanam

185 2186 287 2244 tenent
308 2182 526 2244 obedientiam.

262 2266 309 2325 De
332 2266 453 2344 ocare,
475 2274 566 2347 rogat
585 2264 774 2326 reverendus
795 2266 901 2343 Pater,
923 2271 955 2324 ut
976 2275 1098 2326 autores

186 2348 313 2428 allegem
342 2349 511 2414 seeundum
531 2350 768 2425 conscientiam,
796 2349 829 2407 in
851 2367 912 2427 quo
935 2348 1010 2407 nihil
1029 2348 1099 2410 hae-

186 2430 259 2492 sitet.
304 2430 445 2511 Vellem,
474 2432 558 2511 quod
587 2451 641 2492 eos
664 2432 816 2498 adducere
840 2450 980 2510 possem,
1007 2432 1098 2491 etiam

186 2512 349 2574 secundum
364 2507 548 2576 scientiam.
590 2517 634 2576 At
665 2516 885 2612 Hieronymum
929 2534 1100 2594 agnoscere

186 2594 347 2658 Damasum
377 2598 461 2658 velut
487 2618 638 2658 summum
665 2597 863 2675 Pontificem,
894 2598 969 2656 nulli
997 2604 1101 2676 potest

185 2696 248 2742 essa
276 2679 412 2741 dubium.
461 2681 512 2743 flio
546 2690 671 2761 quoque
700 2682 862 2741 ecclesiam
896 2681 1098 2740 universalem

186 2780 248 2825 esse
277 2762 435 2824 fundatam
468 2783 561 2845 supra
586 2773 705 2844 petram
740 2783 831 2825 nemo
859 2762 995 2843 ambigit.
1038 2762 1099 2824 Sed

186 2853 299 2922 petram
321 2846 408 2905 illam
429 2866 498 2907 esse
519 2849 640 2912 Petrum
664 2856 695 2908 et
716 2849 782 2907 eius
803 2864 1014 2924 successores,
1036 2847 1098 2907 alio

186 2935 320 3009 tempore
342 2929 492 3008 probabo.
509 2983 512 2988 ,

252 3012 386 3092 Sugillat
407 3019 510 3074 tamen
532 3013 670 3074 nonnihil
692 3014 838 3090 Hierony.
862 3030 930 3070 cum
953 3010 1098 3072 dixisset:

187 3094 271 3174 Apud
295 3113 354 3156 vos
377 3096 461 3157 solos
483 3098 660 3175 incorrupta
681 3099 779 3176 prima
808 3095 934 3154 omuino
963 3101 1101 3155 servatur

188 3181 346 3257 autoritas,
366 3180 455 3257 quasi
475 3177 512 3240 et
527 3181 617 3240 Rom.
630 3179 794 3240 Pontifices
816 3196 879 3237 non
893 3175 1013 3238 luerint
1034 3179 1100 3238 sine

189 3278 291 3322 naevo.
334 3262 367 3323 Si
389 3261 429 3322 ad
456 3270 577 3343 tempus
605 3262 785 3341 Hieronymi
824 3262 931 3337 refert,
963 3260 1099 3320 Liberius

191 3346 416 3406 etAnastusius
436 3365 504 3417 eum
526 3352 768 3426 praecesserunt.
812 3344 880 3403 Hoc
901 3343 986 3422 dico,
1017 3343 1099 3421 quod

192 3429 290 3488 merito
313 3430 345 3487 in
368 3429 520 3490 mentibus
545 3430 680 3490 fidelium
711 3436 758 3489 est
779 3427 1005 3503 admirandum,
1035 3426 1099 3485 nul·
1125 3463 1133 3469 -

192 3505 244 3569 lum
265 3511 354 3573 Rom.
376 3512 572 3591 Pontificem,
602 3520 870 3592 quantumcunque
893 3512 1021 3587 malum,
1050 3511 1099 3570 vel
1202 3550 1205 3555 -

195 3602 333 3656 enantem
360 3594 537 3657 definivisse
564 3597 762 3676 iudicialiter,
797 3605 829 3656 et
854 3613 894 3655 ex
923 3597 1099 3673 constituto,

198 3710 390 3722 ξῆν-
397 3715 606 3734 ...κη-...μω-

238 3780 268 3849 1)
289 3781 426 3836 hoescher
448 3783 478 3832 in
497 3780 556 3833 Act.
575 3781 697 3834 Reform.
723 3780 788 3855 llll,
806 3780 873 3851 348)
894 3781 943 3834 hic
962 3783 1047 3835 altert
1073 3796 1113 3833 ex

199 3851 247 3901 eod.
262 3855 338 3907 noo:
355 3854 597 3908 intentionem.
1079 3875 1081 3880 ·
