2709 4417
472 366 544 420 XIII.
563 365 598 419 ds
615 370 753 434 potestate
771 366 870 434 Papae.
1061 360 1122 427 335

205 546 340 625 Petrum,
365 555 396 608 et
418 550 521 609 omnia
541 547 717 608 eommunia
737 547 819 608 fauit.
862 547 908 607 lta
928 548 993 609 iure
1007 550 1122 629 divino,

205 629 355 709 quidquid
382 631 476 692 habet
503 632 644 693 Romana
673 631 820 708 eoolesia,
849 630 941 691 habet
969 632 1123 710 quaelibet

209 712 362 791 ecelesia,
398 714 619 793 quantumlibet
653 714 802 792 parva¹l3
845 715 917 791 quia
946 714 984 773 ad
1013 734 1121 775 omnes

205 793 278 855 (linit
307 803 339 855 et
361 795 473 857 Paulus
496 801 523 859 1.
546 796 674 856 Corinth
697 798 732 859 3:
767 796 877 855 Omnia
907 804 1025 876 vestra,
1055 800 1120 857 sive

208 876 330 956 Paulus,
353 879 418 938 sive
432 880 558 958 Apollo,
575 878 765 961 siveOephs,
788 880 853 938 sive
868 879 1007 958 mundus,
1020 882 1124 941 omnia

210 967 324 1037 vestra,
347 979 403 1020 vos
426 969 527 1021 autem
550 961 671 1022 Christi.

284 1043 379 1103 Esset
399 1063 474 1105 saue
486 1043 657 1121 ridiculum,
680 1043 910 1122 quodomnium
927 1045 1124 1104 ecelesiarum

211 1124 289 1186 idern
312 1133 361 1185 est
381 1125 558 1206 baptismus,
581 1125 689 1186 eadem
709 1125 901 1203 euoharistia,
924 1127 1031 1186 eadem
1054 1145 1125 1187 oon-

212 1205 351 1285 firmatio,
362 1208 443 1269 idem
456 1209 580 1269 verbum
593 1209 659 1274 oei,
682 1208 763 1268 idem
778 1208 993 1287 sacerdotium,
1015 1210 1123 1269 eadem

214 1291 430 1370 poenitentioe,
453 1293 618 1369 unctionis,
640 1292 834 1367 matrimonii,
858 1299 890 1350 ot
911 1294 1014 1351 omnia
1025 1311 1124 1352 saera·

215 1379 323 1451 nauta
347 1373 454 1434 eadem
465 1373 552 1449 fides,
575 1393 655 1453 spes,
675 1375 795 1450 caritas,
817 1375 925 1452 gratis,
938 1393 1030 1450 mors,
1051 1375 1124 1452 vita,

214 1454 323 1534 gloria,
348 1466 379 1516 st
400 1477 461 1516 una
482 1457 560 1516 haee
581 1457 759 1535 temporalis
780 1457 919 1535 potentia
940 1459 992 1516 uui
1014 1457 1125 1517 tributa

215 1545 292 1598 osset
314 1539 515 1617 perverbum
539 1539 607 1616 Dei,
630 1538 712 1617 quod
726 1557 889 1599 oommune
911 1545 959 1598 est
973 1539 1123 1601 omnibus.

294 1620 414 1700 Quare„
437 1621 611 1700 ubieunque
637 1621 831 1700 praedicatur
856 1621 981 1680 verbum
1006 1623 1061 1680 Ilei
1095 1629 1126 1681 et

211 1701 358 1782 ereditur,
390 1705 432 1764 ibi
454 1712 502 1764 est
534 1724 607 1764 vera
627 1704 719 1782 fides,
751 1712 838 1784 petro
858 1705 917 1763 ista
945 1703 1125 1782 immobilis,

207 1785 256 1845 ubi
273 1792 378 1846 autem
391 1786 477 1864 fides,
499 1787 541 1847 ibi
554 1786 702 1864 eeclesia,
724 1787 774 1846 ubi
791 1787 933 1861 ecelesia,
955 1786 996 1846 ibi
1009 1806 1125 1866 sponsa

207 1865 338 1943 Christi,
376 1869 426 1930 ubi
456 1889 572 1948 sponsa
594 1869 721 1946 Christi,
755 1869 796 1929 ibi
830 1871 933 1929 omnia
954 1887 1034 1947 quae
1055 1877 1126 1928 suut

205 1952 326 2028 sponsi.
370 1951 415 2012 lta
427 1951 505 2012 fides
516 1953 620 2012 omuia
634 1971 738 2011 seoum
755 1951 856 2030 habet,
879 1970 958 2029 quae
972 1952 1010 2011 ad
1033 1950 1124 2010 fidem

204 2039 388 2112 sequuntur,
412 2035 532 2112 eleves,
555 2042 764 2114 sacramenta,
786 2041 988 2113 potestatem,
1010 2040 1041 2093 et
1063 2053 1124 2093 om·

202 2116 257 2175 uia
281 2115 353 2175 alis.

280 2196 417 2271 ¹Quaero
439 2201 547 2260 stiam:
572 2199 603 2259 si
627 2200 687 2259 soli
708 2206 779 2258 sunt
789 2200 880 2258 Petro
900 2198 1002 2258 claves
1024 2198 1124 2276 datae,

203 2286 237 2339 et
260 2300 325 2340 non
349 2282 514 2341 universali
537 2281 703 2359 eeclesiae,
734 2301 787 2340 our
809 2301 870 2340 non
894 2290 1043 2341 vooantur
1064 2281 1125 2340 ola-

204 2382 260 2422 ves
284 2363 386 2423 Petri?
420 2383 474 2423 our
500 2383 563 2424 non
587 2373 736 2424 vocantur
765 2364 868 2424 claves
892 2364 1043 2423 soolesiae
1064 2364 1125 2423 Ro-

205 2445 345 2505 manae?
378 2445 439 2506 Cur
467 2447 600 2527 ipsemet
620 2447 759 2526 pontifex
780 2449 812 2506 in
835 2446 896 2505 suis
919 2446 1012 2505 literis
1036 2456 1127 2505 vooat

205 2545 260 2587 eas
284 2528 390 2588 slaves
412 2536 539 2588 sanotae
554 2531 657 2589 matris
681 2529 852 2589 ecelesiae?
872 2530 935 2587 Aut
947 2528 1026 2587 enim
1049 2527 1127 2587 haee

205 2629 271 2669 vox
293 2612 465 2670 eommunis
497 2612 588 2671 totius
611 2611 762 2671 soolesias
795 2613 934 2670 iniuriam
973 2612 1045 2670 faoit
1066 2611 1126 2669 Ro-

206 2711 322 2753 manas
343 2693 511 2771 ecelesiae,
538 2695 568 2753 in
591 2712 646 2753 suo
669 2694 845 2773 privilegio,
876 2693 933 2752 sibi
956 2693 1013 2752 soli
1036 2700 1130 2752 altra·-

207 2775 294 2837 heuti
317 2774 444 2840 olavesz·
462 2783 516 2835 sut
534 2777 677 2836 Romana
699 2776 831 2836 eoolesia
847 2774 980 2836 schisma
1002 2776 1128 2854 quaerit,

209 2856 334 2917 diosus:
357 2858 426 2938 Ego
450 2878 516 2918 sum
530 2859 645 2938 Osphe,
669 2867 699 2918 et
722 2858 777 2918 toti
790 2859 940 2917 eeclesiae
953 2860 1033 2937 rapit
1054 2877 1128 2936 rem,

209 2959 301 3018 quam
326 2942 462 3019 ipsamet
489 2939 652 3001 confitetur
684 2960 888 3001 communem.
931 2941 1020 2999 Patet
1053 2959 1127 3020 ergo

209 3024 388 3083 testimonio
401 3025 536 3084 omnium
549 3023 684 3102 publioo,
707 3043 768 3084 non
781 3024 882 3098 Petro,
905 3022 958 3082 sed
977 3022 1128 3082 ecelesiae

210 3124 278 3165 esse
301 3105 407 3165 claves
430 3106 574 3183 traditas,
597 3125 659 3165 uon
682 3108 856 3181 Romanae,
887 3104 942 3164 sed
964 3105 1128 3164 universali

211 3194 241 3247 et
262 3187 400 3248 cuilibet.

290 3272 418 3334 Praeter
438 3269 525 3347 haee,
548 3271 627 3345 vide,
650 3291 741 3351 quam
763 3277 846 3330 reete
869 3291 923 3349 per
943 3278 1060 3348 petram
1083 3269 1125 3326 in-

211 3356 353 3435 telligunt
374 3360 572 3435 potestatem.
616 3353 695 3413 Nam
717 3373 785 3413 oum
815 3361 951 3431 poteslas
976 3371 1044 3411 esse
1065 3369 1128 3410 non

211 3439 319 3517 possit,
342 3438 401 3496 nisi
425 3435 557 3495 ecelesia
579 3436 618 3495 sit
639 3437 722 3516 prius
740 3435 875 3512 lundata,
897 3454 976 3513 quae
998 3434 1131 3511 aooipiat

210 3524 415 3600 potestatem,
448 3518 604 3596 quomodo
640 3519 772 3579 eoolssia
807 3537 898 3596 super
935 3523 1129 3595 potestatem,

211 3602 240 3662 id
262 3611 326 3681 est,
364 3604 448 3682 prius
470 3601 648 3662 aedificatur
674 3622 766 3681 super
789 3599 960 3681 posterius?
991 3599 1131 3677 Denique

212 3693 475 3766 potestatsmnon
499 3705 554 3764 per
574 3692 704 3765 petram,
726 3684 780 3745 ssd
802 3703 857 3762 per
878 3681 981 3741 olores
994 3682 1131 3743 Christus

210 3829 227 3833 .-
233 3827 428 3834 ..—-.-—-—-—
435 3827 535 3833 ...--
544 3828 630 3833 ..n—-

228 3874 263 3936 1)
286 3875 316 3924 ln
336 3873 379 3925 sd.
398 3877 511 3942 priore:
533 3891 626 3947 parva
644 3879 693 3938 sit.
