2709 4417
200 353 265 423 282
438 355 895 426 RuolhnparPropaaiu'nn.

201 542 302 621 gratia
323 550 354 600 ct
375 542 503 617 veritas,
524 542 590 601 aire
612 540 739 617 dentur,
762 542 830 601 sive
852 538 1083 614 vendantur,
1058 557 1119 599 stra

201 623 426 718 dispensentur.
447 643 513 684 sive
524 623 728 702 applicentur
760 623 831 684 Non
845 624 930 684 enim
942 620 1021 683 fiunt
1033 620 1118 697 aliud,

201 725 293 786 quam
315 708 423 765 menta
434 706 610 779 Christum
632 725 820 784 quocunque
831 725 940 769 eorum
964 723 1032 781 usu,
1052 703 1117 765 idco

201 791 281 848 sicut
301 808 359 847 nec
380 788 471 851 dare.
503 791 546 848 ita
568 807 627 849 nec
646 789 805 868 applicare
826 809 867 849 ea
887 794 995 868 potest
1020 785 1117 864 homo,

201 871 287 932 dicar
308 871 381 950 quid
404 870 507 932 velia.

266 954 394 1019 Rursum
408 954 483 1013 dicis
494 952 541 1033 ¹).
558 953 798 1015 lliniaterialiter
807 953 860 1013 dat
875 954 986 1013 merita
997 952 1116 1030 Christi3

203 1037 283 1098 liaeo
303 1037 463 1108 concedo,
495 1036 550 1096 aed
580 1055 643 1096 non
666 1055 724 1114 pro
735 1035 967 1117 indulgentiis,
989 1037 1059 1116 quia
1078 1037 1114 1096 in

204 1119 381 1200 dulgentiae
408 1126 480 1178 sunt
506 1120 688 1180 contrariae.
709 1121 825 1179 meritis
854 1119 986 1193 Christi,
1015 1120 1114 1179 marita

203 1201 398 1263 Christisunt
417 1204 560 1281 gratiuet
581 1203 704 1277 veritas,
727 1221 807 1280 quae
824 1202 943 1263 faciunt
964 1202 1112 1263 meliorato

203 1287 234 1345 in
255 1286 374 1364 spiritu,
395 1294 428 1344 et
448 1286 633 1344 sanctiorem
655 1303 726 1344 eum
749 1285 801 1362 qui
823 1286 1034 1364 consequitur.
1073 1283 1112 1346 Ιι-

204 1366 381 1446 dalgentiae
402 1386 475 1427 vern
497 1366 573 1426 nihil
596 1367 670 1427 boui
692 1367 856 1428 conferunt
873 1369 905 1427 in
929 1369 1048 1447 spiritu,
1067 1367 1110 1429 scd

203 1449 454 1511 rauittuntbona
476 1451 599 1528 spiritus
612 1458 721 1510 contra
735 1451 845 1510 menta
856 1448 981 1512 Christi.
1024 1449 1111 1524 Quare

203 1534 262 1612 ipsi
283 1533 416 1592 viderint
435 1550 493 1593 sna
512 1531 608 1593 verba
629 1539 661 1592 et
683 1552 770 1592 usum
793 1528 901 1609 suum,
932 1552 1010 1614 ego,
1038 1533 1110 1594 salva

204 1634 310 1676 corum
330 1616 513 1689 reverentia,
534 1615 615 1691 dico,
638 1614 732 1693 quod,
754 1622 788 1676 ut
801 1615 897 1677 verba
919 1623 1042 1691 sonunt,
1062 1635 1109 1677 me

202 1699 260 1757 rita
283 1697 392 1757 Christi
414 1716 475 1757 non
499 1717 569 1758 esse
590 1716 686 1777 posse
713 1697 890 1758 thesaurum
920 1697 1109 1779 indulgentie

202 1800 287 1857 rum,
314 1780 369 1840 sed
391 1788 500 1841 contra
520 1781 697 1841 thesaurum
729 1783 964 1861 impositionum
992 1790 1026 1842 et
1051 1800 1109 1860 poe·

204 1883 311 1924 narum
331 1862 524 1924 ferendarum
547 1865 676 1926 omnino
698 1867 853 1925 contraria
873 1864 1079 1945 indulgentiis.

284 1946 359 2006 ldeo
380 1946 481 2006 fateor
501 1966 540 2006 ea
569 1947 700 2007 conferri
723 1947 964 2007 ministerialiter
983 1949 1014 2007 in
1034 1947 1108 2007 abso·

203 2029 322 2090 lutione
343 2029 463 2108 culpae,
485 2029 528 2090 ibi
548 2031 630 2089 enim
652 2049 702 2089 res
723 2031 847 2108 spiritus
870 2030 981 2108 agitur,
1002 2029 1044 2090 ibi
1062 2048 1110 2090 mr·

200 2111 267 2171 rita-
280 2111 391 2172 Christi
414 2119 580 2190 operantur
601 2111 789 2172 adverbum
811 2111 992 2189 sacerdotis,
1015 2114 1040 2172 si
1061 2131 1111 2172 cre

204 2191 257 2253 dat
277 2204 433 2273 peccator,
454 2195 532 2254 alias
554 2213 758 2272 nequaquam.

288 2275 390 2350 Quare
401 2274 634 2337 declaratoriam
648 2277 732 2337 illam
744 2296 808 2336 non
831 2277 957 2353 damno,
979 2277 1034 2338 sed
1046 2278 1073 2338 iu
1082 2275 1109 2350 ι)

136 2416 140 2445 ‚
204 2377 260 2418 suo
282 2377 375 2419 sensu
397 2377 467 2419 eam
498 2360 650 2437 relinquo.
695 2357 726 2419 st
754 2368 857 2420 autem
891 2367 1000 2439 aptata
1027 2360 1111 2436 luent,

202 2446 237 2503 ut
257 2451 364 2502 contra
384 2441 545 2537 praedicta
566 2442 695 2515 militet
722 2461 853 2521 respuo,
883 2450 914 2503 at
937 2444 1069 2521 postulo,
1086 2450 1112 2502 ut

202 2522 348 2585 reddatur
376 2525 456 2585 ratio
478 2524 639 2585 dictorum.
680 2524 802 2586 Deinde
831 2524 1013 2586 ostendatur
1041 2532 1112 2605 pote·

205 2611 268 2666 stas
289 2606 422 2667 faciendi
446 2608 595 2668 articulos
617 2606 705 2684 fldei,
726 2615 780 2668 aut
800 2608 974 2693 proferatur
996 2607 1112 2688 probata

204 2689 366 2764 revelatio
387 2690 477 2750 nudis
499 2690 600 2752 verbis
621 2691 766 2771 prohibet
787 2710 836 2751 ma
856 2673 973 2751 Paulus
991 2690 1111 2751 credere.

512 2860 736 2922 Conclusio
765 2858 816 2920 XI.

247 3025 366 3101 Dicere,
387 3023 594 3105 indulgentias
606 3042 676 3085 esse
698 3023 812 3084 bonum
826 3023 1016 3103 Οιιιιιιιιιιιο,
1037 3034 1080 3088 est

229 3109 375 3182 insanire,
397 3120 471 3169 sunt
492 3108 743 3169 enimverissime
763 3108 867 3188 operis
891 3107 966 3170 boni
990 3111 1097 3185 vitium,

227 3198 260 3252 st
269 3191 443 3272 improbare
456 3190 664 3270 indulgentias
675 3189 768 3251 debet
776 3189 969 3251 Christianus
981 3192 1022 3253 ob
1034 3193 1096 3254 abu·

230 3295 307 3349 sum,
330 3275 401 3352 quia
422 3275 571 3334 Dominus
593 3273 681 3333 dicit:
718 3273 846 3352 Propter
867 3292 918 3334 me
939 3273 1031 3335 deleo
1052 3277 1098 3336 ini·

229 3358 362 3435 quitatas
386 3364 463 3432 tuas,
485 3376 547 3417 non
569 3361 695 3436 propter
715 3356 872 3435 pecunias.

292 3437 446 3517 Propheta
466 3439 545 3499 Psal.
567 3441 618 3502 40
640 3437 778 3518 appellat
799 3438 935 3498 insanias
957 3439 1051 3500 falsas
1070 3440 1113 3498 ho·

210 3522 324 3581 minum
346 3520 519 3592 doctrinas
549 3520 657 3600 quibus
686 3520 796 3581 colitur
815 3519 917 3594 Deus
947 3529 1114 3617 contempto

209 3604 275 3664 sius
301 3602 456 3664 mandato
501 3603 624 3678 Quanto
654 3603 752 3683 magis
774 3603 932 3663 insaniunt
958 3604 980 3663 ir
972 3603 1045 3723 ’3ιρ
1064 3605 1114 3682 qui

214 3706 628 3750 .----.-ι.-

258 3794 287 3855 ι)
309 3795 337 3848 ln
369 3794 543 3850 editionibus
568 3793 660 3861 orig-t
685 3787 774 3838 dim·
819 3785 859 3849 ‘ll
880 3787 959 3836 M
982 3788 1117 3839 umuli
1089 3805 1126 3865 J

192 3868 230 3934 Bt
249 3867 343 3927 ibidt
363 3869 414 3925 ιιιι.
