2709 4417
273 338 316 405 64
466 318 754 413 Disputatro'ltipaiaa
774 345 868 407 hahita
887 362 911 399 a.
924 346 990 398 ¹Xlll

274 531 386 605 reticio,
409 537 439 589 ut
464 531 534 589 luco
548 530 720 589 sanctitatis
736 530 856 591 Petrum
869 530 1086 591 haereticorum
1102 543 1162 594 tuea-
1210 590 1219 597 .

276 622 323 672 tur
353 612 529 692 perfidiam,
559 615 704 691 quoniam
735 613 817 673 mille
842 622 873 674 et
892 614 1164 693 quadringentossi·
1196 680 1219 687 „

275 695 335 754 mul
353 696 486 756 inculcat
509 715 618 755 antron.

340 913 345 920 ,
437 847 476 907 Μ.
498 847 646 907 Lotherns
668 848 896 927 protestabatur
922 848 1043 909 dicens:

355 982 511 1041 Protector
525 1001 627 1042 coram
651 981 738 1041 vobis
752 982 893 1045 omnihus
911 992 942 1043 et
956 983 1084 1063 publice,
1104 982 1167 1062 quod
1195 942 1220 1036 2

273 1066 413 1145 egregius
436 1064 471 1126 D.
496 1065 532 1124 D.
570 1065 630 1124 hoc
662 1066 849 1125 mendaciter
881 1073 912 1126 et
939 1065 1169 1146 impudenterde
1196 1082 1220 1121 ε

172 1166 175 1175 ·
274 1148 486 1227 maloquitur.
509 1146 670 1207 Fltlloeius
694 1156 881 1227 protestatur
902 1168 936 1209 se
960 1148 1038 1208 velle
1059 1148 1169 1228 probare
1195 1198 1220 1208 -

273 1232 392 1309 scriptis
415 1238 445 1289 et
467 1229 575 1307 dictis,
604 1231 633 1289 in
666 1230 774 1309 quibus
809 1231 904 1313 longo
933 1240 1071 1311 tempore
1093 1232 1170 1291 maior

273 1312 460 1372 Graecorum
485 1333 555 1393 pars
577 1320 609 1372 et
630 1312 761 1374 ecclesia
784 1315 838 1375 luit
867 1315 1020 1375 haeretica
1045 1321 1073 1373 et
1095 1313 1170 1373 achis

275 1396 405 1472 matica,
440 1395 493 1455 sed
517 1404 577 1455 nou
601 1404 648 1455 est
670 1398 835 1457 conventio
859 1396 934 1457 lucis
958 1397 995 1459 ad
1021 1396 1170 1471 Belial,et

273 1476 534 1539 schismaticorum
558 1478 596 1537 od
619 1486 744 1539 sanctos
768 1488 915 1561 martyres
934 1488 966 1540 et
987 1480 1170 1543 confessores

656 1642 806 1706 Elccius.

355 1779 400 1837 De
443 1777 593 1849 ecclesia,
631 1788 705 1841 ante
736 1780 907 1841 Romanam
943 1778 1050 1859 viginti
1072 1797 1171 1841 aanor

274 1862 434 1938 existente,
457 1861 569 1938 dicam,
590 1880 680 1940 qoam
706 1862 890 1922 reverendos
902 1862 993 1922 Pater
1015 1861 1086 1921 mihi
1107 1880 1171 1921 con·

274 1946 380 2023 ponit,
406 1963 468 2003 non
493 1962 636 2022 moveor,
667 1946 749 2023 quod
779 1946 916 2025 episcopi
938 1945 1041 2025 graeci
1063 1964 1082 2003 a
1101 1944 1173 2004 Rom.

275 2025 421 2087 Pontifice
434 2027 619 2087 nonsuerint
641 2027 822 2105 confirmati,
844 2047 912 2087 nam
937 2034 968 2087 et
992 2026 1113 2106 plebani
1131 2045 1174 2087 sen

274 2109 451 2190 parochiani
483 2108 659 2169 sacerdotes
682 2130 701 2171 a
728 2131 808 2192 papa
836 2113 895 2170 iam
925 2130 987 2171 non
1011 2108 1174 2171 confirman-

273 2204 328 2254 tur.
373 2192 432 2252 Sed
455 2200 612 2251 extremae
635 2201 717 2253 esset
739 2194 921 2270 dementiae,
944 2193 1047 2253 dicere
1068 2192 1108 2255 ob
1127 2192 1176 2253 hoc

272 2295 423 2335 summum
446 2274 624 2334 Pontificem
662 2296 727 2337 oon
761 2277 874 2337 habere
903 2279 1064 2356 primatum
1099 2294 1176 2356 super

273 2358 451 2438 plebeianos
474 2357 658 2417 sacerdotes.

355 2441 401 2501 De
431 2440 627 2520 frigidissimo
656 2441 796 2503 Anacleti
824 2440 948 2501 decreto
982 2441 1083 2501 dicam
1114 2440 1177 2501 inis

273 2526 349 2599 rius,
371 2524 433 2582 alia
453 2542 576 2601 quoque
598 2523 722 2585 decreta
745 2523 934 2585 defensurus.
980 2525 1026 2585 De
1049 2520 1178 2583 Numidia

273 2606 460 2679 reverendus
480 2604 569 2666 Pater
591 2606 667 2668 dixit
696 2627 764 2668 esse
792 2607 904 2665 lactum
936 2627 998 2667 non
1020 2608 1085 2681 ios,
1106 2602 1176 2685 qood

272 2697 320 2749 est
348 2697 467 2769 praeter
497 2689 640 2768 Cypriani
669 2691 872 2765 sententiam,
901 2691 952 2768 qui
981 2708 1036 2750 eos
1071 2691 1177 2748 incusat

274 2773 356 2833 velut
376 2772 596 2847 schismaticos,
619 2776 669 2852 qui
692 2772 825 2834 audeant
846 2772 884 2831 ad
908 2772 1083 2832 cathedram
1109 2771 1175 2831 Petri

273 2862 304 2915 et
326 2855 523 2934 principalem
547 2855 719 2934 ecclesiam,
743 2856 822 2915 unde
845 2856 945 2915 unitas
969 2863 1037 2915 orta
1059 2860 1117 2927 est,
1137 2871 1178 2913 ae

273 2937 390 3001 cedere.
421 2936 510 3011 Quod
532 2937 722 3017 Epiphanius
750 2938 879 3019 Cyprius
900 2937 1075 2998 iohannem
1097 2936 1179 3015 Chry·

256 3029 442 3083 -aostomum
465 3021 644 3100 episcopum
662 3023 850 3101 superiorem
873 3020 911 3080 ab
935 3021 1115 3099 episcopatu
1134 3038 1175 3079 ex-

273 3105 392 3185 pulerit,
415 3103 607 3183 videritipse,
630 3105 698 3181 hoc,
720 3102 976 3184 inquam,factum
991 3123 1053 3163 non
1076 3103 1173 3163 iustum

272 3189 366 3249 fuisse
388 3206 511 3247 censeo.

354 3271 536 3347 Praeterea,
559 3270 640 3348 quod
663 3272 694 3331 in
717 3290 766 3330 me
787 3268 913 3330 cavillos
938 3274 1076 3347 torquet,
1102 3266 1171 3347 quasi

273 3373 335 3413 uon
359 3353 471 3413 idonee
493 3372 595 3412 sacras
619 3353 722 3413 literas
745 3360 943 3427 tractantem,
964 3352 1016 3430 qui
1039 3351 1079 3412 ob
1100 3349 1170 3411 amis·

272 3438 390 3495 aionem
408 3456 508 3495 rerum
526 3437 737 3515 temporalium
759 3444 790 3497 et
804 3435 976 3495 divitiarum
991 3434 1114 3495 dixerim
1132 3430 1169 3491 ad·

274 3538 378 3578 versus
392 3517 529 3578 Graecos
550 3528 656 3598 portas
678 3520 765 3579 inferi
788 3517 1004 3598 praevaluisse.
1027 3516 1167 3595 Nunquam

273 3602 440 3680 cogitatum
463 3602 534 3660 mihi
557 3604 709 3682 imponit,
738 3621 808 3661 nam
830 3600 991 3677 haereses,
1014 3600 1167 3669 schismata,

271 3703 392 3745 errores
415 3693 523 3745 contra
535 3683 726 3746 Graecorum
746 3684 907 3745 ecclesiam
928 3680 1093 3742 invaluisse
1112 3680 1166 3741 diri.

266 3767 379 3835 Verum
412 3779 480 3849 est,
508 3768 595 3853 qnod
624 3776 657 3829 et
683 3767 812 3847 lmperii
830 3764 957 3824 amussim
985 3782 1056 3820 cum
1085 3779 1176 3835 maura

248 3852 502 3919 christianitatis
527 3855 657 3939 pudore
678 3850 852 3932 anhaecnta
867 3849 928 3903 eat.
