2709 4417
521 341 539 381 a
556 324 678 383 hlotariia
691 332 821 407 excepta.
1079 322 1122 427 βᾶ

237 513 393 587 rcestiiisse
423 502 537 595 Petro,
569 513 651 601 qpod
685 514 783 576 inerat
813 514 978 595 pollicitus.
1020 513 1121 590 Quare

221 524 329 659 iactata
348 602 433 657 recte
456 582 707 687 argumentantur
722 596 836 658 abillo
858 597 944 676 loco,
966 595 1017 667 uhi
1039 594 1121 659 Chri·

220 686 271 759 stus
290 678 649 761 promisit‚''sed-primo
668 686 742 762 post
760 682 1015 743 resurrectionem
1036 699 1122 761 prae·

219 762 290 823 stitit.

287 842 349 923 Sed
372 845 466 905 tacite
488 843 610 924 obiicit,
641 844 792 908 Christum
814 865 877 908 non
900 847 999 908 solum
1020 846 1121 927 Petro,

216 927 262 991 sed
281 926 424 989 omnibus
445 927 595 1009 apostolis
616 927 677 989 hoe
697 929 906 1010 praestitisse,
929 930 1058 991 dicendo
1072 926 1120 1003 *):

217 1010 343 1130 Accipite
365 1010 512 1092 Spiritum
535 1016 682 1088 sanctum,
705 1030 833 1091 quorum
856 1014 1030 1075 remiseritis
1051 1031 1120 1093 pec

216 1100 274 1155 eata
302 1098 331 1172 ).
352 1092 463 1155 Noluit
471 1091 656 1154 reverendus
668 1091 759 1155 Pater
780 1096 960 1175 exprimere,
982 1096 1032 1156 ubi
1053 1114 1120 1175 pro-

216 1178 330 1255 missum
373 1178 557 1257 rincipatum
569 1175 659 1238 Petro
684 1176 812 1255 dederit,
834 1198 904 1239 narn
923 1180 954 1238 in
969 1179 1029 1239 hoe
1049 1197 1122 1239 eon-

215 1258 330 1341 vepiunt
349 1198 522 1339 iroctores,
543 1259 574 1319 in
597 1278 696 1320 coena
718 1260 869 1322 Christum
892 1260 1058 1343 discipulos
1080 1261 1119 1321 fe-

215 1344 283 1405 cisse
304 1341 504 1425 sacerdotes,
533 1341 634 1403 dando
664 1342 709 1407 eis
730 1348 915 1424 potestatem
944 1364 1036 1427 supra
1056 1363 1120 1405 eor-

214 1428 261 1507 pus'
281 1424 396 1489 Christi
423 1445 551 1503 verum,
584 1423 711 1501 dicens:
742 1426 812 1487 Hoc
839 1426 929 1488 facite
958 1428 990 1489 in
1021 1446 1121 1489 meam

215 1508 533 1587 commemorationem
553 1506 609 1587 ²),
637 1507 710 1569 Lue.
733 1510 783 1573 22.
825 1506 865 1570 Et
886 1509 997 1571 deinde
1018 1510 1049 1570 in
1071 1506 1121 1571 die

214 1592 435 1669 resurrectionis
464 1588 589 1669 dedisse
610 1594 794 1670 potestatem
818 1612 909 1674 supra
931 1612 1040 1673 corpus
1058 1613 1121 1674 my-

215 1676 328 1737 sticum:
351 1675 494 1755 Accipite
515 1672 659 1754 Spiritum
682 1678 830 1739 sanctum.
874 1675 936 1739 Sed
957 1676 1119 1756 primatum

215 1766 239 1820 st
254 1758 461 1839 praelaturam
473 1756 566 1818 totius
578 1754 728 1817 ecclesiae
742 1759 882 1837 promisit
894 1759 984 1821 Petro
999 1781 1005 1819 :
1024 1758 1119 1819 Pasce

216 1862 279 1907 ores
299 1861 412 1921 meas,
433 1841 544 1903 Johan.
566 1839 618 1899 ult.
639 1840 719 1901 Hinc
740 1840 916 1925 Gregorius,
938 1841 982 1903 Ch
1020 1844 1120 1902 eosto-

216 1944 290 2004 nns,
319 1922 427 1987 etalii
448 1922 478 1985 S.
500 1922 605 1982 Patres
628 1929 785 1984 testantur.
807 1923 860 1984 Ait
882 1926 963 1984 enim
1013 1924 1119 2007 hryso·

217 2016 336 2077 atomus:
366 2002 507 2067 Eximius
536 2004 746 2086 apostolorum
776 2014 841 2067 erat
868 2006 991 2087 Petrus,
1025 2016 1056 2068 et
1084 2027 1119 2069 os

217 2090 434 2175 discipulorum,
456 2094 563 2149 vertex
583 2087 713 2169 collegii.
737 2088 826 2151 Unde
848 2098 879 2151 et
889 2092 1055 2172 negatione
1069 2089 1120 2153 de·
1153 2090 1156 2097 “

216 2175 267 2237 leta
287 2172 439 2255 promittit
459 2170 680 2252 praelationem
707 2172 842 2234 fratrum.
877 2172 917 2235 Et
937 2172 1071 2236 Homilia
1090 2174 1119 2239 8.

218 2252 247 2319 de
264 2256 471 2339 poenitentia:
495 2252 556 2316 Sed
578 2252 687 2315 eadem
701 2262 793 2317 noete
804 2257 910 2317 Petrus
934 2256 1037 2339 lapsus
1062 2263 1119 2335 est,

218 2348 240 2403 et
257 2338 432 2417 resurrexit,
450 2342 525 2419 post
542 2336 628 2396 illum
651 2344 712 2398 tarn
730 2358 855 2419 gravem
875 2359 978 2400 casum
1001 2354 1119 2401 rursum

219 2422 341 2485 eumad
369 2422 506 2503 priorem
532 2418 659 2501 gradum
688 2420 775 2482 duxit
794 2424 1001 2502 poenitentia,
1029 2427 1059 2483 et
1092 2422 1120 2484 ei

219 2526 261 2587 per
279 2510 377 2577 totum
400 2504 507 2565 orbem
528 2511 674 2564 terrarum
699 2505 849 2567 eeclesiae
883 2505 1119 2587 praesidentiam

219 2589 334 2673 indidit.
357 2588 409 2649 sic
430 2586 536 2669 glossa
558 2590 584 2649 1.
607 2586 671 2649 Pet.
693 2588 728 2653 5:
765 2589 885 2650 Pascite
907 2590 957 2669 qui
979 2590 1011 2649 in
1032 2586 1120 2651 vdbis

219 2668 346 2751 esl,'ait,
369 2670 449 2730 siout
469 2668 617 2729 Dominus
638 2670 696 2733 soli
717 2670 807 2733 Petro
831 2674 923 2734 totius
946 2672 1048 2753 gregis
1071 2691 1120 2733 cu-

217 2774 268 2817 ram
287 2754 405 2835 habere
434 2753 585 2837 commisit
607 2760 664 2813 etc.
701 2753 802 2830 Quare
828 2756 910 2836 prius
938 2756 1120 2836 promissum

217 2832 341 2913 Questus
363 2844 437 2897 tunc
457 2835 617 2915 praestitit.
640 2834 724 2911 Sicut
753 2844 784 2899 et
804 2839 837 2902 Β,
862 2838 1028 2919 Gregorius
1050 2857 1121 2899 con·

214 2916 332 2985 sentitz'
360 2915 445 2983 Oura
466 2918 559 2979 totius
582 2904 734 2981 ecciesiae
768 2929 799 2982 et
819 2922 1006 3003 principatus
1029 2921 1119 2982 Petro

215 3000 421 3080 committitur,
459 3000 591 3061 scilicet:
619 3000 716 3063 Pasee
749 3023 824 3065 oves
855 3024 948 3067 meas.
980 3000 1118 3079 Quodsi

215 3105 308 3155 coram
330 3105 394 3147 non
415 3091 646 3163 monstrassem,
669 3084 719 3146 ubi
742 3082 880 3149 Christus
903 3088 1047 3165 dedisset,
1070 3104 1120 3147 ve-

215 3170 275 3231 ritas
287 3178 394 3237 tamen
406 3166 526 3228 mentiri
547 3186 609 3228 non
631 3170 752 3249 poterit.
781 3168 926 3230 Etmulte
947 3176 1017 3231 sunt
1031 3170 1121 3249 iacta,
1189 3194 1192 3199 ·

216 3271 284 3331 quae
305 3272 370 3315 non
392 3260 464 3311 sunt
485 3251 611 3331 scripta,
641 3256 674 3311 ut
696 3252 852 3333 eleganter
873 3253 964 3314 docet
987 3253 1118 3315 Alexan·

216 3334 259 3397 der
279 3338 309 3401 3.
331 3354 377 3397 ea.
400 3333 477 3394 Cum
490 3332 628 3394 Marthae
651 3341 708 3398 ete.
747 3340 750 3349 '
1066 3346 1068 3351 '

286 3416 348 3480 Sed
365 3419 475 3479 iterum
492 3416 621 3499 opponit
634 3418 820 3479 reverendus
828 3418 932 3479 Pater:
956 3417 1035 3494 Quia
1050 3429 1122 3499 post

217 3499 335 3583 Spiritus
358 3500 457 3585 sancti
478 3500 654 3561 missionem
692 3500 791 3561 adhue
812 3499 917 3562 Petrus
938 3502 1121 3583 peccaverit.

244 3716 273 3780 1)
290 3715 322 3768 ln
340 3713 382 3769 ed.
395 3716 494 3785 origin.
513 3713 602 3769 deests
622 3719 744 3781 peccata.
764 3712 795 3775 2)
808 3710 876 3767 lbid.
896 3712 984 3767 deest:
1004 3728 1122 3767 mmmc-

220 3789 406 3843 norstioucm.
760 3820 768 3833 -

248 3854 278 3927 ⁶)
294 3857 472 3931 impasc-

858 3929 1031 4003 θ’.
