2709 4417
515 358 533 397 c
550 341 673 396 Notarils
690 346 815 411 excepta
1100 342 1142 407 45

216 533 267 615 put
296 527 367 588 eius
397 549 507 590 aurum
541 528 703 610 optimum,
733 529 862 609 Glossa,
891 536 998 610 caput,
1031 530 1141 610 idest,

218 611 367 688 cunctus,
390 613 479 692 Papa
492 632 568 674 vero
591 620 638 672 est
661 614 878 703 eiusvicarius.
899 614 932 673 ln
956 615 1141 676 consistorio

217 700 319 759 cutem
347 696 520 776 episcopus
549 703 579 757 et
600 698 731 756 vicarius
753 703 968 776 computantur
995 716 1050 777 pro
1081 716 1142 757 nnc

216 795 362 862 pomona,
382 778 634 861 undeappellare
655 799 674 839 a
692 781 807 840 vicario
822 779 861 839 cd
876 781 1054 859 episcopum
1077 799 1140 840 non

217 864 298 924 licet.

300 944 349 1003 De
362 925 577 1005 cardinalibus
599 962 672 1004 vero
686 943 762 1023 dixi,
786 944 867 1024 quod
888 964 978 1024 nuno,
1001 945 1062 1006 hoo
1083 953 1140 1022 est,
1201 957 1203 961 '

218 1031 305 1090 iuxta
327 1028 492 1087 ecclesiam
513 1027 576 1086 iam
597 1027 775 1105 institutam,
799 1028 910 1088 electio
932 1027 971 1087 cd
997 1028 1139 1087 Cardine·

220 1114 264 1172 lec
285 1112 422 1189 venerit,
458 1108 587 1170 Nicolao
616 1109 750 1188 quodam
784 1110 933 1170 Pontilice
969 1111 1140 1187 ordinante,

222 1203 324 1255 minen
347 1200 490 1273 tempore
511 1192 691 1272 Hieronymi
711 1194 806 1253 luisse
829 1194 1007 1254 Gordincles
1035 1192 1139 1271 credo,

223 1277 280 1337 nisi
300 1276 511 1356 Hieronymus
534 1293 595 1335 non
618 1277 709 1336 fuerit
730 1276 891 1356 presbyter
912 1275 1092 1337 Cardinalis.

303 1358 424 1433 Quarto
453 1359 492 1418 de
517 1356 683 1438 Cypriane.
719 1359 810 1420 Certe
840 1359 907 1419 fieri
935 1379 997 1419 non
1027 1367 1139 1438 potest,

225 1449 257 1502 ut
276 1442 306 1505 S.
328 1443 471 1522 Martyris
500 1440 594 1500 verba
620 1442 652 1500 in
673 1442 833 1502 Romanae
861 1441 1015 1502 dioecesis
1045 1461 1140 1522 angu-

225 1527 295 1585 stias
323 1530 471 1586 coarctet.
518 1521 598 1598 Quia
628 1526 807 1604 episcopum
830 1525 996 1584 Maximum
1019 1544 1058 1584 ex
1079 1525 1140 1584 Nu-

228 1607 324 1685 midia,
347 1627 429 1686 quae
449 1608 536 1687 regio
548 1615 595 1666 cst
608 1607 730 1668 Africae
751 1608 829 1668 ultra
840 1608 1007 1685 Atlantem,
1029 1614 1061 1666 ut
1071 1608 1139 1668 Pto·

228 1692 360 1752 lomaeus
383 1699 415 1750 et
436 1689 545 1751 Strabo
568 1697 692 1750 autores
713 1699 793 1769 sunt,
819 1690 857 1750 ad
876 1691 1005 1750 Romam
1028 1690 1140 1750 adven-

229 1780 331 1834 tcrmrt.
376 1772 466 1848 Quod
496 1791 568 1832 vero
599 1774 769 1853 Cyprianus
804 1773 978 1834 Cornelium
1016 1774 1139 1834 fratrem

230 1857 410 1937 appellavit,
432 1857 562 1917 arbitror
584 1857 759 1917 collectoris
780 1856 885 1931 fuisse,
907 1875 970 1917 non
994 1857 1139 1935 Cypriani

232 1948 371 2018 mentem,
395 1959 465 1999 nam
489 1939 515 1997 si
536 1946 711 1998 sanctorum
740 1941 955 2018 episcoporum
983 1939 1140 2018 Epistolas

189 2060 191 2075 2
233 2023 396 2103 legerimus,
419 2022 610 2082 inveniemus
634 2023 717 2082 clarc
739 2042 776 2082 ea
798 2030 983 2101 tempestate
1005 2023 1140 2083 usitatio·

231 2124 273 2166 res
301 2105 397 2166 brisce
426 2105 668 2184 conscriptiones
691 2104 759 2165 illas
780 2105 949 2166 laudabiles
972 2113 1003 2164 et
1024 2107 1139 2184 magni·

232 2187 311 2266 lices,
339 2208 433 2269 quarn
455 2186 548 2249 modo
570 2186 637 2265 fiat,
668 2188 760 2248 Rom.
782 2187 932 2270 Pontifici,
955 2195 987 2246 ut
1008 2188 1047 2247 de
1067 2188 1139 2246 Am·

189 2324 191 2351 Ξ
214 2273 342 2350 'brosio,
366 2271 560 2352 Augustino,
579 2270 713 2348 Hilario,
738 2272 909 2349 ceterisque
930 2271 1026 2349 liquet
1047 2271 1139 2331 Patri-

233 2353 287 2414 bus.
328 2354 408 2414 Nam
432 2361 536 2415 mutuo
560 2372 593 2413 se
615 2360 739 2413 vocant
751 2355 961 2431 beatissimos,
984 2354 1138 2413 sanctissi-

234 2456 307 2516 mos,
338 2437 408 2497 Deo
432 2437 667 2499 amabilissimos
688 2443 746 2499 etc.
790 2437 838 2497 Ad
867 2437 1041 2497 adiunctum
1070 2455 1139 2496 cau·

236 2528 319 2601 ntur,
358 2519 442 2599 quod
470 2538 614 2598 quaeram
642 2519 837 2598 diverticula,
876 2527 907 2580 et
928 2520 967 2580 ad
988 2540 1052 2580 rem
1076 2539 1139 2579 non

235 2604 418 2682 pertinentia:
440 2601 515 2662 Gom
528 2601 611 2662 bono
627 2604 719 2663 venia
732 2603 861 2664 libenter
871 2603 1014 2680 dicerem,
1035 2602 1139 2681 Turpe

235 2694 271 2746 est
289 2687 417 2747 Doctori
439 2693 496 2746 etc.
518 2685 600 2747 Petit
620 2705 639 2745 a
662 2705 720 2764 me,
744 2694 777 2745 ut
798 2687 925 2766 probem
947 2687 1068 2745 Petrum
1092 2704 1140 2745 or·

234 2769 344 2841 diocese
367 2769 500 2848 aliquem
522 2768 712 2847 apostolum,
738 2769 794 2830 sed
822 2771 883 2830 boc
908 2769 948 2829 cd
970 2769 1138 2828 institutum

189 2852 192 2883 ⁵
236 2856 358 2913 rostrum
382 2860 431 2911 est
450 2852 658 2929 impertinens.
680 2852 751 2912 Non
774 2854 855 2913 enim
867 2855 1050 2930 quaerimus,
1072 2853 1140 2931 quis

189 2994 191 2999 ,
236 2955 313 2995 unum
337 2941 392 2994 aut
411 2935 541 2994 ultorum
563 2934 725 3011 ordinavit,
748 2935 802 2995 sed
825 2938 892 3014 quic
908 2937 1068 3015 primatum
1090 2954 1138 2993 su·
1179 2938 1184 2948 ’

238 3037 280 3098 per
299 3018 376 3078 alios
399 3037 420 3077 a
439 3017 573 3078 Domino
590 3018 663 3079 lesu
686 3020 814 3097 accepit.
858 3019 1055 3096 subsequens
1075 3036 1138 3077 om·

240 3102 297 3162 nino
318 3120 443 3181 respuo,
466 3119 534 3161 cum
548 3101 721 3162 huiusmodi
738 3102 811 3162 fecit
831 3103 1017 3162 illationem:
1031 3100 1137 3160 Petrus

189 3248 191 3263 Ι
241 3184 338 3244 nullum
359 3186 460 3264 potuit
482 3184 622 3246 ordinare
645 3185 840 3264 apostolum,
876 3204 970 3264 quare
993 3202 1051 3244 nec
1072 3203 1138 3244 suc·

243 3285 328 3328 cossor
353 3267 436 3328 Petri
464 3285 673 3329 successorem
703 3267 827 3328 alterius
855 3269 955 3348 potuit
987 3268 1138 3350 ordinare,

243 3350 278 3410 rel
298 3369 385 3431 super
406 3369 446 3411 eo
468 3349 582 3412 bebere
602 3356 798 3430 potestatem.
840 3350 919 3410 Nam
949 3356 1137 3429 assumptum

246 3440 279 3492 est
296 3453 407 3511 verum,
428 3434 545 3494 illatum
567 3443 615 3494 est
637 3434 797 3495 manifeste
817 3434 944 3511 falsum,
968 3452 1036 3491 cum
1059 3452 1138 3492 sum-

189 3530 191 3561 ²
247 3533 296 3576 nus
315 3516 455 3578 Pontifex
476 3516 569 3577 modo
598 3524 783 3597 potestatem
810 3516 937 3594 habeat,
965 3521 998 3575 et
1018 3515 1140 3576 ordinet

189 3609 193 3645 t
248 3598 305 3660 alios
323 3603 498 3681 episcopos.
531 3601 644 3661 Verum
665 3602 744 3665 ratio
767 3599 922 3661 enodandi
945 3599 1060 3660 nodum
1082 3601 1139 3660 erit

249 3683 297 3758 istc,
315 3683 394 3760 quod
415 3683 607 3760 apostolatus
631 3682 777 3766 officium,
794 3683 1028 3746 brndcmentum
1042 3683 1151 3744 eccle·-

234 3761 286 3830 nae,
302 3763 375 3834 plns
395 3761 476 3836 dicit,
500 3781 592 3839 quam
605 3785 676 3828 esse
692 3769 893 3855 episcopum.
916 3768 1098 3850 Quarebco
1111 3770 1157 3832 il..

217 3847 361 3896 successor
378 3846 430 3898 est
445 3839 535 3902 Petn‘
551 3853 707 3935 apostoli,
733 3878 803 3922 nou
828 3861 1016 3946 apostolus.
