2709 4417
267 362 330 430 302
516 365 610 420 itesol
632 366 659 419 L.
680 359 764 436 super
782 370 978 439 Propositione

351 548 476 630 Quarta,
498 552 587 614 Rom.
612 555 659 616 13.
673 554 843 634 Apostolus
856 552 945 615 dicit:
969 548 1171 616 Omnist'dina

172 696 179 712 ,
268 633 474 713 potestatibus
504 635 729 697 sublimioribus
760 636 883 697 subdita
914 639 963 697 sit.
1006 636 1077 697 No'n
1108 640 1169 698 euin

269 723 316 777 est
337 724 485 797 potestas,
507 718 566 776 nisi
590 719 707 779 aDeo:
730 738 931 798 quaeeunque
953 727 1057 780 autern
1080 730 1099 778 a
1117 720 1168 783 Deo

269 807 353 879 sunt,
377 801 518 860 ordinata
539 806 619 862 sunt.
661 802 769 881 ltaque
790 804 841 882 qui
864 805 1011 863 resistunt
1031 804 1166 882 potestati,

268 882 325 942 Dei
348 882 532 943 ordinationi
554 885 714 944 resistunt:
748 886 798 963 qui
820 892 922 945 autern
944 885 1013 945 Deo
1035 885 1167 962 resistunt,

268 965 326 1045 ipsi
337 965 566 1026 damnationem
584 965 640 1025 sibi
653 969 823 1046 acquirunt.
865 966 932 1028 Hao
945 974 1031 1028 'certe
1053 970 1166 1029 omniun

267 1047 488 1125 robustissima,
511 1055 657 1127 quantum
673 1068 732 1130 ego
746 1051 846 1129 capio,
869 1070 964 1111 eausa
976 1070 1035 1111 nos
1048 1046 1166 1113 Romano

266 1130 404 1211 pontifici
429 1130 557 1191 subiecti
570 1150 684 1207 sumus,
706 1135 814 1212 inqua
838 1133 920 1192 olere
933 1134 1053 1211 asserit,
1074 1134 1166 1194 nullam

271 1221 456 1292 potestatem
470 1233 537 1274 mea
549 1234 617 1274 esse
630 1214 752 1294 quidem
769 1235 873 1296 posse,
895 1217 954 1275 nisi
978 1237 997 1275 a
1013 1214 1093 1280 Deo:
1108 1214 1166 1276 dun

267 1301 369 1355 autem
396 1296 527 1356 Romani
554 1297 709 1377 pontilicis
739 1305 876 1379 potestas
897 1300 959 1358 iam
983 1299 1023 1358 sit
1046 1298 1167 1360 robustis·

269 1379 346 1438 sime
368 1378 516 1456 stabilita,
547 1387 580 1438 ut
602 1380 757 1459 videmus,
789 1387 871 1441 oarte
903 1400 967 1441 non
991 1388 1108 1454 oportet
1124 1382 1167 1442 Dei

271 1460 495 1521 ordinationem
517 1461 598 1521 hano
610 1464 848 1544 impugnare¹):
871 1463 925 1523 sed
939 1470 1054 1543 quanta
1076 1472 1167 1544 quanta

270 1551 326 1623 est,
350 1543 506 1604 humiliter
516 1546 676 1622 sustinere,
700 1546 819 1607 etiamsi
841 1546 955 1607 iniusta
976 1556 1072 1626 esset,
1093 1555 1120 1608 et
1135 1549 1167 1607 iu·

268 1625 382 1687 dioium
404 1627 472 1687 Deo
495 1629 678 1707 relinquere.

350 1709 478 1787 Quinta,
511 1718 559 1771 est
581 1712 614 1772 B.
636 1710 744 1771 Petrus
767 1709 941 1789 doeens*),
965 1718 997 1772 ut
1018 1709 1124 1772 subditi
1140 1714 1168 1771 si-

267 1810 335 1852 mus
358 1795 441 1852 omni
463 1793 617 1856 humanae
634 1802 802 1874 creaturae,
825 1795 955 1874 quiasie
976 1800 1025 1854 est
1045 1794 1181 1861 solanus.

266 1874 334 1935 Dei.
387 1878 427 1935 At
455 1875 620 1936 humanam
654 1884 822 1937 ereaturam
859 1884 952 1937 voest
981 1878 1168 1957 magistratus,

265 1957 424 2018 hominum
438 1959 561 2019 arbitrio
573 1961 739 2038 institutos,
762 1966 794 2020 ut
808 1959 922 2019 clarum
935 1964 984 2020 est
998 1979 1038 2019 ex
1059 1964 1168 2038 sequen·

266 2041 357 2119 tibus,
380 2042 429 2101 ubi
454 2041 542 2102 dieit‘:
567 2041 638 2102 Sive
651 2045 715 2124 regi
732 2052 875 2123 tanquam
888 2042 1098 2123 praecellent-i,
1117 2045 1170 2101 sire

266 2122 405 2201 ducibus,
429 2132 572 2203 tanquam
597 2124 636 2185 ab
650 2141 688 2185 eo
702 2126 812 2186 missis.
857 2125 933 2186 (lum
957 2133 1061 2185 autem
1085 2124 1170 2184 etRo·

266 2207 351 2266 mani
373 2204 527 2286 pontificis
550 2212 735 2287 potestatem
758 2207 940 2269 arbitremur
980 2207 1112 2268 humano
1132 2205 1171 2266 de·

266 2298 351 2350 orato
374 2296 532 2369 statutam,
572 2297 603 2349 et
636 2291 798 2352 ordinante
826 2292 894 2352 Deo
926 2292 973 2351 aio
1001 2292 1172 2364 roboratam,

264 2373 330 2432 sine
352 2374 476 2433 erimine
498 2379 628 2448 nonest,
652 2376 701 2453 qui
724 2394 792 2434 sese
814 2392 869 2435 sua
891 2373 1058 2435 autoritate
1071 2372 1099 2450 ²)
1115 2372 1170 2433 sub·

264 2454 394 2516 duxerit.

348 2538 450 2612 Sexta,
474 2537 512 2598 ad
535 2538 680 2599 hoofaoit
692 2558 770 2598 unus
792 2537 845 2598 ille
860 2553 1032 2601 consensus
1046 2540 1167 2600 omnium

265 2619 409 2700 fidelium,
433 2623 483 2701 qui
505 2621 597 2682 hodie
615 2622 669 2683 sub
684 2623 825 2683 Romano
840 2622 988 2702 pontifioe
1003 2629 1083 2686 sunt.
1103 2620 1168 2681 Nam

265 2723 333 2764 oum
355 2713 493 2786 potestas
523 2704 576 2764 illa
600 2707 638 2766 sit
664 2725 713 2765 res
737 2705 914 2785 temporalis
946 2708 977 2766 et
997 2706 1092 2786 longe
1113 2705 1169 2764 sub-

263 2787 412 2848 mittenda
435 2789 542 2848 unitati
565 2786 718 2867 fidelium,
744 2807 806 2848 non
833 2789 899 2849 sine
920 2789 1100 2849 foedissimo
1126 2789 1170 2847 ari·

265 2871 346 2930 mine
368 2889 436 2931 esse
459 2872 581 2950 poterit,
604 2873 627 2931 si
650 2877 779 2952 propter
796 2890 860 2931 rem
876 2871 1079 2952 temporalem
1101 2870 1190 2945 hunax

265 2960 311 3014 tot
332 2952 467 3013 fidelium
491 2973 684 3014 communem
703 2972 825 3014 sensum
842 2954 1030 3036 despexerit,
1052 2954 1112 3015 hoo
1124 2961 1168 3029 est,

264 3035 416 3097 Christum
432 3036 605 3117 negaverit,
629 3045 660 3097 et
676 3038 839 3097 eeclesiam
857 3038 1089 3117 contempserit.
1130 3038 1168 3097 An

263 3120 411 3199 possibile
426 3127 481 3196 est,
506 3119 657 3180 Christum
676 3138 738 3179 non
763 3138 831 3179 esse
854 3120 933 3180 inter
955 3127 1001 3181 tot
1024 3139 1062 3180 aa
1080 3125 1168 3180 tantos

263 3201 472 3263 Christianos?
497 3202 528 3263 Si
550 3210 651 3262 autem
672 3202 809 3263 Christus
830 3203 872 3263 ibi
894 3210 942 3263 est
963 3210 995 3264 et
1006 3203 1170 3278 Christiani,

263 3303 332 3345 eum
356 3285 477 3345 Christo
501 3293 530 3344 et
556 3285 735 3346 Christianis
758 3284 898 3345 standum
928 3288 1029 3348 estin
1052 3304 1169 3366 quaeun-

263 3386 322 3447 que
344 3389 391 3447 re,
423 3386 502 3447 quae
525 3374 633 3430 eontra
655 3368 712 3428 Dei
735 3376 932 3449 praeceptum
955 3389 1019 3433 non
1043 3370 1137 3433 fuerit.

345 3452 445 3530 Haeo,
473 3452 617 3533 inquam,
638 3452 716 3512 ratio
740 3453 826 3512 fortis
850 3459 912 3527 est,
944 3460 975 3513 et
997 3451 1167 3528 insolubilis,

262 3542 294 3595 et
324 3553 363 3594 ex
391 3536 428 3594 iis
450 3540 581 3614 possunt
607 3535 722 3595 multae
741 3535 829 3595 ¹aliae
851 3535 990 3597 iormari:
1031 3537 1102 3616 quin
1122 3535 1169 3594 huo

288 3746 323 3815 1)
343 3745 376 3800 in
398 3747 440 3803 ed.
462 3749 574 3819 priore:
600 3750 677 3799 carte
696 3739 1101 3820 oportetbsrtordxnntmm
1110 3740 1174 3789 m,

219 3894 221 3898 ,
241 3837 311 3968 Πθξ)
324 3824 512 3956 ῘΤΡὲἕξατὲ.
553 3821 583 3890 2)
603 3816 697 3874 ibide.
717 3828 789 3868 suae
807 3813 962 3862 autoritati.
