2709 4417
452 337 524 391 Xlll.
546 335 581 390 de
600 339 735 405 potestate
755 333 853 402 Papae.
1053 327 1112 394 321

200 524 221 577 rt
256 538 367 582 omnes
401 540 458 583 noe
490 521 619 582 ludibrio
653 538 855 599 exponamus.
898 518 1005 597 Neque
1032 519 1113 577 enim

200 619 261 661 tum
283 602 346 663 illis
364 608 473 681 sentio,
496 605 718 683 quiRomanos
734 599 897 681 pontifices
911 619 972 661 nou
994 619 1113 660 errasse

200 692 321 761 putant,
356 694 387 745 et
419 687 501 768 apud
523 705 578 748 eos
609 686 694 746 solos
724 703 793 745 esse
815 703 917 743 verum
940 683 1115 763 scripturae

200 767 449 848 ntelligentiam,
474 788 542 829 cum
565 769 659 848 longe
682 768 867 828 contrarium
889 766 939 826 hio
960 778 991 825 et
1013 766 1115 826 multis

200 848 263 910 eliis
286 851 364 911 locis
385 851 533 913 videatur.
574 850 723 912 Homines
746 850 883 926 fuerunt,
912 851 991 909 sicut
1012 856 1044 908 et
1066 866 1115 907 ce·

200 933 252 992 teri
274 934 423 1014 episcopi.

278 1015 388 1094 Neque
411 1036 486 1077 sene
507 1015 624 1097 grande
639 1015 816 1075 miraculum
840 1021 896 1091 eet,
919 1021 1043 1074 sanctos
1058 1013 1115 1073 hos

200 1096 362 1176 pontifices
384 1100 520 1159 humane
539 1098 716 1159 infirmitate
738 1098 795 1157 sibi
818 1096 984 1156 ambivisse
1006 1096 1116 1175 prima·

203 1189 271 1259 tum,
293 1181 417 1260 quando
440 1190 471 1243 et
492 1183 551 1261 ipsi
573 1181 709 1260 apostoli
732 1186 895 1259 praesente
908 1179 1028 1239 Christo
1052 1197 1115 1238 non

206 1263 296 1322 solum
319 1264 529 1342 ambivernnt,
563 1263 618 1324 sed
652 1264 744 1323 etiam
773 1281 835 1322 non
864 1262 960 1322 semel
982 1263 1062 1321 iuter
1083 1278 1117 1320 se

208 1345 441 1426 contenderunt,
475 1349 541 1426 quie
575 1365 681 1406 eorum
705 1345 859 1405 videretur
881 1346 988 1406 meior.
1033 1343 1118 1405 Siout

210 1445 272 1508 ergo
287 1428 426 1489 Christus
448 1429 580 1510 benigne
602 1429 671 1488 tulit
693 1447 798 1488 eorum
817 1428 1049 1502 humanitatem,
1073 1427 1117 1485 itu

210 1517 234 1569 et
250 1511 383 1572 ecclesia
414 1512 518 1572 talium
548 1510 727 1591 pontificum
762 1510 941 1570 ambitionis
972 1508 1117 1587 reliquiae

210 1591 338 1654 serendas
363 1594 453 1655 discit
474 1601 506 1655 et
523 1594 654 1654 Decreta
677 1593 830 1654 eiusmodi
853 1593 923 1653 ideo
947 1611 1011 1653 non
1033 1592 1117 1670 peni·

210 1684 248 1736 tus
269 1678 378 1740 reiicit.
426 1677 484 1737 illis
507 1696 599 1758 porro
623 1683 654 1737 et
676 1677 816 1737 manibus
838 1682 870 1735 et
892 1675 1021 1754 pedibus
1043 1675 1116 1734 resi·

205 1758 341 1818 siendum
364 1766 427 1836 est,
469 1763 519 1839 qui
547 1779 610 1821 non
641 1760 796 1831 contenti,
830 1757 913 1837 qnod
942 1754 1115 1817 huiuamodi

203 1838 332 1902 Decreta
353 1841 507 1903 humiliter
527 1843 668 1915 ierimus,
691 1841 746 1901 sed
769 1860 806 1901 eo
820 1842 984 1918 insaniunt,
1006 1846 1039 1898 ut
1053 1847 1118 1898 tan-

199 1939 291 1999 quam
315 1942 378 1984 non
401 1925 440 1984 sit
461 1925 538 1985 alins
559 1927 590 1984 in
610 1924 766 2004 Scriptura
787 1942 905 2002 senene,
928 1942 965 1982 ea
988 1941 1044 2003 pro
1067 1941 1131 1985 ne·.

199 2008 340 2066 cesseriis
362 2008 499 2067 articulis
531 2007 603 2068 fldei
637 2007 728 2066 nobis
765 2009 901 2082 sancire,
936 2012 967 2064 et
993 2023 1116 2065 omnem

199 2087 290 2148 elium
314 2108 439 2149 sensum
451 2090 636 2150 haereticum
661 2090 852 2169 proclamare
868 2086 992 2162 audent,
1015 2088 1119 2147 omnio

199 2171 263 2232 tine
277 2172 343 2232 ullo
355 2170 469 2233 iudicio
482 2173 631 2254 legentes.
675 2171 743 2246 Qua
756 2173 928 2232 temeritate
941 2170 1117 2229 necessario

199 2253 326 2315 tandem
348 2253 391 2331 lit,
414 2261 446 2314 ut
468 2256 637 2335 legitimum
654 2253 766 2315 christi
786 2274 908 2314 sensum
931 2255 1117 2327 amittemus,

199 2346 226 2397 et
247 2339 282 2396 in
303 2337 471 2397 humanum
492 2338 646 2399 arbitrium
669 2345 702 2398 et
722 2356 846 2399 arenam
870 2335 1074 2397 aedificemur.

285 2419 318 2480 Si
342 2420 423 2480 enim
444 2439 549 2480 verum
572 2428 668 2496 esset,
691 2420 774 2499 quod
796 2421 846 2480 hic
867 2419 929 2480 Leo
952 2420 1011 2478 iste
1033 2417 1117 2495 dicit,

199 2510 226 2562 et
248 2509 398 2581 tanquam
433 2501 537 2564 divino
567 2511 734 2582 praecepto
766 2505 830 2562 eius
853 2501 952 2561 verbis
976 2500 1118 2560 obedien·

199 2583 271 2645 lum
294 2592 394 2657 esset,
416 2586 478 2644 iam
500 2594 566 2645 tote
578 2586 736 2647 orientalis
758 2586 891 2645 ecclesia
912 2584 951 2644 ab
971 2584 1057 2643 initio
1072 2584 1118 2642 sui

199 2667 357 2746 usquead
380 2667 471 2728 finem
495 2670 601 2729 luisset
622 2687 730 2728 exsors
754 2668 847 2728 divini
870 2668 1016 2746 mysterii,
1048 2667 1119 2745 quia

199 2772 355 2832 nunquam
376 2752 431 2812 sub
453 2752 584 2814 Roman.
605 2753 757 2812 ecelesiae
778 2758 933 2831 potestate
952 2749 1017 2812 fuit.
1058 2748 1119 2809 To·

198 2835 344 2898 lerandus
366 2836 470 2914 itaque
491 2853 576 2894 error
597 2835 684 2895 huius
698 2835 819 2908 Leonis,
842 2854 903 2895 non
927 2843 1029 2893 autern
1051 2851 1118 2912 pro·

198 2929 267 3000 pter
289 2937 360 2978 enm
383 2916 460 2978 alins
482 2925 514 2977 et
534 2919 635 2978 verior
656 2936 764 2978 sensus
786 2916 1013 2996 relinquendus.

285 2999 446 3060 Secundus
468 3007 515 3060 est
527 2999 590 3060 Leo
613 3001 663 3061 lv.
688 3000 820 3062 distinct.
842 3005 890 3065 ¹20.
915 3019 940 3059 e.
963 3000 1010 3059 De
1032 2997 1118 3057 libel·

199 3086 247 3163 lis,
271 3082 395 3144 dicens:
419 3082 517 3157 Quam
541 3084 581 3143 ob
603 3103 727 3143 censam
751 3085 931 3144 luculentius
954 3091 985 3142 et
1008 3099 1120 3160 megna

199 3185 279 3228 voce
300 3167 505 3244 pronunciare
535 3184 596 3226 non
625 3169 734 3227 timec:
772 3169 844 3244 quie
865 3167 916 3245 qni
946 3166 999 3225 illa
1022 3167 1119 3242 (quae

200 3248 354 3331 diximus)
379 3256 553 3308 sanctorum
566 3248 688 3310 Petrum
711 3257 834 3324 statuta,
857 3268 936 3329 qnae
958 3246 1038 3326 apud
1062 3264 1119 3304 noe

201 3333 364 3394 (lenonum
388 3332 512 3391 nomine
530 3333 773 3411 praetitulentur,
798 3333 863 3391 sive
886 3333 926 3391 sit
946 3332 1120 3411 episcopus,

201 3417 267 3475 sive
291 3413 437 3490 clericus,
459 3415 524 3472 sive
546 3414 651 3492 laicus,
673 3416 739 3474 nori
757 3414 963 3475 indifferenter
984 3413 1120 3488 recipere

202 3498 405 3574 convincitur,
427 3514 485 3556 nec
505 3498 700 3573 catholicum,
723 3517 781 3558 nec
798 3497 999 3578 apostolicam
1018 3493 1120 3566 iidem,

201 3603 259 3646 neo
280 3591 412 3667 quatuor
434 3585 596 3662 evangelia
617 3584 730 3643 utiliter
751 3591 782 3642 et
803 3581 988 3655 efficaciter,
1019 3578 1058 3637 ad
1080 3576 1122 3635 el·

202 3669 315 3731 testum
336 3685 424 3728 suum
446 3667 587 3744 retinere,
608 3665 659 3727 vel
680 3665 805 3726 credere
828 3663 982 3744 probatur.

285 3753 366 3811 Vere
386 3751 478 3809 nimis
498 3751 573 3811 nihil
596 3751 702 3829 times,
734 3750 777 3809 mi
797 3747 882 3826 Leo,
908 3745 1130 3825 pronunciare,

198 3831 310 3890 audens
338 3831 475 3893 bumana
495 3840 618 3896 statute
644 3834 827 3919 evangeliis
849 3847 1010 3912 aequare,
1038 3834 1076 3886 et
1089 3843 1144 3883 eu·

201 3943 296 3982 nunes
309 3954 361 3994 opp.
379 3947 403 3986 r.
418 3949 448 3988 a,
463 3950 495 3990 ιιι
510 3953 553 3992 rer.
570 3953 628 3996 ursi.
644 3957 664 3998 ι.
681 3970 706 4009 μ
720 3958 780 3999 voa
792 3957 840 3998 ιιι.
969 3929 1022 3994 Ἃ
