2709 4417
275 359 340 427 290
511 342 605 413 niti.
624 357 653 410 n
670 370 755 425 super
772 354 963 423 rsopoesusn.

283 527 436 606 divinum,
458 526 592 604 scilieet,
628 544 668 587 ne
691 523 820 589 solliciti
841 524 902 585 sint
924 521 965 583 de
986 521 1127 598 orsstino,
1144 528 1172 585 ut
1215 534 1221 589 ’ς

281 609 389 673 Metth.
401 612 430 674 6.
454 608 555 671 docet.
601 607 793 688 Impossibile
807 613 856 668 est
869 606 964 682 enim,
986 623 1008 665 e
1028 608 1115 668 tutet
1128 609 1170 667 ltu

278 693 408 755 remotis
420 690 532 752 finibus
550 692 689 764 terree1)
715 696 833 750 tentum
845 689 904 749 iter
913 685 1029 749 eonfloi
1050 684 1088 749 eb
1104 684 1173 764 tis),
1209 694 1211 699 '

279 777 330 854 qui
352 776 438 835 iuxta
462 773 656 854 evangelium
669 771 792 833 solliciti
816 790 879 833 non
901 776 976 831 sunt
997 768 1037 829 de
1059 768 1173 848 cresim,

279 877 342 919 non
367 857 447 916 enim
470 856 629 917 habebunt
650 863 798 936 sumptus.
1155 904 1157 911 .
1212 860 1221 910 Ἀ

360 939 392 1001 Si
407 938 483 999 diois
492 939 542 1014 ³):
566 938 673 1001 Potest
686 937 844 999 Romanus
858 935 1002 1016 pontifex
1014 934 1176 997 committere
1207 959 1221 1012 'r

281 1023 389 1083 vicinis
405 1023 561 1103 episeopis
573 1027 759 1101 potestatem
782 1037 880 1096 suem,
902 1016 1095 1097 respondeo:
1113 1014 1177 1077 'lure

282 1123 344 1165 non
368 1105 425 1164 erit
448 1105 495 1165 ius
518 1103 654 1165 divinum
681 1122 721 1162 ex
743 1101 818 1164 urbe
839 1101 943 1163 Βοωα
965 1101 1124 1180 episeopos
1140 1117 1177 1178 pe
1213 1103 1221 1177 i

282 1195 358 1266 tere,
373 1187 452 1266 ‚quie
473 1186 520 1245 ius
542 1186 676 1246 divinum
699 1204 763 1245 non
778 1191 883 1264 potest
900 1184 1012 1243 muteri
1034 1189 1086 1243 eut
1103 1188 1178 1245 trem

283 1269 354 1329 ferri
377 1269 408 1328 in
421 1267 513 1330 elium
535 1269 574 1329 ab
598 1288 646 1348 eo,
670 1269 756 1327 euius
777 1267 834 1328 e'st.
877 1265 918 1327 Et
939 1285 994 1326 eur
1015 1264 1178 1343 hodieque
1218 1318 1221 1343 ἶ

305 1349 383 1428 ue4)
420 1351 603 1415 Primetibus
639 1369 700 1411 non
734 1350 853 1413 confert
883 1348 966 1409 hene
994 1345 1178 1427 potestttenl

281 1371 362 1509 &uid
384 1435 466 1493 enim
500 1435 550 1493 hie
571 1433 697 1511 obstet,
736 1433 796 1492 nisi
828 1431 1047 1493 detrimentum
1078 1429 1179 1491 luuiet

281 1515 468 1597 gretise⁵)?

363 1597 426 1660 Sed
447 1597 529 1680 finge
550 1597 684 1676 aliquam
717 1596 881 1657 eoolesism
909 1596 949 1656 eb
971 1594 1109 1658 hostibus
1127 1612 1178 1674 etp
1216 1623 1221 1678 ':

282 1690 362 1759 tem,
385 1687 503 1742 utnon
526 1681 625 1760 possit
646 1680 686 1740 ed
707 1679 839 1743 Romam
863 1680 984 1739 mittere
1006 1697 1063 1758 pro
1085 1678 1178 1757 episto

283 1783 333 1844 po.
377 1761 457 1838 Quid
478 1761 528 1823 hio
549 1761 663 1822 foetet?
687 1761 719 1823 Si
742 1770 789 1822 est
809 1764 856 1822 ius
869 1760 1019 1838 divinum,
1043 1761 1179 1841 eaptiribs
1217 1790 1221 1797 ·

284 1866 345 1907 non
369 1852 506 1906 exouset.
550 1847 598 1904 lus
632 1844 876 1906 enim-divinum
905 1852 955 1904 est
977 1844 1055 1905 nulli
1074 1844 1114 1905 rei
1131 1841 1179 1903 stt
1212 1838 1221 1845 ”

304 1938 398 2006 etum,
420 1927 475 1989 sed
497 1946 589 2007 super
611 1928 714 1987 omnia
737 1925 985 2006 omnibusque⁸)
1011 1924 1180 1988 serrendm.
1215 1937 1217 1948 '

282 1950 313 2072 gi
337 2010 428 2071 diois:
452 2008 570 2071 Sufficit
590 2017 695 2070 votum
719 2010 873 2088 mittendi,
895 2009 982 2070 dieo:
1006 2008 1068 2071 (lur
1087 2014 1180 2069 none

283 2096 313 2153 in
337 2093 405 2154 eliis
419 2090 646 2173 episeopstibus
658 2093 719 2153 hoo
730 2099 835 2155 votum
852 2091 976 2170 suffieit,
999 2093 1052 2171 qui
1066 2091 1180 2152 exhausi

283 2190 367 2255 sunt,
403 2182 517 2236 ettam
541 2175 633 2254 longe
655 2194 674 2239 s
695 2174 796 2237 Rome
817 2175 926 2254 positi,
956 2183 991 2235 nt
1012 2192 1121 2254 magno
1140 2190 1181 2232 suo

284 2259 467 2400 detrimentp
506 2258 631 2338 (eontra
668 2257 845 2338 ceritatem)
870 2259 1066 2338 episcopum
1102 2273 1183 2317 emere

285 2361 321 2402 eo
345 2348 435 2401 entur

324 2362 344 2421 g
367 2422 519 2499 Secundo,
542 2423 677 2500 sequitur
698 2442 738 2482 ex
760 2422 854 2485 verbo
875 2420 973 2500 Pauli,
995 2428 1058 2501 quo
1081 2419 1184 2482 cuilibet

285 2507 400 2567 civitati
424 2507 604 2585 episeopum
627 2503 732 2566 tribuit
755 2505 825 2584 (qui
852 2523 933 2565 nuno
954 2504 1080 2585 plebani
1100 2503 1184 2562 dieun-

284 2591 362 2667 tur'),
385 2591 560 2669 episcopos,
574 2587 771 2667 patriarchas,
784 2588 939 2667 primates,
959 2588 1010 2666 qui
1022 2586 1112 2648 hodie
1122 2591 1185 2660 sunt,

288 2691 357 2732 esse
378 2671 451 2731 iuris
473 2670 597 2731 humani
617 2677 743 2740 tentum,
765 2670 847 2748 quod
865 2678 897 2731 et
906 2670 1041 2731 Deoreto
1061 2668 1186 2743 indieent,

287 2754 396 2835 quibus
416 2753 506 2816 Rom.
530 2752 691 2833 pontifices
714 2751 771 2812 sibi
793 2751 927 2813 tribuunt
948 2753 1085 2813 omnium
1107 2749 1187 2813 eoele·

287 2838 400 2898 siarum
416 2845 447 2897 et
468 2836 650 2915 dignitatum
673 2836 940 2914 constitutionem,
963 2845 1058 2915 utque
1077 2836 1119 2895 ite
1136 2835 1188 2894 iure
1220 2848 1221 2853 ’

285 2920 388 2981 divino
429 2919 511 2998 Pepe
546 2917 622 2978 nulli
645 2925 693 2978 est
715 2919 855 2997 superior
876 2919 1022 2996 omnino,
1057 2925 1109 2978 eut
1128 2915 1188 2976 solis

287 3002 428 3084 plebanis
444 3003 588 3081 superior
610 3008 666 3063 est.
710 3000 828 3061 (leteris
850 3001 958 3061 mediis
980 3019 1018 3061 ee
1039 2998 1190 3061 maioribus

285 3104 341 3145 suo
354 3086 419 3145 iure
432 3093 463 3144 et
474 3103 529 3144 usu
543 3084 683 3163 superior
695 3091 751 3159 est,
776 3101 837 3162 quo
861 3092 893 3144 et
905 3081 1131 3147 Oerdinelibns.
1150 3081 1190 3141 At-

287 3187 348 3250 que
370 3174 403 3228 ut
425 3166 574 3247 plebanus
597 3166 685 3226 elteri
714 3185 776 3227 non
806 3166 975 3246 praefertur
1003 3167 1070 3226 iure
1091 3165 1192 3238 divino,

284 3253 327 3310 ite
348 3269 407 3310 neo
429 3250 507 3308 ullus
531 3250 698 3329 episeopus
721 3249 774 3308 ulli
788 3251 946 3329 episeopo.
991 3248 1104 3314 Omnis
1124 3248 1192 3309 enin

285 3332 364 3394 heeo
385 3351 440 3412 per
462 3331 625 3392 ecelesiam
652 3331 795 3392 ordinate
817 3338 898 3394 sunt.

367 3415 415 3475 Ex
437 3434 497 3494 quo
521 3414 645 3476 ulterius
671 3415 818 3494 sequitur,
842 3414 925 3493 quod
948 3433 1018 3475 oum
1043 3433 1121 3475 unus
1146 3413 1195 3475 no-

287 3517 392 3559 monus
415 3499 580 3578 episeopus
614 3516 676 3557 non
710 3499 810 3577 possit
832 3499 969 3559 omnium
993 3497 1196 3578 peroobieruu

325 3635 633 3645 mua-m.—

321 3705 351 3770 1)
374 3704 402 3756 ln
415 3703 476 3757 edd.
489 3700 574 3773 origs.
592 3701 873 3754 etotbnibusterree.
889 3699 1159 3763 ‘tlibidaeontieere
1169 3699 1198 3752 eb

275 3777 321 3832 iis.
360 3777 396 3844 3)
419 3777 508 3834 ibide
532 3776 619 3831 dites·
659 3773 693 3839 bl
711 3772 807 3822 lmus.
831 3785 879 3821 eur
902 3783 965 3818 non
984 3769 1078 3819 brebie
1102 3783 1216 3830 numme.

268 3854 306 3917 5}
331 3852 421 3910 [bid-t
443 3852 571 3926 gloriae.
607 3848 641 3910 bl
664 3842 759 3898 lutee.
775 3844 811 3892 in
828 3835 1032 3897 stetimusque.
